3192 5017
494 235 581 305 38
1491 251 1913 307 mmmmm.

586 427 876 517 Thucyd.
926 429 1034 497 IV.
1087 428 1192 497 75.
1242 432 1292 496 οἱ
1341 432 1457 496 τῶν
1493 429 1922 512 ώργνρολόγων
1955 429 2150 518 (νεῶν)
2189 425 2525 503 Ἀθηναίων
2550 423 2884 506 ςρατηγοί.

494 534 756 622 Optime
800 535 1187 603 Herwerden
1236 545 1374 603 νεῶν
1414 541 1707 604 inseruit.
1754 537 1899 604 Non
1938 537 2124 603 aliter
2162 538 2334 601 enim
2376 533 2599 601 solent.
2631 532 2744 598 IV.
2774 531 2890 598 50.

494 638 581 715 εἷς
629 649 745 708 τῶν
791 644 1222 724 ἄργυρολόγων
1260 651 1398 710 νεῶν
1448 643 1783 720 Ἀθηναίων
1818 643 2157 724 ςρατηγός.
2204 642 2329 707 ΠΙ.
2364 641 2467 707 19.
2511 640 2894 723 ἐξέπεμψαν

496 750 600 814 καὶ
653 748 755 814 ἐπὶ
807 751 947 823 τοὺς
995 748 1374 831 ξυμμάχους
1426 750 1880 833 ἀργυρολόγους
1929 755 2075 823 ναῦς
2127 748 2358 815 δώδεκα
2404 747 2511 814 καὶ
2561 749 2893 815 Λυσικλέα

497 855 782 935 πέμπτον
832 857 1018 924 αὐτὸν
1069 857 1404 940 ςρατηγόν.

589 1069 881 1158 Thucyd.
944 1070 1055 1137 IV.
1120 1067 1226 1136 77.
1292 1068 1355 1135 2.
1421 1070 1490 1135 τὸ
1539 1069 1948 1154 ξυμμαχικὸν
1998 1070 2068 1137 τὸ
2119 1071 2396 1137 ἐκείΝΗΙ
2446 1072 2594 1134 πᾶν.
2643 1067 2900 1137 Adver-

497 1177 681 1243 bium
748 1177 869 1243 hoc
939 1177 1065 1243 loci
1130 1177 1481 1243 formatum
1550 1184 1627 1244 ut
1687 1179 1890 1260 ταύτῃ
1949 1179 2186 1243 Atticis
2250 1183 2346 1242 est
2409 1176 2775 1242 inauditum
2827 1180 2899 1241 et

492 1285 732 1370 ubique
772 1283 1272 1353 convertendum
1317 1285 1386 1349 in
1434 1283 1583 1349 ἐκεῖ.

586 1494 880 1583 Thucyd.
941 1495 1049 1562 IV.
1118 1494 1224 1563 78.
1289 1494 1351 1561 2.
1419 1500 1528 1573 τὴν
1589 1498 1717 1577 γὰρ
1777 1498 2140 1563 Θεσσαλίαν
2204 1537 2284 1547 --
2338 1501 2444 1565 οὐκ
2506 1497 2754 1577 εὔπορον
2823 1492 2897 1571 ἦν

497 1601 707 1667 διιέναι
755 1600 901 1667 ἄνευ
950 1603 1207 1682 οὶγωγοῦ
1258 1602 1430 1689 [καὶ]
1478 1603 1615 1682 μεθ’
1663 1599 1866 1669 ὅπλων
1913 1628 1992 1683 γε
2041 1604 2138 1679 δή.
2187 1604 2502 1670 Additum
2551 1604 2660 1670 καί
2699 1606 2899 1670 vitiat

496 1708 623 1774 loci
693 1711 1097 1775 sententiam.
1169 1710 1442 1777 Putavit
1510 1709 1743 1796 aliquis
1813 1708 1962 1776 ἄνευ
2032 1712 2292 1790 οὶγωγοῦ
2355 1717 2420 1777 et
2480 1713 2618 1790 μεθ’
2684 1707 2898 1776 ὅπλων

503 1815 840 1880 coniuncta
884 1836 1019 1883 esse
1064 1836 1268 1902 neque
1310 1816 1631 1882 intellexit
1674 1816 1828 1903 quid
1876 1823 2039 1884 esset
2083 1843 2163 1898 γε
2214 1817 2308 1893 δή.

590 2027 879 2115 Thucyd.
927 2027 1035 2093 IV.
1089 2026 1195 2095 78.
1248 2027 1311 2094 3.
1360 2030 1410 2093 εἰ
1457 2029 1547 2108 μὴ
1593 2027 1886 2112 δυναςείᾳ
1932 2033 2182 2107 μᾶλλον
2229 2030 2264 2106 ἢ
2307 2029 2585 2114 ἰσονομία
2623 2030 2894 2109 ἐχρῶντο

499 2134 570 2200 τὸ
641 2136 933 2217 ἐγχώριον
1004 2136 1055 2200 οἱ
1129 2135 1461 2201 Θεσσαλοί.
1534 2135 1635 2201 Ad
1695 2134 1766 2200 τὸ
1829 2134 2123 2215 ἐγχώριον
2181 2134 2540 2203 Scholiasta
2584 2140 2891 2202 annotat:

501 2241 835 2322 ἐγχωρίοις.
899 2241 1092 2327 idque
1154 2241 1581 2307 Herwerdeno
1637 2244 1791 2307 satis
1850 2247 1964 2306 est.
2061 2240 2188 2308 Sed
2234 2246 2378 2328 quis
2425 2245 2517 2308 sic
2562 2238 2896 2327 loquitur?

499 2353 566 2413 et
613 2347 803 2436 longe
850 2349 1178 2416 diversum
1228 2355 1324 2414 est
1370 2348 1538 2433 quod
1584 2350 1654 2412 in
1700 2346 1895 2413 Pluto
1941 2346 2219 2436 legitur:

1045 2456 1260 2520 ἀσκεῖν
1307 2456 1409 2520 τὸν
1457 2454 1579 2519 υἱὸν
1625 2454 1729 2519 τὸν
1777 2455 2095 2534 ἐπιχώριον
2142 2454 2377 2536 τρόπον.

589 2560 1085 2647 Praepositionis
1132 2564 1365 2648 siglam
1411 2561 1809 2626 intercidisse
1855 2564 2139 2646 suspicor
2184 2567 2249 2627 et
2284 2561 2632 2650 legendum
2661 2563 2893 2646 (κατὰ)

500 2669 571 2732 τὸ
621 2667 938 2747 ἐγχώριον.
986 2667 1107 2733 VI.
1155 2666 1264 2734 27.
1315 2667 1426 2731 εἰσὶ
1478 2665 1541 2732 δὲ
1589 2666 1762 2731 κατὰ
1805 2668 1873 2732 τὸ
1923 2667 2236 2749 ἐπιχώριον
2284 2706 2370 2717 --
2410 2667 2628 2733 πολλοὶ
2679 2667 2786 2732 καὶ
2833 2671 2896 2733 ὲν

501 2771 667 2846 ἰδίοις
716 2772 1013 2853 προθύροις
1061 2773 1165 2838 καὶ
1214 2773 1275 2838 ἐν
1326 2771 1519 2854 ἱεροῖς.

592 2982 880 3070 Thucyd.
932 2983 1041 3049 IV.
1102 2982 1212 3049 80.
1283 2983 1536 3065 ἤλπιζον
1607 2983 2001 3064 ώποΤρέψειν
2073 2983 2322 3056 αὐτούς.
2397 2983 2893 3050 confunduntur

501 3094 740 3178 passim
794 3092 962 3155 inter
1024 3111 1092 3156 se
1138 3089 1382 3170 τρέψειν
1432 3128 1515 3139 -
1565 3089 1810 3171 τρέψειν
1858 3099 1924 3156 et
1969 3088 2196 3171 τρέψαι
2247 3128 2332 3139 --
2379 3089 2626 3171 τρέψαι.
2702 3092 2895 3156 Ἀπο-

502 3198 741 3278 τρέπειν
789 3202 885 3262 est
929 3209 1227 3274 avertere,
1276 3197 1565 3284 depellere
1611 3221 1652 3261 a
1698 3219 1760 3262 se
1805 3197 2150 3262 imminens
2196 3195 2446 3262 malum
2494 3200 2607 3262 aut
2644 3197 2891 3282 pericu-

500 3304 676 3387 lum,
746 3303 1119 3383 ώποςρέφειν
1190 3308 1287 3368 est
1345 3303 1468 3367 alio
1529 3315 1867 3368 convertere
1886 3349 1901 3379 ,
1964 3303 2169 3368 facere
2230 3307 2305 3367 ut
2366 3302 2598 3386 aliquis
2646 3300 2774 3367 alic
2824 3322 2892 3367 se

501 3415 862 3487 convertat,
932 3411 1071 3477 vim
1126 3415 1239 3474 aut
1285 3411 1610 3495 impetum
1660 3408 1787 3474 alio
1836 3408 2189 3473 transferat.
2238 3406 2461 3493 Itaque
2513 3407 2577 3471 h.
2624 3406 2670 3472 1.
2735 3408 2889 3472 ἁπο-

501 3516 747 3597 ςρέψειν
790 3536 1014 3584 verum
1054 3520 1166 3580 est.
1217 3516 1293 3580 cf.
1340 3513 1447 3580 IV.
1491 3513 1601 3581 97.
1643 3514 1706 3578 2.
1749 3515 2008 3595 ἀπαντᾷ
2049 3518 2257 3593 κήρυκι
2299 3516 2555 3594 Βοιωτῷ,
2598 3509 2661 3587 ὃς
2702 3512 2890 3578 αὐτὸν

503 3622 864 3703 &naq-papas
913 3622 1097 3687 εἷπὼν
1143 3619 1235 3686 ὅτι
1283 3620 1449 3686 οὐδὲν
1499 3618 1718 3701 πράξει
1761 3621 1896 3701 πρὶν
1937 3619 2011 3685 ἂν
2052 3622 2238 3693 αὐτὸς
2277 3619 2654 3702 ἀναχωρήσῃ
2693 3618 2887 3685 πάλιν

503 3730 794 3803 naras-0³⁶4
847 3727 949 3794 ἐπ’
999 3727 1330 3805 Αθηναίους
1376 3727 1618 3806 ἔλεγεν.

588 3940 881 4027 Thucyd.
952 3938 1056 4005 IV.
1131 3937 1239 4004 80.
1314 3937 1372 4003 3.
1452 3937 1827 4021 φοβούμενοι
1909 3939 2109 4002 αὐτῶν
2180 3939 2322 4024 (τῶν
2393 3939 2704 4023 Εἱλώτων)
2775 3941 2886 4015 τὴν

505 4046 895 4121 (ΖΚΑΙότ-ητα
956 4046 1060 4110 καὶ
1109 4044 1179 4109 τὸ
1227 4047 1474 4121 πλῆθος.
1570 4044 1644 4110 In
1690 4046 1953 4111 caeteris
1997 4043 2181 4108 libris
2229 4049 2323 4109 est
2372 4044 2481 4118 τὴν
2528 4045 2879 4123 Nede-nra,

500 4153 852 4220 Vaticanus
900 4162 944 4217 B
992 4153 1101 4227 τὴν
1147 4153 1492 4228 σκαιότητα
1541 4152 1838 4225 exhibet.
1887 4149 1996 4216 sed
2040 4149 2148 4215 hic
2195 4149 2411 4216 Codex
2450 4153 2550 4238 (ut
2584 4151 2710 4219 alio
2748 4152 2887 4218 loco

500 4260 856 4344 ostendam)
921 4259 1000 4326 ab
1062 4258 1277 4344 aliquo
1336 4260 1519 4324 docto
1567 4265 1633 4324 et
1679 4263 1866 4324 acuto
1913 4254 2148 4322 lectore
2196 4256 2424 4322 multis
2469 4259 2624 4325 locis
2667 4280 2745 4324 ex
2792 4262 2886 4323 in·

498 4370 687 4456 genio
757 4374 1072 4432 correctus
1140 4373 1258 4431 est.
1356 4366 1576 4451 Itaque
1646 4364 1824 4429 illius
1894 4361 2195 4428 lectiones
2266 4384 2377 4448 per
2437 4386 2502 4431 se
2564 4372 2881 4450 spectatae
