3192 5017
589 234 724 304 202
1565 255 1673 305 mo
1720 255 2000 307 oassms.

590 424 949 491 ratiuncula
1012 425 1147 492 veri
1208 426 1486 494 Helvius
1532 425 1765 505 Cinna,
1819 449 2092 516 nequam
2142 434 2208 495 et
2253 430 2642 496 facinorosus
2689 427 2939 497 Caesaris

589 531 858 606 assecla,
905 552 1040 597 rem
1089 554 1341 599 omnem
1391 534 1468 599 de
1514 534 1717 600 nihilo
1766 533 1971 600 finxit.

679 636 862 703 Nihil
898 644 995 703 est
1033 638 1110 705 de
1148 659 1378 726 genero
1415 640 1558 716 hoc,
1605 641 1772 726 quod
1812 640 1983 707 docti
2020 643 2366 727 antiquarii
2403 661 2525 709 non
2563 648 2942 727 concoquant.

588 740 734 807 Non
778 744 996 809 minus
1043 744 1456 810 memorabile
1503 743 1726 811 Sctum
1778 747 1960 811 nobis
2006 754 2221 813 narrat
2266 747 2524 813 Servius
2561 749 2640 814 ad
2675 749 2869 829 Ecloq.
2903 746 2941 811 1„

588 870 678 915 vs.
739 848 842 915 43.
922 852 1300 927 „decreverat
1369 859 1561 916 autem
1634 853 1885 917 Senatus
1953 876 2026 918 ne
2094 854 2228 940 quis
2296 877 2423 919 eum
2492 853 2944 939 (Octavianum)

584 972 845 1020 rumam
906 955 1182 1020 diceret.''
1243 962 1306 1022 et
1358 957 1569 1023 multa
1630 958 1733 1023 his
1796 957 2039 1025 similia
2084 960 2247 1025 serio
2293 981 2330 1026 a
2378 959 2581 1027 doctis
2623 961 2946 1026 memoriae

584 1061 836 1147 prodita
882 1062 1194 1129 videmus.
1258 1061 1557 1130 Palmam
1604 1063 1977 1130 stoliditatis
2025 1067 2324 1133 omnibus
2368 1067 2722 1151 praeripuit
2767 1066 2946 1152 Nym·

582 1168 903 1253 phodorus
973 1171 1037 1233 in
1113 1168 1384 1237 Scholiis
1442 1171 1523 1234 ad
1597 1170 1948 1254 Oedipodem
2016 1172 2212 1236 Calon.
2263 1193 2356 1239 vs.
2409 1170 2557 1249 337,
2610 1176 2726 1258 qui
2772 1192 2944 1258 quum

584 1274 753 1359 apud
800 1273 1198 1340 Herodotum
1246 1273 1509 1361 leg-isset
1554 1274 1639 1341 11.
1695 1274 1803 1341 35.
1852 1277 2109 1356 οὐρέουσι
2161 1278 2226 1341 αἱ
2274 1277 2388 1354 μὲν
2435 1286 2735 1355 γυναῖκες
2784 1276 2947 1359 ὀρθαί,

584 1382 634 1445 οἱ
701 1378 763 1446 δὲ
825 1379 1033 1460 ἄνδρες
1098 1381 1469 1467 κατήμενοι,
1530 1381 1681 1448 hinc
1741 1389 2141 1448 commentus
2204 1389 2300 1448 est
2361 1385 2536 1472 regis
2597 1383 2949 1455 Sesostridis

583 1503 900 1552 nmmum:
951 1488 979 1551 ὃ
1030 1488 1333 1567 Σέσωςρις
1382 1526 1467 1536 --
1516 1486 1976 1568 προσέταξε
2025 1527 2109 1538 -
2156 1489 2296 1559 τοὺς
2344 1490 2459 1567 μὲν
2506 1489 2732 1569 ἄνδρας
2781 1490 2947 1561 καθη-

582 1592 829 1671 μένους,
876 1593 992 1666 τὰς
1045 1593 1108 1657 δὲ
1156 1601 1460 1671 γυναῖκας
1509 1594 1683 1673 ὀρθὰς
1735 1592 1969 1666 ἑςῶσαο
2020 1596 2226 1675 οὐρεῖν.
2323 1594 2652 1662 Succurrit
2700 1598 2778 1665 ad
2815 1597 2948 1661 haec

580 1697 873 1766 Timonis
917 1697 1190 1767 Phliasii
1236 1699 1628 1767 versiculus:

993 1804 1593 1883 πουλυμαθημοσύνη
1618 1854 1636 1884 ,
1688 1814 1798 1882 τῆς
1846 1808 1913 1872 οὐ
1961 1807 2308 1890 κενεώτερον
2354 1806 2538 1873 οὐδέν.

667 2015 795 2081 Dio
856 2014 1046 2084 ΟΔΒΒ.
1118 2015 1224 2081 45.
1288 2014 1394 2082 22.
1462 2020 1588 2083 Ποῦ
1651 2017 1777 2096 γὰρ
1836 2016 1913 2082 ἂν
1955 2014 2192 2091 ἑκόντες
2243 2016 2418 2095 ὑμεῖς
2466 2017 2585 2091 τὰς
2632 2017 2812 2099 παρὰ
2854 2020 2943 2080 τοῦ

581 2120 886 2202 Καίσαρος
946 2159 1021 2170 -
1070 2120 1342 2193 δοθείσας
1394 2122 1633 2197 §nois-01⁴5
1686 2122 2024 2200 ἡγεμονίας
2073 2123 2471 2190 κατελύσατε
2491 2144 2508 2202 ;
2557 2124 2944 2191 Advetbium

577 2232 693 2292 ποῦ
751 2247 878 2293 non
925 2233 1023 2294 est
1067 2227 1262 2299 huius
1308 2226 1450 2293 loci.
1547 2226 1786 2295 Demta
1835 2248 1960 2296 una
2007 2227 2303 2305 literula,
2356 2230 2794 2297 scribendum:
2848 2235 2941 2293 OT

575 2333 703 2414 γὰρ
750 2331 827 2398 ἄν
876 2370 963 2384 —-
1012 2335 1432 2400 κατελύσατε.

667 2549 855 2635 Apud
921 2548 1187 2616 Dionem
1247 2547 1424 2615 Cass.
1491 2548 1600 2616 45.
1656 2548 1755 2614 13.
1810 2548 1866 2615 3.
1919 2549 2251 2619 Bekkerus
2296 2549 2532 2617 edidit:
2583 2549 2690 2614 καὶ
2742 2550 2814 2614 τό
2857 2553 2942 2612 ΓΕ

568 2654 807 2735 Ἀρειον
853 2657 922 2722 τὸ
970 2655 1261 2734 τέταρτον
1310 2655 1682 2737 ςρατὸπεδον
1732 2655 2155 2734 ὠνομασμένον
2199 2652 2334 2723 ὅλον
2382 2657 2550 2735 αὐτῷ
2599 2654 2944 2740 (Octaviano

581 2762 853 2848 Caesari)
902 2760 1359 2845 προσεχώρησεν
1376 2808 1392 2839 ,
1436 2764 1619 2848 quasi
1659 2760 1830 2848 legio
1870 2761 2114 2828 Martia
2147 2769 2366 2848 quarta
2403 2761 2597 2827 fuerit
2619 2760 2942 2848 appellata.

573 2864 992 2933 Scribendum
1065 2875 1161 2933 est
1230 2868 1302 2932 τό
1370 2875 1487 2932 ΤΕ
1552 2870 1790 2948 ’Ἄρειον
1865 2877 2007 2933 ΚΑΙ
2073 2868 2142 2933 τὸ
2202 2868 2494 2946 τέταρτον
2559 2865 2938 2948 §parda-230⁹.

572 2973 751 3040 Duae
811 2977 985 3040 enim
1046 2974 1166 3040 hae
1214 2973 1499 3061 legiones
1548 2974 1790 3041 Martia
1835 2979 1900 3039 et
1945 2981 2163 3055 quarta
2208 2976 2564 3041 Antonium
2614 2971 2940 3041 Consulem
2973 2996 2990 3019 .

568 3078 964 3165 reliquerunt
1024 3099 1216 3164 seque
1276 3081 1357 3144 ad
1419 3077 1754 3146 Gaesarem
1803 3079 2228 3146 contulerunt.
2325 3081 2422 3146 Ad
2469 3080 2805 3147 fastidium
2851 3098 2939 3143 us·

571 3207 694 3272 que
758 3184 978 3252 Cicero
1022 3187 1091 3251 in
1138 3186 1495 3271 Phibippicis
1537 3187 1769 3252 harum
1816 3186 2147 3273 leg-ionum
2193 3185 2414 3253 laudes
2460 3193 2527 3253 et
2571 3189 2804 3253 merita
2847 3185 2936 3248 iu·

568 3294 847 3358 mortalia
891 3293 1217 3369 decantat,
1267 3296 1342 3357 ut
1386 3291 1470 3356 V.
1527 3293 1634 3358 11.
1683 3291 1792 3358 28.
1842 3293 2032 3371 „illae
2076 3294 2346 3358 coelestes
2388 3294 2742 3378 divinaeque
2780 3294 2937 3374 quio·

568 3422 674 3464 nes
738 3400 1033 3464 Martiam
1095 3405 1152 3463 et
1214 3406 1505 3483 quartam.
1567 3405 1634 3465 et
1692 3398 1848 3467 XII.
1917 3398 1979 3464 3.
2031 3397 2095 3464 8.
2144 3399 2258 3463 illa
2306 3400 2544 3464 Martia
2590 3400 2854 3465 coelectis
2893 3405 2940 3458 ei

568 3506 780 3570 divina
844 3506 1015 3587 leqio.
1079 3506 1155 3569 ci.
1219 3503 1332 3569 111.
1401 3503 1458 3568 3.
1514 3503 1575 3569 6.
1641 3503 1756 3589 III.
1811 3503 1915 3569 15.
1972 3502 2079 3570 39.
2127 3504 2247 3570 IV.
2299 3507 2361 3569 2.
2412 3506 2471 3571 5,
2525 3504 2600 3570 V.
2651 3503 2717 3569 2.
2769 3504 2827 3569 4.
2875 3499 2935 3564 V.

570 3609 634 3677 8.
698 3609 807 3676 23.
875 3610 957 3676 V.
1027 3607 1130 3677 17.
1193 3609 1299 3677 46.
1367 3610 1452 3675 X.
1506 3609 1613 3675 10.
1663 3610 1770 3675 21.
1821 3610 1934 3676 XI.
1984 3609 2044 3675 8.
2098 3609 2204 3676 20.
2259 3609 2409 3676 XII.
2463 3610 2569 3677 12.
2619 3610 2727 3677 29.
2778 3607 2935 3675 XIII.

572 3716 635 3783 9.
705 3715 808 3782 19.
873 3716 1053 3782 XIV.
1117 3717 1214 3781 12.
1290 3717 1349 3782 l.
1442 3715 1666 3801 Neque
1729 3716 1915 3783 aliter
1960 3715 2244 3782 Velleius
2289 3717 2668 3785 Paterculus
2716 3718 2794 3783 11.
2844 3717 2931 3781 61.

565 3825 748 3906 Deyio
798 3824 1037 3889 Martia
1083 3831 1139 3889 et
1184 3830 1400 3904 quarta
1448 3861 1529 3871 -
1579 3824 1831 3889 sublati}
1875 3824 2066 3906 siquis
2110 3825 2196 3888 ad
2244 3824 2547 3888 Caesarem
2589 3847 2652 3889 se
2698 3827 2935 3891 contule-

566 3939 729 3996 rzmt.
824 3930 1137 3996 Fecerunt
1203 3930 1323 3996 hoc
1383 3932 1792 4021 potissimum
1857 3929 2154 3996 coelestes
2213 3934 2279 3998 et
2334 3930 2587 3996 divinae
2635 3930 2931 4020 legiones,

565 4039 717 4123 quia
796 4034 1117 4105 Antonius
1199 4037 1475 4124 singulis
1555 4057 1857 4103 nummos
1925 4036 2423 4123 quadringentos
2490 4036 2929 4122 pollicebatur.

566 4141 797 4210 Caesar
858 4140 984 4209 duo
1046 4142 1257 4209 millia
1325 4162 1740 4208 nummorum
1805 4143 2334 4228 repraesentabat.
2429 4142 2652 4209 Cicero
2715 4145 2798 4208 ad
2837 4144 2931 4206 At·

564 4254 745 4317 uem
813 4247 984 4329 XVI.
1057 4248 1100 4315 8
1170 4247 1619 4334 (Octavianus)
1698 4271 1911 4329 mayna
1981 4250 2245 4317 molitur.
2350 4247 2672 4315 Veteranos
2745 4243 2931 4335 quiqui

570 4356 829 4423 Casium
909 4365 965 4422 et
1053 4356 1322 4421 Calatiae
1403 4361 1544 4418 eunt
1626 4355 1909 4436 perduxit
1977 4357 2063 4420 ad
2126 4378 2292 4421 suam
2359 4356 2729 4421 senteutiam.
2818 4354 2929 4419 Nec
