3192 5017
510 201 646 273 254
1589 222 1829 279 mmo.

509 399 596 466 tis
639 399 877 466 iudicio
922 401 1290 467 coniunctas
1333 397 1674 488 significat.
1721 400 1982 466 Poetica
2023 405 2139 467 aut
2181 401 2426 466 comica
2471 402 2629 464 sunt
2677 413 2905 481 „opera

512 506 892 574 vehemente
960 505 1291 572 minister'’
1359 504 1517 572 Hor.
1578 506 1785 593 Epist.
1851 507 1907 572 Ι.
1978 505 2080 572 13.
2147 505 2209 583 5,
2280 510 2394 590 ,tu
2440 506 2658 589 capite
2706 500 2908 568 cano”

512 611 729 678 Plaut.
786 612 984 679 Merc.
1037 611 1185 689 305,
1243 612 1392 696 „ille
1439 613 1734 701 oblongis
1782 612 2015 680 malis”
2062 613 2150 678 ib.
2201 610 2357 695 643,
2402 609 2698 697 Draeger
2743 606 2910 694 Syn-

511 723 623 784 tax
682 717 719 782 I
778 739 840 804 p.
891 717 1045 785 541.
1110 718 1352 784 Rerum
1416 719 1730 785 vocabula
1777 740 1938 805 quae
1982 727 2132 785 sunt
2178 716 2492 784 ablativos
2537 716 2912 782 adsciscunt

510 829 585 888 ut
635 844 789 910 „per
832 823 1017 889 mille
1065 824 1382 891 coloribus
1430 826 1695 891 arcum”
1746 825 1936 912 Verg.
1983 827 2141 891 Aen.
2187 822 2267 889 V.
2313 822 2467 901 609,
2513 819 2913 900 „reticulum

510 931 889 995 tenuissimo
956 929 1119 1008 lino,
1197 932 1468 995 minutis
1531 930 1836 997 maculis'’
1899 930 2074 996 Verr.
2137 928 2214 995 V.
2280 928 2390 1005 27,
2455 929 2617 1005 alia;
2675 926 2793 993 sed
2838 929 2912 990 ut

511 1034 785 1121 simplex
834 1035 1155 1102 ablativus
1201 1037 1587 1103 substantivi
1626 1040 1763 1102 sine
1801 1037 2116 1103 adiectivo
2154 1039 2244 1101 sic
2281 1039 2611 1122 iungatur,
2656 1036 2913 1120 pugnat

512 1162 661 1209 cum
725 1143 1108 1228 proprietate
1167 1145 1473 1209 sermonis
1533 1143 1750 1209 Latini
1770 1194 1786 1220 ‚
1852 1147 1958 1209 cui
2017 1163 2142 1208 non
2196 1143 2384 1208 licuit
2417 1163 2535 1224 per
2580 1140 2912 1205 articulum

513 1250 899 1316 attributum
948 1268 1095 1314 cum
1142 1249 1541 1316 substantivo
1590 1249 1885 1335 copulare
1902 1297 1918 1326 ‚
1968 1249 2513 1332 quemadmodum
2550 1250 2621 1312 in
2660 1243 2910 1312 Graeco

512 1352 607 1420 fit.
701 1353 827 1421 Sed
891 1355 1182 1442 vulgaris
1243 1356 1632 1422 consuetudo
1695 1377 1819 1422 non
1887 1376 2138 1442 semper
2198 1362 2335 1421 tam
2398 1353 2684 1442 diligens
2744 1351 2875 1415 fuit
2889 1396 2906 1424 ,

513 1466 707 1544 atque
742 1460 891 1526 inde
935 1461 1136 1549 vulgo
1191 1468 1604 1547 usurpatum:
1657 1461 1734 1543 Q.
1785 1461 2047 1528 Verrem
2095 1461 2410 1537 Romilia,
2466 1458 2647 1526 Verr.
2700 1463 2828 1524 act.
2878 1454 2910 1519 Ι

515 1567 555 1651 ς
600 1566 707 1630 23.
771 1566 846 1632 L.
908 1566 1142 1633 Albius
1199 1567 1500 1649 Quirina,
1548 1590 1663 1655 pro
1709 1569 1966 1645 Quinct.
2018 1570 2055 1654 ς
2099 1567 2208 1643 24,
2257 1567 2385 1633 alia
2428 1567 2500 1631 in
2544 1565 2911 1649 inscriptio-

514 1673 723 1738 nibus.
796 1671 1110 1740 Similiter
1176 1694 1255 1740 ex
1317 1696 1513 1760 prava
1572 1675 2032 1742 consuetudine
2088 1674 2251 1740 illud
2312 1679 2571 1737 moribus
2631 1669 2913 1736 deductio

516 1777 739 1846 Cicero
785 1779 952 1845 dixit
971 1827 987 1857 ,
1035 1781 1203 1846 nihil
1250 1782 1495 1847 veritus
1538 1782 2061 1869 ambiguitatem.
2157 1780 2257 1847 Cf.
2305 1782 2342 1863 ξ
2379 1778 2421 1845 2
2470 1781 2565 1863 „si
2602 1781 2709 1845 vis
2745 1777 2912 1841 facta

516 1890 682 1951 esset
726 1886 1069 1952 moribus.”
1114 1886 1368 1953 Addam
1416 1888 1697 1973 reliquos
1739 1888 1910 1954 locos
1948 1891 2016 1952 in
2053 1888 2286 1972 quibus
2329 1891 2586 1951 moribus
2623 1886 2911 1949 deducem

518 1997 584 2056 et
644 1992 917 2056 dedum
977 1998 1160 2076 sunt,
1227 1995 1265 2078 ξ
1310 1992 1433 2058 2οτ
1498 2014 1624 2078 quo
1685 1994 1790 2059 die
1834 1997 1905 2059 in
1950 2015 2086 2059 rem
2135 1998 2533 2079 praesentem
2582 1993 2912 2057 veniretur

519 2100 586 2161 et
631 2096 710 2163 de
753 2097 950 2164 fundo
997 2095 1268 2165 Caecina
1305 2100 1593 2165 moribus
1635 2100 2070 2166 deduceretur.
2112 2098 2236 2165 27:
2276 2099 2369 2164 ibi
2393 2104 2538 2164 tum
2562 2094 2906 2162 Caecinam

520 2202 912 2289 postulasse,
974 2214 1051 2268 ut
1115 2205 1400 2270 moribus
1462 2206 1763 2271 deductio
1823 2205 2022 2271 fieret.
2092 2205 2214 2270 32:
2267 2224 2415 2269 cum
2463 2204 2750 2269 venisset
2770 2246 2787 2276 ‚
2835 2202 2904 2260 ut

517 2312 621 2376 vis
681 2330 755 2375 ac
816 2309 1111 2376 deductio
1173 2311 1460 2377 moribus
1521 2310 1717 2377 fieret.
1771 2310 1894 2377 95:
1944 2314 2083 2397 ipse
2130 2331 2314 2397 porro
2356 2308 2630 2375 Caecina
2677 2327 2797 2372 cur
2840 2323 2904 2367 se

518 2416 805 2483 moribus
851 2415 1077 2481 deduci
1123 2415 1414 2483 volebat?

611 2521 792 2603 Quod
830 2524 897 2586 in
936 2521 1273 2588 deiiciendi
1311 2524 1505 2589 verbo
1546 2525 1788 2590 factum
1830 2531 1966 2602 est,
2009 2530 2085 2590 ut
2122 2525 2202 2590 ad
2239 2527 2637 2609 praesentem
2678 2536 2898 2585 casum

513 2626 792 2695 formula
850 2628 1324 2713 interpretando
1386 2630 2004 2713 accommodaretur,
2067 2631 2241 2695 idem
2304 2630 2373 2693 in
2435 2648 2510 2693 eo
2573 2625 2744 2711 quod
2808 2626 2900 2688 est

512 2735 844 2799 restituere.
929 2732 1098 2798 Cum
1146 2737 1318 2799 enim
1367 2736 1682 2801 Aebutius
1727 2739 1943 2802 iussus
1989 2742 2152 2802 esset
2197 2741 2512 2800 restituere
2558 2731 2897 2798 Caecinam

514 2860 588 2906 eo
608 2889 624 2917 ‚
692 2840 862 2906 unde
930 2843 1002 2906 vi
1064 2840 1427 2918 deiecisset,
1491 2843 1817 2927 respondit
1878 2865 1941 2906 se
2001 2842 2334 2907 restituisse
2350 2890 2366 2917 ‚
2434 2841 2556 2906 etsi
2616 2837 2739 2902 hoc
2758 2884 2776 2914 ,
2845 2834 2897 2898 si

513 2946 692 3014 verbi
739 2946 1194 3032 proprietatem
1244 2952 1420 3011 tenes
1438 2995 1454 3023 ‚
1502 2950 1774 3014 minime
1820 2948 2197 3015 contendere
2244 2951 2511 3032 poterat.
2596 2941 2896 3015 Volebat,

514 3056 765 3139 opinor,
816 3053 972 3119 boo:
1019 3073 1088 3118 se
1133 3073 1337 3138 neque
1381 3055 1452 3119 vi
1488 3053 1786 3120 deiecisse
1805 3104 1820 3131 ,
1859 3076 2063 3140 neque
2101 3056 2438 3119 restituere
2475 3071 2694 3137 posse3
2734 3047 2897 3114 ideo-

514 3179 637 3244 que
695 3160 949 3242 perinde
1006 3181 1175 3225 nunc
1234 3180 1372 3225 rem
1435 3181 1501 3226 se
1559 3161 1790 3227 babere
1808 3207 1824 3237 ,
1886 3184 1959 3227 ac
2018 3160 2071 3226 si
2133 3161 2517 3224 restituisset
2533 3177 2550 3234 ;
2600 3156 2680 3221 cf.
2731 3156 2768 3239 ξ
2815 3148 2895 3217 82

519 3267 740 3350 „(eg0,
794 3262 1089 3346 Caecina)
1129 3268 1384 3331 restitui
1423 3287 1567 3331 sum
1611 3270 1856 3350 iussus:
1900 3266 2251 3332 restituisse
2276 3272 2340 3329 te
2360 3263 2526 3328 dixti
2550 3255 2895 3348 (Aebuti)÷''

513 3370 550 3454 ς
597 3366 686 3434 80
751 3370 1239 3436 iurisconsultus
1304 3372 1538 3457 aliquis
1603 3378 1895 3438 narratur
1962 3372 2197 3436 dixisse
2211 3421 2229 3454 ‚
2291 3369 2487 3437 verba
2547 3367 2896 3453 sponsionis

513 3476 719 3541 facere
765 3496 913 3541 cum
964 3475 1234 3543 Caecina
1280 3484 1345 3543 et
1390 3480 1603 3563 ipsum
1654 3480 2000 3544 Aebutium
2047 3479 2380 3562 sponsione
2423 3475 2645 3556 fateri,
2696 3474 2892 3538 deiec-

514 3588 660 3648 tum
730 3600 864 3647 esse
932 3580 1293 3648 Caecinam.
1396 3584 1752 3666 „Aebutius
1770 3633 1786 3660 ‚
1861 3587 1972 3669 qui
2040 3584 2280 3649 fatetur
2349 3581 2560 3666 aliquo
2622 3599 2700 3644 ex
2762 3579 2894 3643 loco

515 3688 834 3754 deiectum
876 3707 1010 3753 esse
1057 3687 1391 3755 Caecinam
1415 3739 1433 3771 ,
1482 3693 1540 3754 is
1586 3690 1887 3774 quoniam
1934 3713 1997 3754 se
2041 3694 2368 3753 restituisse
2412 3689 2570 3751 dia-it
2586 3733 2602 3763 ,
2648 3703 2894 3750 necesse

514 3800 612 3861 est
658 3792 830 3859 male
874 3794 1096 3860 fecerit
1143 3796 1605 3880 sponsionem.’'
1697 3797 1948 3882 Nempe
1988 3797 2404 3863 ratiocinatur
2441 3796 2565 3858 sic:
2607 3792 2689 3856 A..
2736 3791 2895 3855 dixit

514 3922 581 3967 se
626 3902 982 3968 restituisse
1031 3898 1366 3967 Caecinam
1418 3903 1587 3968 unde
1634 3903 1915 3969 deiectus
1961 3910 2128 3968 esset
2146 3950 2162 3979 ‚
2213 3920 2365 3989 ergo
2408 3900 2731 3965 deiectum
2769 3915 2894 3961 esse

509 4006 750 4072 fatetur
806 4004 1147 4072 Caecinam
1208 4006 1523 4073 alicunde.
1587 4009 1720 4073 Aut
1777 4009 1836 4071 is
1881 4007 2220 4074 delendum
2242 4056 2258 4083 ,
2309 4011 2422 4073 aut
2468 4025 2580 4091 pro
2629 4006 2683 4068 ie
2727 4026 2894 4090 quum

517 4113 634 4197 (sic
697 4110 751 4176 Τ
813 4132 963 4177 cum
1024 4111 1170 4177 aliis
1232 4111 1416 4178 MSS.
1465 4113 1552 4178 cf.
1604 4112 1835 4200 Halm)
1883 4115 1951 4177 iu
1997 4136 2164 4200 quem
2211 4112 2580 4201 legendum.
2628 4113 2665 4196 ξ
2713 4111 2799 4176 55
2843 4111 2894 4174 si

513 4217 749 4284 vilicus
788 4217 959 4283 solus
976 4268 994 4301 ‚
1040 4239 1166 4284 non
1214 4223 1350 4284 tota
1394 4218 1644 4285 familia
1661 4269 1680 4303 ,
1734 4225 1810 4285 ut
1866 4225 2002 4285 erat
2037 4222 2105 4285 in
2145 4219 2484 4285 interdicto
2503 4266 2519 4295 ,
2560 4215 2893 4284 Caecinam

512 4321 862 4409 pepulisset
882 4366 900 4402 ,
947 4344 1106 4389 num
1153 4325 1274 4391 hoo
1320 4328 1565 4391 causari
1612 4344 1824 4411 posses
1869 4332 1934 4392 et
1981 4332 2312 4412 propterea
2353 4324 2564 4390 dicere
2607 4329 2674 4390 te
2717 4324 2893 4389 resti·
