3192 5017
510 253 601 326 78
1577 274 1816 332 eom.

597 449 928 517 Pm‘roms
971 448 1049 514 fr.
1103 446 1231 514 168

598 556 695 623 De
739 556 859 623 hoe
905 555 1262 643 fragmento
1309 556 1416 644 egi
1472 554 1763 639 Lupiam
1810 556 1885 620 de
1927 555 2082 621 diac.
2126 558 2251 622 Au.
2291 560 2423 620 tout.
2466 572 2616 641 pag.
2644 550 2734 617 60
2756 573 2810 618 s.
2838 574 2911 621 v.

510 663 692 730 δλίον.

598 877 985 946 Mariam
1029 879 1105 944 fr.
1156 877 1199 943 4

1145 983 1285 1065 ἄρτι
1332 983 1853 1067 χνοαζούσας
1900 982 2300 1065 αὐλητρίδας.

504 1089 793 1157 Koekius
858 1091 1299 1174 υχλοαζούσας
1365 1092 1773 1158 scribendum
1823 1090 2111 1167 videtur,
2161 1090 2287 1154 nisi
2325 1090 2500 1176 sorte
2543 1088 2905 1171 ‚ventidium

506 1199 727 1281 canayo
770 1197 1209 1283 oiynificaturl'
1303 1197 1500 1279 Quasi
1548 1218 1699 1268 vero
1745 1197 1865 1263 boe
1912 1197 2186 1266 dubium
2234 1215 2371 1263 esse
2405 1190 2636 1281 possit!
2686 1192 2907 1260 Nemo

502 1307 757 1392 ignorat
800 1301 1250 1390 Aristophanis
1297 1303 1414 1370 illa
1454 1325 1490 1368 e
1539 1304 1874 1370 Nubibus:

688 1410 998 1490 ἠλείψατο
1044 1409 1099 1475 δ’
1147 1410 1225 1475 ἂν
1271 1411 1650 1492 τούμφαλοῦ
1699 1410 1891 1483 οὐδεὶς
1941 1418 2096 1482 παῖς
2147 1407 2456 1491 ὑπένερθεν
2503 1406 2636 1473 τότ’

1940 1514 2050 1591 ἄν,
2097 1512 2213 1588 ὦσε

686 1630 816 1696 τοῖς
863 1622 1135 1689 αἰδοίοισι
1185 1623 1388 1705 δρόσος
1436 1624 1540 1689 καὶ
1589 1627 1837 1706 χνοῦς
1887 1620 2085 1702 ὥσπερ
2131 1621 2416 1700 μήλοισιν
2463 1616 2741 1695 ἐπήνθει.

508 1730 785 1797 Mem
855 1731 1023 1816 apud
1083 1731 1582 1817 Aristophanem
1631 1730 1852 1796 andire
1899 1728 2104 1795 solent
2150 1728 2559 1806 ἡβυλλιῶσαι.
2610 1724 2907 1794 Verbum

507 1834 806 1918 χλοάζειν
851 1838 1172 1904 novitium
1218 1844 1315 1904 est
1360 1857 1475 1903 nee
1525 1834 1799 1924 figurate
1846 1835 2137 1902 adhiberi
2183 1834 2463 1901 videtur.

598 2047 980 2115 Mancinus
1025 2047 1102 2113 fr.
1155 2046 1218 2128 6,
1271 2046 1351 2113 11

964 2152 1194 2231 ἄμυλοι
1243 2155 1307 2221 δὲ
1358 2154 1884 2236 περιναίουσιν
1933 2155 2080 2231 ἡμῖν
2127 2154 2187 2217 ἐν
2234 2153 2462 2233 κύκλῳ.

508 2260 608 2327 Ne
668 2262 862 2327 verbo
925 2261 1185 2346 quidem
1248 2261 1453 2327 editor
1521 2261 2051 2327 commemoravit
2119 2258 2482 2326 evidentem
2569 2256 2907 2324 Iaeobitzii

509 2367 1014 2435 emendationem
1030 2416 1045 2444 ‚
1112 2388 1275 2454 quae
1336 2368 1555 2433 statim
1608 2365 1825 2432 loeum
1887 2365 2128 2452 legenti
2193 2386 2260 2432 se
2320 2365 2499 2431 offert
2516 2413 2537 2449 ‚
2583 2388 2634 2429 π
2650 2387 2680 2428 ε
2697 2386 2762 2444 ρι
2786 2388 2818 2428 ν
2836 2363 2903 2429 έ-

509 2497 537 2538 0
557 2497 591 2538 υ
610 2497 647 2538 θ’
667 2498 684 2538 Ι
706 2497 752 2538 ν.

599 2686 986 2756 Μκτλθιιῑηε
1031 2689 1107 2754 fr.
1163 2687 1247 2753 10

1551 2795 1656 2860 καὶ
1704 2795 1925 2861 Λύκων
1972 2794 2239 2860 ἐνταῦθα’
2285 2817 2438 2878 που,

961 2901 1001 2941 *
1047 2901 1087 2941 *
1134 2900 1382 2983 προδοὺς
1430 2900 1823 2968 Ναύπακτον
1870 2902 2149 2982 ἀργύριον
2198 2899 2454 2983 λαβών,

962 3009 1197 3088 ἀγορᾶς
1243 3007 1530 3087 ἄγαλμα
1575 3005 1892 3085 ξενικὸν
1938 3005 2342 3086 ἐμπορεύεται

511 3112 616 3179 Vs.
667 3113 709 3178 2
773 3113 983 3192 πέρυσι
1040 3134 1165 3179 non
1212 3114 1381 3179 male
1426 3112 1752 3199 supplevit
1796 3112 2192 3196 Meinehns,
2241 3111 2350 3178 sed
2397 3114 2595 3176 etiam
2641 3112 2898 3178 faeilius

507 3225 654 3285 ante
714 3229 881 3285 ΠΡΟ
946 3220 1233 3285 excidere
1277 3222 1511 3306 potuit
1569 3219 1807 3303 πρῴην,
1855 3239 2013 3304 qnae
2063 3225 2138 3283 nt
2180 3241 2369 3302 nuper
2414 3218 2582 3304 apud
2629 3219 2896 3285 Latinos

505 3333 602 3392 est
646 3328 823 3392 notio
869 3326 1158 3392 relativa.
1211 3326 1305 3392 De
1352 3347 1445 3392 vs.
1498 3326 1538 3390 3
1590 3326 1983 3392 emendando
2034 3325 2183 3392 vide
2230 3345 2310 3390 an
2357 3324 2647 3391 Koekius
2683 3328 2897 3412 magis

506 3434 626 3499 tibi
678 3452 871 3518 qnam
920 3433 1083 3497 mihi
1130 3432 1523 3518 persuadeat.
1622 3432 1755 3498 Nee
1802 3431 2199 3517 probabilius
2249 3431 2412 3496 mihi
2461 3432 2718 3498 videtur
2753 3452 2894 3496 rem

504 3541 777 3628 gessisse
843 3538 1137 3604 Naberus
1203 3539 1446 3604 Mnem.
1512 3537 1661 3604 VIII
1725 3560 1787 3624 p.
1838 3537 1925 3604 38
1984 3558 2100 3622 sq.,
2164 3541 2275 3623 qui
2337 3541 2402 3603 in
2455 3537 2727 3605 molesto
2776 3537 2894 3604 illo

502 3646 733 3725 ξενικόν
780 3665 904 3711 non
952 3645 1227 3711 haesisse
1273 3645 1549 3712 videtur.

594 3854 982 3923 Mursems
1027 3854 1102 3919 fr.
1159 3853 1241 3919 16

593 3962 720 4030 Pro
767 3960 952 4039 οἴνου,
1004 3961 1172 4046 quod
1221 3967 1591 4046 corruptum
1643 3982 1777 4027 esse
1814 3962 1980 4027 vidit
2018 3960 2415 4044 Meinekius‚
2456 3962 2892 4046 reponendum

504 4090 639 4136 esse
686 4067 956 4151 ὕδνου,
1012 4068 1266 4142 tuberis,
1314 4068 1481 4153 quod
1520 4088 1707 4152 saepe
1746 4069 1975 4133 vitiose
2012 4066 2273 4131 οἵδνου
2314 4069 2638 4146 scribitur,
2668 4072 2896 4134 monui

502 4175 743 4242 Mnem.
791 4173 880 4240 VI
923 4194 1071 4263 pag.
1120 4171 1206 4239 59
1255 4172 1359 4255 (N.
1411 4172 1524 4259 S.).

593 4385 970 4455 Anomfr.
1024 4384 1109 4454 19
