3192 5017
1275 327 1636 377 nummu.
2532 306 2660 373 139

467 551 481 567 .
534 501 573 565 5
621 500 703 568 8:

368 501 461 567 Vs
579 499 618 566 9
728 608 757 672 ὃ
804 608 918 683 μὲν
967 608 1215 687 πονηρὸς
1264 607 1428 671 οὐδὲν
1477 606 1640 671 ἄλλο
1684 608 1848 681 πλὴν
1897 606 2125 689 κακός,
2236 625 2247 632 ·

727 713 755 776 ὅ
802 712 856 777 δ’
905 709 1130 783 ἐσθλὸς
1182 708 1439 788 ἐσθλός,
1493 713 1625 777 οὐδὲ
1672 715 1999 793 συμφορᾶς
2052 708 2169 777 ὕπο

733 818 923 900 φύσιν
970 818 1384 902 διέφθειρ’,
1433 820 1608 884 ἀλλὰ
1655 819 1885 899 κρηςός
1934 817 2029 888 ἐς·’
2079 819 2201 885 ciel.

277 927 544 994 Malim:
599 924 883 1002 διέφθο
900 927 973 1007 ρ’,
1021 925 1101 989 cf.
1151 925 1471 991 Porsonus
1517 925 1597 990 ad
1645 947 1739 992 vs.
1795 925 1943 991 701.

366 1134 665 1202 Ridicule
711 1134 984 1201 Hecuba
1031 1155 1127 1202 vs.
1177 1131 1354 1199 836:

733 1239 789 1305 ei
834 1264 936 1318 μοι
981 1241 1219 1318 γένοιτο
1264 1239 1549 1319 &Myros
1591 1239 1654 1303 ἐν
1700 1239 1997 1320 βραχίοσι

734 1348 838 1412 καὶ
887 1348 1066 1427 χερσὶ
1118 1347 1222 1411 καὶ
1273 1346 1625 1423 κόμαισι
1673 1346 1778 1410 κά)
1828 1347 2022 1412 ποδῶν
2067 1343 2278 1425 βάσει.

278 1454 388 1519 sed
435 1450 627 1540 paulo
672 1453 887 1519 minus
934 1451 1282 1518 ridiculum
1332 1452 1454 1518 erit
1499 1454 1926 1530 κνήμαισι.
1973 1453 2269 1534 Βραχίοσι
2304 1453 2409 1518 καὶ
2447 1450 2669 1534 χερσί·

274 1562 584 1637 ηιαιιίόως
634 1560 927 1637 κνήμαισι
979 1559 1083 1624 καὶ
1133 1558 1324 1624 ποδῶν
1370 1557 1561 1635 βάσει
1582 1580 1596 1595 ·
1636 1559 1912 1642 pedibus.
1961 1558 2192 1624 Animi
2237 1559 2497 1635 affectus
2544 1578 2668 1634 ore,

278 1665 507 1743 vultu,
574 1666 906 1748 manibus,
968 1666 1238 1751 pedibus
1284 1667 1480 1731 etiam
1529 1665 1858 1729 interdum
1906 1668 2363 1750 exprimimus,
2413 1664 2667 1743 κόμαισι

280 1793 361 1838 ne
407 1772 636 1838 Furiae
683 1771 941 1857 quidem
990 1771 1166 1857 loqui
1213 1777 1512 1856 possunt,
1560 1791 1831 1855 quarum
1880 1773 2106 1836 intorti
2153 1770 2404 1858 capillis
2460 1792 2668 1838 recre-

282 1884 473 1944 antur
519 1898 762 1965 angues
808 1877 1028 1943 Alcaei
1076 1883 1140 1942 et
1185 1875 1477 1962 Sapphus
1521 1885 1736 1942 cantu.
1829 1876 2091 1942 Poterat
2131 1876 2437 1953 Hecuba,
2477 1878 2671 1942 sicuti

282 1986 504 2050 statim
569 1986 878 2070 sequitur,
948 1985 1447 2071 Agamemnonis
1508 1981 1824 2060 γουνάτων
1887 1979 2197 2062 ἔχεσθαι,
2247 2002 2559 2048 manuum
2607 1988 2675 2048 et

283 2090 518 2176 pedum
591 2088 1191 2178 gesticulationibus
1260 2088 1484 2154 fletum
1557 2094 1622 2153 et
1693 2090 1898 2154 animi
1968 2088 2252 2153 dolorem
2314 2085 2672 2176 significare

283 2201 530 2281 poterat
545 2216 562 2274 3
636 2216 864 2261 manus
934 2195 1091 2260 dum
1160 2194 1458 2269 tollebat,
1537 2194 1726 2260 humi
1786 2198 2103 2280 prostrata
2160 2199 2412 2279 poterat
2473 2193 2671 2260 etiam

283 2304 479 2367 tacita
542 2301 945 2376 ἐπισκήπτειν
1006 2300 1328 2373 παντοίους
1393 2300 1650 2378 λόγους.
1701 2301 1813 2366 sed
1857 2321 2061 2386 neque
2105 2302 2175 2365 in
2220 2302 2425 2385 passis
2470 2320 2675 2386 neque

282 2409 349 2472 in
397 2409 629 2473 comtis
675 2407 958 2473 crinibus
1006 2406 1142 2473 ulla
1186 2407 1312 2472 fuit
1355 2427 1670 2491 umquam
1719 2404 2101 2491 eloquentia.
2196 2404 2434 2474 Contra
2478 2425 2674 2490 quam

283 2519 455 2580 recte
518 2515 757 2590 κνήμας
821 2513 1018 2579 simul
1077 2511 1356 2599 appellat
1402 2519 1468 2579 et
1513 2512 1706 2577 ποδῶν
1754 2510 1964 2590 βάσιν.
2060 2510 2302 2600 Relege
2346 2511 2561 2578 locum
2609 2517 2674 2576 et

282 2620 532 2686 videbis
578 2640 770 2705 quam
817 2621 1169 2686 necessaria
1215 2639 1289 2684 ea
1336 2621 1642 2684 correctio
1691 2620 1797 2683 sit.

371 2828 547 2895 Dicit
614 2828 1066 2916 Agamemnon
1126 2849 1193 2895 se
1241 2828 1755 2915 Polymestorem
1802 2828 2189 2893 Graecorum
2236 2831 2482 2894 socium
2528 2828 2663 2894 lae·

286 2936 432 3001 dere
493 2934 698 3008 nolle,
762 2956 878 3000 nec
936 2941 1153 3001 tamen
1211 2935 1596 3001 intercedere
1644 2935 1986 3019 quominus
2033 2932 2305 2999 Hecuba
2351 2937 2490 3019 ipsa
2537 2937 2672 3000 suis

282 3042 583 3107 manibus
644 3042 721 3107 de
785 3047 1070 3107 monstro
1133 3047 1266 3106 tam
1316 3039 1580 3106 scelesto
1628 3040 2017 3126 supplicium
2066 3046 2301 3106 sumat.
2395 3038 2558 3105 Sunt
2604 3043 2671 3104 in

278 3168 357 3215 ea
403 3151 686 3213 oratione
732 3147 1044 3234 quaedam
1092 3168 1279 3212 sensu
1327 3168 1567 3225 vacua,
1619 3168 1711 3214 vs.
1764 3146 1935 3211 854:

647 3254 751 3319 καὶ
801 3254 1115 3334 βούλομαι
1163 3255 1307 3319 θεῶν
1353 3256 1403 3318 θ’
1453 3251 1642 3318 οὕνεκ’
1693 3251 1932 3319 άνόσιον
1979 3250 2144 3330 ξένον

644 3362 749 3425 καὶ
799 3365 905 3425 τοῦ
954 3359 1191 3425 δικαίου
1239 3360 1414 3435 τήνδε
1466 3383 1555 3425 σοι
1606 3359 1807 3425 δοῦναι
1858 3359 2064 3436 δίκην,

644 3466 702 3531 εἴ
746 3491 873 3539 πως
920 3466 1220 3548 ΦανεΙη
1268 3467 1337 3543 γ’
1384 3463 1530 3534 dise
1575 3489 1663 3531 σοι
1712 3466 1773 3528 τ’
1822 3463 2053 3546 ἔχειν
2102 3472 2343 3543 καλῶς,

653 3575 856 3653 epam-55
904 3597 976 3637 τε
1025 3573 1114 3650 μὴ
1160 3569 1406 3648 δόξαιμι
1455 3570 1824 3651 Κασάνδρας
1872 3571 2062 3653 χάριν

656 3683 896 3762 Θρῄκης
944 3676 1167 3744 ἄνακτι
1216 3678 1388 3744 τόνδε
1434 3678 1778 3752 βουλεῦσαι
1825 3680 2033 3759 Φόνον.
2087 3715 2169 3729 --

279 3787 467 3864 Quod
531 3788 597 3850 in
653 3785 1018 3852 Florentino
1077 3782 1308 3851 Codice
1353 3783 1596 3871 legitur
1640 3784 1924 3866 φανείην,
1971 3805 2169 3851 manu
2216 3784 2395 3851 ducit
2442 3785 2521 3851 ad
2568 3805 2672 3853 ve·

279 3914 420 3959 ram
489 3892 828 3957 lectionem
898 3890 1262 3956 eruendam.
1335 3886 1531 3975 Cupit
1591 3890 1928 3978 indulgere
1990 3890 2439 3978 Agamemnon
2491 3894 2669 3976 justo

279 3998 483 4065 dolori
531 3996 833 4063 Hecubae
880 4001 945 4060 et
990 3995 1346 4061 Cassandrae
1392 4003 1457 4062 et
1501 3995 1702 4061 simul
1747 3999 2019 4073 metuit,
2069 4017 2149 4062 ne
2196 3995 2486 4061 militum
2538 3997 2671 4062 ani-

280 4125 420 4171 mos
465 4103 768 4178 offendat,
816 4102 1049 4187 quibus
1096 4105 1357 4167 uxorius
1403 4104 1748 4187 imperator
1796 4102 1941 4168 odio
1989 4108 2104 4168 est.
2198 4102 2425 4169 Potuit
2484 4109 2672 4189 poeta

281 4213 376 4275 ita
421 4209 729 4275 scribere:

691 4314 748 4379 si
792 4335 919 4382 πως
966 4313 1315 4393 Φανείην
1363 4308 1547 4379 ὅσια
1596 4335 1691 4378 σοι
1738 4311 2011 4390 νέμειν
2059 4320 2286 4390 καλῶς,
2410 4348 2421 4352 ·

688 4423 891 4500 ςρατῷ
938 4443 1008 4483 τε
1056 4422 1145 4497 μὴ
1192 4416 1439 4496 δόξαιμι
1491 4417 1858 4500 Κασάνδρας
1909 4418 2101 4502 χάριν
