3192 5017
1274 288 1517 349 exesso.
2457 269 2588 343 251

236 475 302 535 ut
350 471 412 535 in
464 470 690 539 multis
751 469 1140 537 editionibus
1196 475 1335 557 est,
1395 469 1742 536 Mediceus.
1832 467 2182 554 Deinceps:
2237 466 2392 547 „sed
2437 487 2588 533 cum

233 577 451 643 veneris
510 580 726 643 virum
775 582 840 642 te
886 578 1126 662 putabo
1145 627 1163 663 ,
1212 580 1267 642 si
1313 576 1583 643 Sallusti
1630 574 2059 661 Empedoclea
2103 573 2338 663 legeris
2384 574 2593 640 homi-

232 704 359 748 nem
412 703 531 750 non
587 682 896 768 putabo.”
990 681 1118 762 Qui
1162 703 1277 769 pro
1324 691 1520 747 tamen
1565 683 1969 747 substituunt
2014 685 2191 745 etiam
2234 700 2361 746 non
2407 700 2594 764 repu-

231 795 351 853 tant
404 789 646 875 aliquid
693 789 800 854 hic
848 790 977 855 dici
1022 809 1274 854 necesse
1321 809 1454 855 esse
1471 835 1489 866 ,
1539 788 1709 872 quod
1755 786 2056 853 Lucretio
2105 788 2192 851 sit
2239 785 2400 852 vitio
2446 805 2592 851 ver-

232 895 485 961 tendum.
536 893 810 960 Sallusti
855 898 1092 980 scripta
1135 894 1350 982 legere
1386 895 1669 960 hominis
1710 914 1929 961 sensus
1967 895 2259 978 viresque
2297 896 2589 977 superat:

231 1001 374 1085 quod
394 1003 734 1086 opponitur
755 1000 1070 1085 (Lucretii
1111 1021 1367 1067 carmen
1404 1000 1804 1088 cognoscere)
1845 999 2056 1066 levius
2097 1006 2194 1064 est
2230 997 2340 1064 sed
2379 1004 2594 1062 tamen

230 1110 415 1172 minus
448 1107 806 1173 iucundum
832 1110 999 1172 utin
1023 1104 1237 1172 labore
1260 1106 1448 1172 facile
1471 1107 1616 1191 quis
1641 1104 1913 1172 deficiat.
1961 1104 2185 1189 Itaque
2207 1123 2334 1170 non
2358 1102 2595 1169 sollici-

230 1213 469 1278 tandum
493 1222 689 1278 tamen
712 1214 821 1279 sed
845 1212 1207 1278 addendum
1231 1234 1350 1277 non
1374 1232 1523 1278 cum
1548 1210 1855 1277 Victorio:
1898 1213 2172 1295 „nonita
2194 1217 2343 1275 sunt
2365 1208 2596 1274 multis

225 1317 559 1385 luminibus
580 1321 852 1408 ingenii,
878 1318 1127 1385 multae
1150 1325 1367 1385 tamen
1391 1317 1604 1385 artis.”
1651 1317 1936 1383 Lucretii
1959 1337 2215 1383 carmen
2230 1366 2248 1401 ‚
2273 1315 2594 1402 superiore

227 1443 371 1491 anno
427 1428 671 1491 mortui
734 1422 827 1512 (a⁰
873 1425 988 1511 55)
1033 1445 1074 1491 a
1119 1445 1188 1491 se
1233 1425 1482 1492 editum
1527 1426 1794 1491 miserat
1837 1423 2100 1490 Marcus
2145 1422 2226 1488 ad
2274 1421 2589 1503 Quintum

226 1532 466 1597 fratrem
483 1581 502 1607 ,
552 1538 699 1598 tum
745 1532 814 1597 in
859 1530 1076 1599 Gallia
1120 1531 1461 1620 degentem
1475 1580 1496 1615 ,
1542 1533 1657 1618 qui
1694 1533 1980 1617 inspecto
2016 1531 2182 1596 libro
2221 1530 2426 1595 videri
2467 1529 2593 1594 sibi

220 1638 605 1723 responderat
642 1643 777 1703 arte
810 1640 1025 1724 magis
1063 1640 1476 1722 conspicuum
1515 1657 1708 1723 quam
1753 1638 2142 1702 inventione.
2192 1634 2320 1716 Qui
2364 1634 2594 1722 legunt

214 1763 319 1805 non
380 1744 622 1810 multae
696 1754 911 1809 tamen
984 1744 1182 1809 artis”
1255 1766 1292 1808 a
1364 1744 1658 1810 Lucretio
1721 1743 2090 1808 abiudioant
2154 1741 2324 1825 quod
2380 1742 2444 1806 ei
2489 1738 2596 1806 vel

218 1848 483 1914 maxime
530 1852 859 1934 proprium
909 1856 1004 1914 est
1051 1859 1118 1913 et
1163 1870 1199 1913 a
1250 1848 1547 1914 Cicerone
1593 1870 1717 1914 non
1769 1848 1980 1933 potuit
2017 1867 2141 1913 non
2185 1848 2247 1911 ei
2282 1846 2595 1932 adscribi;

218 1952 424 2019 doctus
484 1956 826 2020 videbatur
891 1954 1224 2019 Lucretius
1294 1955 1867 2038 (quemadmodum
1936 1951 2410 2036 Callimachus,
2482 1951 2596 2037 qui

225 2062 543 2142 „quamvis
588 2061 847 2149 ingenio
891 2082 1019 2125 non
1064 2060 1272 2138 valet,
1325 2070 1460 2126 arte
1510 2060 1768 2144 valet''),
1820 2060 1930 2127 sed
1969 2078 2094 2126 non
2128 2058 2343 2125 lucere
2366 2057 2597 2125 multis

221 2165 526 2250 splendide
572 2167 883 2243 inventis,
934 2169 1047 2251 qui
1092 2166 1172 2231 ab
1218 2165 1496 2251 Epicuro
1544 2173 1720 2232 totus
1765 2166 2091 2252 penderet.
2182 2166 2489 2232 Proxima
2524 2167 2594 2230 in

221 2268 522 2340 Ciceronis
566 2272 843 2359 epistula
889 2272 1189 2339 lacunosa
1235 2293 1369 2338 esse
1422 2273 1590 2339 vidit
1645 2272 1866 2360 Bergk
1884 2320 1902 2351 ,
1947 2274 2058 2358 qui
2096 2272 2385 2359 supplet:
2441 2272 2594 2350 „sed

222 2379 271 2442 ei
324 2383 407 2444 ad
452 2380 810 2446 umbilicum
872 2381 1121 2445 veneris
1166 2381 1379 2445 virum
1431 2387 1494 2444 te
1541 2379 1819 2464 putabo:
1866 2378 1986 2457 si”,
2035 2378 2169 2444 rell.
2269 2377 2396 2444 Sed
2442 2397 2595 2463 quo-

225 2488 381 2551 niam
449 2490 540 2552 sic
607 2488 801 2552 nimis
872 2485 1244 2550 Lucretium
1314 2485 1668 2551 contemnit
1684 2534 1700 2562 ‚
1771 2487 2032 2570 eiusque
2095 2483 2335 2551 librum
2398 2483 2597 2549 taedii

224 2589 467 2676 plenum
521 2590 866 2679 significat,
918 2591 1185 2661 fortasse
1231 2598 1544 2677 praestat:
1604 2590 1752 2675 „sed
1800 2593 2094 2657 meliorem
2140 2592 2496 2675 Epicureum
2539 2589 2597 2654 ei

221 2696 580 2765 inveneris.”
672 2696 842 2763 Nam
892 2698 1193 2762 inveneris·
1236 2697 1424 2763 facile
1470 2699 1684 2782 potuit
1729 2699 1797 2762 in
1843 2698 2147 2762 docueris
2192 2699 2539 2781 corrumpi.

300 2803 506 2871 Redeo
565 2803 646 2869 ad
701 2800 1146 2869 Caecinianam
1164 2851 1181 2879 ,
1233 2810 1308 2869 ut
1353 2803 1862 2870 animadvertam
1911 2803 2163 2891 insigne
2209 2800 2554 2868 artificium
2571 2847 2590 2877 ,

225 2927 335 2992 quo
381 2908 600 2977 Cicero
647 2911 717 2974 in
763 2909 1090 2973 deiicienda·
1135 2909 1447 2979 vocabulo
1492 2909 1968 2994 interpretando
2015 2929 2171 2974 usus
2217 2911 2325 2973 sit.
2399 2906 2596 2973 Vene-

222 3022 350 3081 rant
408 3018 727 3083 Aebutius
788 3021 853 3082 et
910 3015 1181 3081 Caecina
1225 3015 1306 3081 ad
1352 3015 1628 3082 fundum
1674 3014 2126 3081 Fulcinianum
2149 3064 2167 3092 ,
2220 3017 2405 3080 cuius
2452 3033 2596 3080 con-

226 3126 486 3189 troversa
533 3129 668 3189 erat
713 3124 880 3188 inter
926 3141 1033 3187 eos
1077 3124 1384 3206 possessio
1424 3127 1500 3187 ut
1537 3120 1836 3187 sollemni
1872 3121 2249 3188 deductione
2287 3120 2593 3207 (moribus)

223 3222 472 3295 Caecina
543 3230 625 3294 ab
698 3227 977 3294 Aebutio
1037 3228 1187 3294 inde
1252 3227 1600 3313 pelleretur
1608 3248 1626 3307 ;
1694 3229 1785 3294 ibi
1848 3234 1988 3293 tum
2053 3227 2371 3294 Aebutius
2415 3246 2596 3293 arma

225 3336 609 3419 expediverat
656 3340 721 3399 et
761 3334 827 3398 vi
868 3336 1134 3399 armatis
1173 3337 1530 3419 coactisque
1571 3335 1941 3401 hominibus
1978 3337 2216 3401 intrare
2258 3332 2595 3401 Caecinam

224 3441 634 3522 prohibuerat.
729 3437 1001 3505 Caecina
1045 3442 1270 3528 igitur,
1326 3444 1384 3506 si
1432 3441 1769 3529 vulgarem
1816 3441 2342 3507 consuetudinem
2389 3441 2597 3525 sequi-

224 3564 350 3613 mur
366 3597 385 3632 ‚
447 3567 575 3613 non
637 3551 846 3631 potest
910 3546 1038 3611 dici
1100 3567 1177 3612 ex
1224 3566 1297 3613 eo
1342 3546 1482 3614 loco
1528 3547 1787 3613 deiectus
1831 3568 1999 3627 esse;
2050 3547 2364 3612 deiioimm
2408 3567 2558 3613 eum
2577 3593 2598 3631 ,

226 3654 319 3734 qui
369 3672 626 3738 corpore
689 3658 802 3718 aut
863 3656 1175 3744 potestate
1235 3652 1483 3736 aliquid
1535 3659 1742 3732 tenet,
1803 3674 1950 3719 eum
1999 3655 2112 3737 qui
2156 3654 2312 3719 foris
2358 3660 2455 3719 est
2500 3674 2599 3717 ar·

224 3778 390 3822 comus
407 3807 425 3837 ,
491 3759 669 3822 aditu
699 3759 1077 3844 prohibemus
1097 3806 1115 3843 ‚
1162 3758 1524 3841 repellimus.
1619 3759 2062 3826 Nihilominus
2106 3766 2359 3845 praetor
2403 3761 2599 3824 inter-

226 3862 447 3931 dictum
499 3865 709 3932 dedit:
760 3882 932 3929 mum
980 3881 1065 3929 'ru
1110 3863 1368 3931 Annum
1416 3903 1500 3913 —
1549 3862 1889 3932 Cancrum
1933 3883 2003 3931 v1
2039 3882 2356 3933 nmms‘rx
2393 3899 2477 3915 —
2517 3880 2599 3931 so

225 3986 575 4040 ausurus.
672 3972 750 4037 In
810 3978 1110 4056 promptu
1172 3976 1308 4036 erat
1369 3972 1649 4039 Aebutio
1714 3972 1958 4038 factum
2018 3992 2254 4061 negare
2269 4021 2289 4057 ,
2352 3991 2475 4037 non
2532 3991 2601 4037 se

225 4078 484 4143 deiecisse
521 4079 631 4144 sed
676 4078 967 4154 reiecisse,
1014 4075 1197 4160 §842
1253 4096 1465 4154 „„non
1515 4078 1717 4144 deieci
1754 4078 1864 4144 sed
1903 4077 2160 4144 reieci.”
2206 4078 2600 4143 Peracutum

226 4179 329 4248 hoc
373 4186 490 4249 tibi
540 4184 827 4271 (Aebuti)
879 4183 1137 4248 videtur
1156 4230 1174 4261 ,
1223 4183 1331 4248 hic
1378 4189 1475 4248 est
1521 4204 1743 4250 mucro
1789 4184 2169 4250 defensionis
2205 4182 2410 4248 tuae.”
2457 4182 2600 4248 Iam

230 4288 360 4353 vide
415 4289 729 4375 quomodo
791 4288 1014 4355 Cicero
1078 4290 1250 4355 hunc
1317 4310 1680 4356 mucronem
1730 4289 2076 4355 obtuderit.
2126 4290 2163 4373 ξ
2209 4285 2333 4354 87:
2385 4306 2600 4368 „mum

232 4407 323 4458 w.
379 4394 494 4461 hoc
556 4397 827 4464 verbum
872 4412 1044 4461 unm:
1088 4402 1441 4480 utrumque
1490 4395 1770 4469 declarat
1791 4445 1810 4475 ,
1859 4401 1925 4462 et
1970 4415 2050 4461 ex
2093 4415 2220 4485 quo
2265 4395 2405 4465 loco
2449 4402 2516 4463 et
2562 4416 2602 4463 a
