3192 5017
484 275 519 292 ‘⁸
1205 303 1600 355 uscmna.
2451 275 2462 288 ⁸
2512 286 2596 357 81

228 474 389 556 θρονς
461 479 526 544 οὐ
603 477 918 551 σιωπήσας
993 473 1115 542 ἔσει
1180 483 1246 543 et
1314 476 1471 543 Oed.
1536 475 1754 544 Colon.
1820 476 1986 543 816:
2039 474 2075 551 ἦ
2121 479 2244 557 μὴν
2289 479 2366 544 σὺ
2411 477 2597 545 κᾶνευ

227 583 388 650 τοῦδε
436 581 747 658 λυπηθεὶς
798 581 957 661 ἔσει,
1005 583 1117 649 sed
1165 584 1334 669 apud
1372 583 1765 671 Aeschylum
1807 604 1933 649 non
1970 591 2157 671 rogat
2190 606 2300 651 rex
2337 590 2414 651 ut
2452 584 2600 652 cho-

227 711 323 756 rus
369 688 678 776 explicet,
729 690 883 775 quid
933 688 1220 755 dicturus
1266 692 1386 768 sit,
1434 689 1542 756 sed
1589 690 1745 776 quid
1791 690 2045 756 dixerit.
2128 690 2460 757 Nimirum
2509 693 2601 756 at-

223 797 484 863 firmarat
533 818 569 864 e
616 801 788 863 zonis
832 803 1165 883 suppetere
1211 798 1335 864 sibi
1382 798 1678 879 μηχανὴν
1724 798 1942 871 καλήν.
1995 794 2191 882 Cupit
2228 798 2449 865 audire
2485 819 2598 865 rex

221 903 356 990 quid
401 904 522 970 hoc
569 904 695 970 sibi
741 903 935 971 velit:

661 1009 834 1087 λέξον
879 1012 994 1076 τιν’
1042 1011 1230 1086 αὐδὴν
1278 1010 1455 1087 τήνδε
1501 1008 1830 1092 γηρυθεῖσ’
1882 1008 2129 1092 ἔχεις.

219 1114 345 1182 Hoc
410 1116 713 1205 intelligo
781 1122 969 1183 certe.
1067 1116 1251 1183 Nihil
1320 1137 1478 1202 opus
1539 1123 1636 1182 est
1697 1116 1775 1182 de
1841 1138 1914 1182 ea
1972 1115 2290 1183 locutione
2335 1116 2596 1185 laudare

217 1220 405 1308 locos,
455 1244 617 1309 quos
665 1223 859 1288 multi
904 1222 1301 1312 collegerunt
1316 1245 1334 1302 ς
1383 1226 1451 1289 in
1488 1221 1625 1289 solo
1662 1222 1969 1307 Euripide
2009 1223 2313 1292 terdecies
2353 1224 2593 1290 inveni.

217 1328 596 1417 Plerumque
651 1333 1060 1417 participium
1122 1332 1409 1396 activum
1468 1337 1600 1407 est,
1652 1329 1763 1395 sed
1807 1328 1996 1395 Plato
2042 1330 2296 1416 scripsit
2344 1328 2595 1419 Cratyl.

218 1434 338 1502 404
382 1461 441 1503 c:
513 1438 781 1517 λέγεται
841 1438 868 1503 ὃ
912 1438 1067 1510 Ζεὺς
1117 1438 1311 1512 αὐτῆς
1358 1435 1644 1518 ἐρασθεὶς
1693 1433 1890 1519 ἔχειν.
1939 1435 2250 1525 Aeschyli
2296 1436 2423 1504 loci
2469 1458 2596 1504 non

214 1550 383 1619 sunt,
432 1546 607 1632 quod
650 1566 855 1631 neque
901 1542 1067 1609 nihil
1113 1544 1305 1610 refert
1348 1565 1552 1630 neque
1597 1542 1908 1609 multum.

293 1720 449 1788 Vult
498 1719 750 1789 Chorus
797 1724 945 1795 νέοις
999 1723 1211 1801 πίναξι
1261 1720 1494 1801 βρέτεα
1542 1728 1852 1798 κοσμῆσαι
1899 1717 2073 1785 τάδε.
2167 1718 2266 1786 Ne
2306 1720 2428 1787 hoc
2466 1725 2602 1807 qui·

215 1827 350 1893 dem
413 1850 526 1894 rex
588 1828 941 1918 intelligit,
1007 1832 1118 1914 qui
1180 1830 1577 1916 ignoravisse
1636 1827 1894 1893 videtur
1940 1827 2267 1913 virginum
2318 1846 2600 1914 morem,

218 1955 364 2019 quae
409 1956 638 2002 zonam
686 1937 1108 2012 adhibebant,
1157 1942 1234 2001 ut
1281 1933 1619 2020 suspendio
1667 1935 1874 1998 vitam
1922 1930 2192 1997 finirent.
2278 1934 2598 2012 Λίνιγμοι-

216 2042 388 2114 aaa&
439 2042 708 2118 τοῦπος,
754 2043 1003 2129 inquit,
1051 2044 1203 2108 ἀλλ’
1251 2042 1468 2113 ἁπλῶς
1515 2038 1774 2120 φράσον.
1825 2037 1994 2104 Tum
2044 2035 2326 2104 Chorus:

665 2149 732 2214 ἐκ
780 2151 952 2216 τῶνδ’
1002 2147 1163 2220 ὅπως
1214 2147 1438 2229 ‘rixae'
1486 2142 1923 2225 ἀπάγξασθαι
1971 2146 2180 2210 θεῶν.

218 2251 531 2325 Praestat:
583 2254 1024 2336 ἀπάγξασθαι
1072 2253 1300 2321 θέλω.

301 2434 546 2506 Vitiosa
593 2440 787 2507 lectio
837 2446 933 2507 est
981 2461 1076 2507 vs.
1132 2438 1299 2506 504:

664 2551 919 2629 τούτῳ
964 2548 1105 2626 μὲν
1153 2543 1341 2618 εἴποις
1388 2546 1494 2612 καὶ
1542 2546 1934 2623 τεταγμένος
1984 2546 2120 2612 κίοι.

222 2645 709 2736 simplicissima
772 2656 1088 2721 sententia
1135 2659 1230 2719 est
1276 2659 1342 2719 et
1388 2652 1545 2720 olim
1567 2700 1583 2730 ‚
1633 2655 1758 2718 nisi
1809 2651 1993 2718 fallor
2014 2700 2030 2730 ‚
2077 2655 2390 2738 scriptum
2438 2653 2601 2718 fuit:

222 2750 297 2820 εὖ
337 2758 482 2836 ’μὲν
530 2758 696 2827 τόδ’
747 2756 954 2832 εἴποις.

303 2936 438 3019 Quo
506 2959 692 3005 seusu
755 2937 977 3024 Suppl.
1049 2937 1179 3004 559
1229 2935 1378 3017 ὕδωρ
1423 2938 1494 3004 τὸ
1544 2940 1776 3004 Νείλου
1824 2939 2059 3004 dicitur
2105 2938 2365 3013 νόσοις
2412 2936 2602 3004 ἄθικ-

224 3042 353 3108 τονῗ
422 3046 793 3111 Audiamus
839 3043 1218 3110 Stanleium.
1273 3044 1564 3124 „Nilus''‚
1612 3048 1861 3131 inquit,
1913 3045 2257 3122 „laudatur
2302 3046 2382 3110 ob
2431 3044 2604 3111 salu-

228 3149 553 3238 britatem;
616 3172 778 3236 aqua
832 3150 1084 3216 Niliaca
1145 3149 1447 3216 mulieres
1504 3151 1660 3218 adeo
1707 3151 2051 3217 foecundae
2096 3150 2483 3229 redduntur,
2531 3159 2608 3217 ut

230 3275 341 3323 uno
401 3263 595 3345 partu
654 3258 862 3323 foetus
926 3255 1141 3343 plures
1203 3259 1543 3323 enitantur.
1641 3257 1823 3324 Idem
1885 3256 1962 3323 de
2007 3259 2218 3323 vaccis
2263 3259 2609 3345 Aegyptiis

228 3364 513 3431 traditur.
608 3363 873 3430 Accedit
935 3365 1132 3430 etiam
1181 3364 1259 3429 ad
1305 3364 1753 3430 salubritatem
1802 3364 2391 3440 demonstrandam,
2443 3364 2612 3449 quod

232 3487 353 3548 eos,
416 3471 532 3558 qui
595 3492 671 3537 ex
734 3474 872 3556 ipsa
929 3470 1259 3557 biberunt,
1324 3473 1600 3559 pingues
1660 3470 1888 3536 reddit.
1983 3469 2069 3535 Et
2127 3470 2316 3535 bodie
2363 3490 2612 3556 quoque

233 3571 489 3644 Oahirae
533 3578 613 3642 ad
662 3579 945 3663 primum
992 3580 1372 3644 incrementi
1418 3577 1658 3644 Niliaci
1705 3582 2106 3643 momentum
2157 3577 2433 3642 subsidit
2477 3599 2614 3662 pes·

234 3679 502 3762 tilentia3
560 3704 748 3749 nemo
810 3689 952 3749 tum
1020 3687 1330 3762 moritur,
1387 3684 1542 3751 licet
1592 3684 1795 3765 pridie
1845 3681 2247 3772 quingenti.”
2342 3682 2610 3749 Stanleii

235 3783 439 3856 laudes
487 3790 844 3856 multorum
892 3792 1275 3875 scriptorum
1315 3793 1704 3856 testimoniis
1742 3789 2194 3855 confirmantur
2232 3793 2297 3854 et
2333 3789 2410 3854 de
2451 3809 2615 3874 aqua

239 3892 472 3964 Niliaca
541 3898 810 3963 conferri
871 3902 1171 3983 poterunt
1231 3895 1471 3964 Athen.
1530 3897 1614 3962 ΙΙ.
1667 3919 1730 3982 p.
1782 3897 1862 3962 41
1915 3896 1987 3981 F,
2041 3894 2272 3961 Achill.
2323 3893 2466 3961 Tat.
2513 3893 2612 3960 IV

246 3998 355 4087 18,
414 4002 790 4090 Spartianus
850 4006 919 4068 in
978 4004 1328 4070 Pescennio
1386 4005 1592 4093 Nigro
1658 4025 1710 4068 c.
1766 4002 1803 4071 7
1853 4010 1916 4069 et
1961 4004 2075 4088 qui
2121 4023 2270 4068 non.
2365 4000 2615 4067 Verum

244 4109 592 4191 pestilentia
637 4110 907 4177 Cabirae
951 4117 1316 4199 grassante,
1363 4109 1512 4190 ὕδωρ
1557 4112 1629 4175 τὸ
1670 4109 1898 4175 Νείλου
1940 4130 2063 4174 non
2104 4129 2253 4174 sane
2291 4115 2387 4174 est
2427 4106 2613 4182 νόσοις

248 4211 495 4282 ἄθικτον.
519 4216 855 4283 Praeterea
880 4218 1322 4305 quis‘ignorat‚
1342 4216 1549 4283 multa
1574 4218 1942 4283 morborum
1968 4236 2201 4304 genera
2224 4217 2292 4280 in
2315 4213 2621 4304 Aegypto

255 4323 508 4389 minime
553 4343 693 4388 rara
740 4321 915 4389 esse?
961 4324 1060 4390 Ne
1107 4324 1295 4411 longe
1337 4326 1671 4390 abeamus:
1711 4324 2056 4389 secundum
2097 4322 2500 4387 Herodotum
2542 4322 2623 4388 ΙΙ.

253 4423 340 4508 ι84
395 4429 461 4493 in
509 4431 808 4516 Aegypto
856 4431 1066 4495 πάντα
1115 4432 1325 4513 ἰητρῶν
1371 4431 1461 4501 ἐστὶ
1512 4433 1699 4497 πλέοι.
1785 4428 1952 4495 Sunt
1996 4428 2264 4494 medici:
2313 4436 2464 4495 sunt
2509 4431 2635 4517 igi·

2345 4548 2376 4597 6
