3192 5017
605 303 737 387 sie
1429 382 1434 388 .
1633 332 1984 386 consume

707 506 944 575 Cimon.
1009 506 1127 574 IV.
1187 508 1260 573 l:
1310 508 1452 594 fuit
1493 511 1657 573 enim
1726 519 1903 574 tanta
1950 507 2348 584 liberalitate,
2399 530 2539 572 cum
2585 473 2964 592 compluribus

605 616 750 681 locis
788 616 1058 703 praedia
1106 615 1432 702 hortosque
1480 614 1759 692 haberet,
1807 627 1877 679 ut
1922 637 2266 700 numquam
2310 615 2376 677 in
2422 615 2503 677 iis
2549 611 2831 677 custodem
2880 623 2967 672 11·

603 724 883 809 posuerit
932 721 1210 808 [fructus
1256 720 1550 787 servandi
1597 722 1862 808 gratiaJ.

699 826 998 893 Primum
1046 827 1282 893 scribe:
1335 830 1400 892 in
1445 829 1523 891 iis
1570 829 1863 892 custodem
1908 829 2177 893 rosum-it
2225 846 2336 912 pro
2387 827 2764 915 imposuerit.
2811 820 2970 887 Dice·

611 934 765 999 bant
831 936 1005 1000 enim
1070 954 1289 999 omnes
1351 935 1658 998 custodem
1717 936 1902 1011 dare,
1968 936 2226 1011 addere,
2264 956 2496 1022 ponere
2543 943 2608 997 et
2655 949 2968 1020 apponere,

609 1059 733 1104 non
779 1043 1118 1129 imponere,
1172 1039 1341 1126 quod
1388 1040 1465 1104 de
1503 1041 1822 1128 praesidio
1870 1042 2134 1123 «licitur,
2180 1060 2304 1105 non
2353 1040 2431 1105 de
2479 1041 2775 1105 custodia.

698 1145 944 1212 Deinde
1002 1168 1297 1233 expungo
1359 1146 1681 1211 emblema
1728 1146 2027 1230 putidum
2075 1153 2140 1210 et
2186 1146 2356 1211 male
2403 1147 2705 1211 Latinum
2742 1145 2973 1230 fructus

605 1255 894 1317 servandi
949 1255 1181 1337 qratia.
1280 1252 1503 1337 Neque
1568 1254 1740 1316 enim
1796 1251 2052 1336 fruc-tus
2116 1251 2232 1317 hoc
2297 1274 2486 1317 sensu
2551 1255 2619 1317 in
2684 1249 2971 1337 singulari

608 1378 874 1424 numero
919 1359 1179 1445 ponitur
1223 1364 1288 1424 et
1334 1378 1521 1423 nemo
1576 1361 1778 1423 nescit
1823 1378 1936 1422 cur
1982 1359 2272 1424 custodes
2312 1373 2628 1445 ponantur
2668 1360 2733 1422 in
2774 1357 2971 1421 hortis.

712 1572 950 1639 Cimon.
1014 1571 1124 1639 IV.
1191 1571 1267 1636 3:
1333 1574 1604 1659 quotidie
1657 1575 1739 1636 sic
1785 1596 1927 1637 cena
1971 1574 2028 1637 ei
2070 1575 2464 1660 coquebatur,
2516 1588 2583 1639 ut
2631 1598 2781 1662 quos
2826 1576 2974 1638 invo-

611 1693 775 1745 catos
823 1683 1070 1744 vidisset
1115 1683 1181 1744 in
1218 1680 1374 1764 foro
1422 1703 1628 1744 omnes
1674 1692 1995 1744 Dssvocaret
2017 1705 2035 1742 .·
2083 1683 2249 1766 quod
2283 1681 2496 1766 facere
2544 1681 2785 1745 nullum
2838 1682 2977 1744 diem

611 1786 1072 1852 intermittebat.

706 1891 1032 1972 Solemus,
1095 1894 1349 1978 opinor,
1413 1890 1695 1976 aliquem
1758 1892 1837 1958 ad
1895 1915 2116 1958 cenam
2180 1918 2420 1970 vocare,
2488 1916 2614 1960 non
2675 1914 2974 1964 nnvocare.

614 2003 689 2064 ut
752 1996 991 2065 Graece
1056 2007 1274 2064 καλεῖν
1337 1998 1435 2062 ἐπὶ
1485 1999 1721 2064 δεῖπνον
1770 2005 1834 2063 et
1878 2000 2195 2083 hospitem
2246 1999 2345 2064 ἐπὶ
2392 1999 2600 2085 ξένια,
2641 2021 2765 2066 non
2805 2023 2981 2065 καιτα-

616 2113 865 2183 namin,
936 2105 1103 2191 quod
1166 2105 1514 2171 absurdum
1566 2111 1681 2170 est.
1775 2104 1947 2170 Hinc
1996 2108 2345 2171 sexcenties
2392 2107 2634 2195 legitur
2680 2110 2732 2172 οἱ
2780 2120 2981 2178 κεκλη-

616 2211 821 2295 μένοι,
869 2209 1140 2285 dxl-nive
1163 2261 1178 2287 ,
1227 2214 1575 2294 invocatus,
1624 2214 1995 2275 vocationem
2041 2235 2327 2297 quaerere
2373 2219 2437 2278 et
2484 2216 2630 2278 sim.
2718 2212 2842 2278 Sed
2884 2212 2980 2275 ubi

617 2330 855 2383 vocaret
917 2319 1271 2383 restitueris
1336 2317 1484 2383 vide
1545 2310 1711 2380 mihi
1759 2338 1953 2402 quam
2001 2319 2273 2383 absurda
2320 2325 2384 2385 et
2431 2341 2468 2385 a
2512 2326 2744 2387 natura
2790 2338 2981 2384 rerum

613 2424 1083 2509 hominumque
1146 2423 1353 2489 aliena
1397 2421 1613 2509 Nepos
1660 2428 1901 2488 narret:
1952 2448 2103 2510 quos
2148 2426 2455 2491 invocatos
2500 2429 2749 2491 vidisset
2795 2440 2981 2491 omma

614 2530 881 2595 vocabat.
978 2529 1147 2609 Quid
1194 2530 1472 2610 essetin
1519 2548 1592 2593 ea
1638 2549 1706 2593 re
1756 2530 1892 2595 veri
1940 2534 2004 2594 et
2054 2529 2218 2595 unde
2262 2530 2531 2616 Nepotis
2571 2535 2793 2620 gravis
2834 2551 2983 2597 error

612 2641 800 2701 natus
848 2637 935 2700 sit
981 2635 1376 2701 ostendimus
1421 2636 1489 2699 in
1537 2633 1948 2700 Mnfflosmn
1999 2633 2169 2702 1881
2221 2657 2367 2723 pag.
2420 2633 2506 2703 58
2555 2660 2687 2725 sqq.

705 2849 888 2930 Quod
955 2849 1241 2936 Scaliger
1301 2847 1539 2913 alicubi
1601 2848 1765 2913 dixit
1839 2846 2081 2913 Codices
2141 2872 2263 2914 esse
2308 2850 2695 2936 sterquilinia
2746 2849 2848 2917 vel
2892 2849 2981 2912 hic

612 2976 778 3021 unus
822 2955 1000 3022 locus
1049 2976 1243 3041 quam
1291 2976 1515 3020 verum
1567 2956 1655 3019 sit
1702 2954 1999 3020 declarat.

706 3061 829 3126 Pro
875 3062 1241 3148 coquebatur
1288 3066 1439 3125 sunt
1484 3062 1596 3144 qui
1645 3061 1987 3126 exhibeant
2033 3077 2155 3135 Quo
2203 3064 2600 3136 QUnRebatur.

704 3168 830 3233 Pro
877 3171 1182 3234 invocatos
1230 3179 1608 3233 convocatos.

704 3276 829 3342 Pro
876 3278 1187 3341 devocaret
1232 3276 1557 3338 devoRaret
1606 3277 1670 3337 et
1715 3276 2099 3340 devonarent.

703 3383 827 3449 Pro
874 3381 1313 3447 intermittebat
1359 3381 1946 3445 Pnaa'rnnmittebat.

702 3490 827 3555 Pro
874 3490 1144 3575 quotidie
1192 3489 1419 3551 cotidie
1466 3490 1531 3551 et
1579 3489 1871 3552 co'rtidie.

702 3594 871 3676 Quid
932 3615 1004 3660 eo
1067 3594 1327 3658 homine
1387 3592 1581 3657 facias
1646 3592 1754 3676 qui
1822 3594 2092 3658 scribat:
2159 3599 2403 3661 cottidie
2463 3600 2548 3661 sic
2593 3621 2733 3662 cena
2780 3602 2838 3663 ei
2878 3619 2981 3684 quo

613 3703 981 3789 querebatur
1027 3712 1097 3764 ut
1123 3722 1291 3786 quos
1339 3712 1687 3764 convocatos
1736 3701 1979 3765 vidisset
2024 3703 2089 3764 in
2126 3703 2281 3787 foro
2328 3725 2531 3767 omnes
2579 3705 2929 3769 devoraret!

711 3912 949 3979 Cimon.
998 3910 1108 3975 IV.
1159 3908 1232 3974 3:
1283 3908 1624 3994 complures
1662 3933 1970 3998 pauperes
2015 3924 2320 3990 mortuos,
2370 3916 2481 3998 qui
2518 3917 2676 3979 unde
2708 3917 2978 4001 offerren-

616 4030 723 4084 tur
764 4042 888 4084 non
934 4017 1348 4102 reliquissent,
1401 4036 1508 4078 suo
1556 4028 1765 4080 sumtu
1811 4017 2047 4081 extulit.

706 4123 913 4205 Quam
984 4123 1095 4187 diu
1166 4123 1364 4186 etiam
1437 4120 1853 4187 stolidissima
1927 4124 2360 4190 additamenta
2431 4126 2630 4192 latere
2702 4119 2977 4212 possunt!

613 4228 802 4296 Nunc
850 4228 1104 4294 tandem
1154 4228 1321 4291 sensi
1369 4241 1646 4292 mortuos
1694 4230 2043 4294 insiticium
2086 4250 2237 4296 esse.
2331 4231 2475 4297 Non
2518 4232 2794 4299 solemus
2832 4236 2980 4297 vivos

613 4334 879 4419 sepelire
950 4339 1015 4399 et
1082 4335 1194 4417 qui
1262 4333 1564 4397 dicuntur
1630 4357 1754 4398 non
1823 4336 2136 4422 reliquisse
2200 4339 2359 4401 unde
2420 4340 2787 4425 efferrentur
2857 4340 2978 4402 siue

613 4441 1040 4508 controversia
1087 4441 1253 4503 inter
1299 4438 1589 4503 homines
1638 4441 1867 4505 morari
1917 4440 2256 4507 desierunt.
