<?xml version="1.0" encoding="UTF-8"?>
<!DOCTYPE html PUBLIC "-//W3C//DTD XHTML 1.0 Transitional//EN"
    "http://www.w3.org/TR/xhtml1/DTD/xhtml1-transitional.dtd">
<html xmlns="http://www.w3.org/1999/xhtml" xml:lang="en" lang="en">
 <head>
  <title>
</title>
<meta http-equiv="Content-Type" content="text/html;charset=utf-8" />
  <meta name='ocr-system' content='tesseract 3.04.00' />
  <meta name='ocr-capabilities' content='ocr_page ocr_carea ocr_par ocr_line ocrx_word'/>
</head>
<body>
  <div class='ocr_page' id='page_1' title='image "./mnemosynebiblio14servgoog_0828.png"; bbox 0 0 3192 5017; ppageno 0'>
   <div class='ocr_carea' id='block_1_1' title="bbox 607 261 2057 339">
    <p class='ocr_par' dir='ltr' id='par_1_1' title="bbox 607 261 2057 339">
     <span class='ocr_line' id='line_1_1' title="bbox 607 261 2057 339; baseline 0.004 -10"><span class='ocrx_word' id='word_1_1' title='bbox 607 261 739 330; x_wconf 83' lang='lat'><strong>368</strong></span> <span class='ocrx_word' id='word_1_2' title='bbox 1562 288 2057 339; x_wconf 71' lang='lat' dir='ltr'><strong>Amsrormns.</strong></span> 
     </span>
    </p>
   </div>
   <div class='ocr_carea' id='block_1_2' title="bbox 597 451 2965 967">
    <p class='ocr_par' dir='ltr' id='par_1_2' title="bbox 605 451 2957 650">
     <span class='ocr_line' id='line_1_2' title="bbox 605 451 2957 548; baseline 0.005 -31"><span class='ocrx_word' id='word_1_3' title='bbox 605 451 727 518; x_wconf 85' lang='lat' dir='ltr'><strong>Sed</strong></span> <span class='ocrx_word' id='word_1_4' title='bbox 788 454 916 518; x_wconf 85' lang='lat' dir='ltr'><strong>iam</strong></span> <span class='ocrx_word' id='word_1_5' title='bbox 983 456 1137 519; x_wconf 84' lang='lat' dir='ltr'><strong>satis</strong></span> <span class='ocrx_word' id='word_1_6' title='bbox 1200 455 1494 522; x_wconf 85' lang='lat' dir='ltr'><strong>videmus</strong></span> <span class='ocrx_word' id='word_1_7' title='bbox 1544 477 1618 523; x_wconf 93' lang='lat' dir='ltr'><strong>eo</strong></span> <span class='ocrx_word' id='word_1_8' title='bbox 1669 458 1842 533; x_wconf 88' lang='lat' dir='ltr'><strong>Ioco,</strong></span> <span class='ocrx_word' id='word_1_9' title='bbox 1892 480 1929 524; x_wconf 89' lang='lat' dir='ltr'><strong>a</strong></span> <span class='ocrx_word' id='word_1_10' title='bbox 1973 479 2098 543; x_wconf 92' lang='lat' dir='ltr'><strong>quo</strong></span> <span class='ocrx_word' id='word_1_11' title='bbox 2144 458 2415 525; x_wconf 76' lang='lat' dir='ltr'><strong>fecimus</strong></span> <span class='ocrx_word' id='word_1_12' title='bbox 2462 462 2720 526; x_wconf 87' lang='lat' dir='ltr'><strong>initium</strong></span> <span class='ocrx_word' id='word_1_13' title='bbox 2768 461 2957 548; x_wconf 86' lang='lat' dir='ltr'><strong>dispu-</strong></span> 
     </span>
     <span class='ocr_line' id='line_1_3' title="bbox 605 561 2286 650; baseline 0.003 -26"><span class='ocrx_word' id='word_1_14' title='bbox 605 561 818 636; x_wconf 87' lang='lat' dir='ltr'><strong>tandi,</strong></span> <span class='ocrx_word' id='word_1_15' title='bbox 874 563 1231 639; x_wconf 83' lang='grc' dir='ltr'><strong><em>γυμνασίων</em></strong></span> <span class='ocrx_word' id='word_1_16' title='bbox 1293 569 1459 628; x_wconf 82' lang='lat' dir='ltr'><strong>stare</strong></span> <span class='ocrx_word' id='word_1_17' title='bbox 1502 585 1626 629; x_wconf 90' lang='lat' dir='ltr'><strong>non</strong></span> <span class='ocrx_word' id='word_1_18' title='bbox 1674 585 1854 650; x_wconf 88' lang='lat' dir='ltr'><strong>posse</strong></span> <span class='ocrx_word' id='word_1_19' title='bbox 1899 572 1964 630; x_wconf 89' lang='lat' dir='ltr'><strong>et</strong></span> <span class='ocrx_word' id='word_1_20' title='bbox 2010 568 2286 632; x_wconf 89' lang='lat' dir='ltr'><strong>conicio:</strong></span> 
     </span>
    </p>

    <p class='ocr_par' dir='ltr' id='par_1_3' title="bbox 597 665 2965 967">
     <span class='ocr_line' id='line_1_4' title="bbox 785 665 2884 750; baseline 0.002 -19"><span class='ocrx_word' id='word_1_21' title='bbox 785 665 937 732; x_wconf 71' lang='grc' dir='ltr'><strong><em>οἴνου</em></strong></span> <span class='ocrx_word' id='word_1_22' title='bbox 985 673 1043 731; x_wconf 84' lang='grc' dir='ltr'><strong>τ’</strong></span> <span class='ocrx_word' id='word_1_23' title='bbox 1087 667 1324 750; x_wconf 78' lang='grc' dir='ltr'><strong><em>ἀπέχει</em></strong></span> <span class='ocrx_word' id='word_1_24' title='bbox 1376 670 1477 734; x_wconf 78' lang='grc' dir='ltr'><strong>καὶ</strong></span> <span class='ocrx_word' id='word_1_25' title='bbox 1527 671 1995 749; x_wconf 71' lang='grc' dir='ltr'><strong><em>βαλανείων</em></strong></span> <span class='ocrx_word' id='word_1_26' title='bbox 2042 672 2147 735; x_wconf 78' lang='grc' dir='ltr'><strong>καὶ</strong></span> <span class='ocrx_word' id='word_1_27' title='bbox 2197 680 2313 738; x_wconf 83' lang='grc' dir='ltr'><strong>τῶν</strong></span> <span class='ocrx_word' id='word_1_28' title='bbox 2359 673 2575 738; x_wconf 78' lang='grc' dir='ltr'><strong>ἀλλων</strong></span> <span class='ocrx_word' id='word_1_29' title='bbox 2612 675 2884 749; x_wconf 71' lang='grc' dir='ltr'><strong><em>ἀνοήτων.</em></strong></span> 
     </span>
     <span class='ocr_line' id='line_1_5' title="bbox 601 774 2965 866; baseline 0.003 -28"><span class='ocrx_word' id='word_1_30' title='bbox 601 776 822 861; x_wconf 79' lang='lat' dir='ltr'><strong>Longe</strong></span> <span class='ocrx_word' id='word_1_31' title='bbox 882 774 1002 840; x_wconf 92' lang='lat' dir='ltr'><strong>hoc</strong></span> <span class='ocrx_word' id='word_1_32' title='bbox 1062 774 1296 841; x_wconf 89' lang='lat' dir='ltr'><strong>melius</strong></span> <span class='ocrx_word' id='word_1_33' title='bbox 1358 796 1552 861; x_wconf 87' lang='lat' dir='ltr'><strong>quam</strong></span> <span class='ocrx_word' id='word_1_34' title='bbox 1608 777 1918 865; x_wconf 79' lang='lat' dir='ltr'>Diogenis</span> <span class='ocrx_word' id='word_1_35' title='bbox 1981 778 2358 859; x_wconf 75' lang='grc' dir='ltr'><strong>ἀδηφαγίας</strong></span> <span class='ocrx_word' id='word_1_36' title='bbox 2406 785 2472 845; x_wconf 90' lang='lat' dir='ltr'><strong>et</strong></span> <span class='ocrx_word' id='word_1_37' title='bbox 2524 801 2714 866; x_wconf 85' lang='lat' dir='ltr'><strong>supra</strong></span> <span class='ocrx_word' id='word_1_38' title='bbox 2762 780 2965 846; x_wconf 85' lang='lat' dir='ltr'><strong>chorus</strong></span> 
     </span>
     <span class='ocr_line' id='line_1_6' title="bbox 597 879 1534 967; baseline 0.002 -23"><span class='ocrx_word' id='word_1_39' title='bbox 597 879 729 944; x_wconf 88' lang='lat' dir='ltr'><strong>iam</strong></span> <span class='ocrx_word' id='word_1_40' title='bbox 776 882 1132 967; x_wconf 82' lang='lat' dir='ltr'><strong>exagitarat</strong></span> <span class='ocrx_word' id='word_1_41' title='bbox 1179 881 1248 945; x_wconf 78' lang='grc' dir='ltr'><strong>τὸ</strong></span> <span class='ocrx_word' id='word_1_42' title='bbox 1298 882 1534 961; x_wconf 74' lang='grc' dir='ltr'><strong><em>ἀριςᾶν.</em></strong></span> 
     </span>
    </p>
   </div>
   <div class='ocr_carea' id='block_1_3' title="bbox 560 1094 2966 4474">
    <p class='ocr_par' dir='ltr' id='par_1_4' title="bbox 644 1094 2735 1392">
     <span class='ocr_line' id='line_1_7' title="bbox 689 1094 2386 1166; baseline 0.004 -6"><span class='ocrx_word' id='word_1_43' title='bbox 689 1094 877 1161; x_wconf 88' lang='lat' dir='ltr'><strong>Nunc</strong></span> <span class='ocrx_word' id='word_1_44' title='bbox 927 1096 1275 1162; x_wconf 86' lang='lat' dir='ltr'><strong>videndum</strong></span> <span class='ocrx_word' id='word_1_45' title='bbox 1325 1105 1422 1164; x_wconf 88' lang='lat' dir='ltr'><strong>est</strong></span> <span class='ocrx_word' id='word_1_46' title='bbox 1467 1098 1544 1164; x_wconf 91' lang='lat' dir='ltr'><strong>de</strong></span> <span class='ocrx_word' id='word_1_47' title='bbox 1590 1098 1836 1164; x_wconf 90' lang='lat' dir='ltr'><strong>difficili</strong></span> <span class='ocrx_word' id='word_1_48' title='bbox 1886 1098 2025 1164; x_wconf 94' lang='lat' dir='ltr'><strong>loco</strong></span> <span class='ocrx_word' id='word_1_49' title='bbox 2072 1120 2166 1165; x_wconf 84' lang='lat' dir='ltr'><strong>vs.</strong></span> <span class='ocrx_word' id='word_1_50' title='bbox 2218 1098 2386 1166; x_wconf 83' lang='lat'>541:</span> 
     </span>
     <span class='ocr_line' id='line_1_8' title="bbox 644 1192 2504 1289; baseline 0.002 -23"><span class='ocrx_word' id='word_1_51' title='bbox 644 1192 652 1199; x_wconf 53' lang='lat'><em>⁰</em></span> <span class='ocrx_word' id='word_1_52' title='bbox 866 1202 997 1268; x_wconf 74' lang='grc' dir='ltr'><strong>οὐδὲ</strong></span> <span class='ocrx_word' id='word_1_53' title='bbox 1046 1205 1400 1283; x_wconf 77' lang='grc' dir='ltr'><strong><em>πρεσβύτης</em></strong></span> <span class='ocrx_word' id='word_1_54' title='bbox 1451 1204 1478 1268; x_wconf 81' lang='grc' dir='ltr'><em>ὃ</em></span> <span class='ocrx_word' id='word_1_55' title='bbox 1528 1205 1731 1283; x_wconf 79' lang='grc' dir='ltr'><em>λέγων</em></span> <span class='ocrx_word' id='word_1_56' title='bbox 1780 1203 1995 1279; x_wconf 70' lang='grc' dir='ltr'><strong>τᾶπη</strong></span> <span class='ocrx_word' id='word_1_57' title='bbox 2045 1215 2136 1287; x_wconf 71' lang='grc' dir='ltr'><strong>τῇ</strong></span> <span class='ocrx_word' id='word_1_58' title='bbox 2184 1206 2504 1289; x_wconf 71' lang='grc' dir='ltr'><strong><em>βακτηρία</em></strong></span> 
     </span>
     <span class='ocr_line' id='line_1_9' title="bbox 868 1308 2735 1392; baseline 0.002 -19"><span class='ocrx_word' id='word_1_59' title='bbox 868 1308 1087 1374; x_wconf 81' lang='grc' dir='ltr'><strong><em>τύπτει</em></strong></span> <span class='ocrx_word' id='word_1_60' title='bbox 1136 1310 1239 1375; x_wconf 85' lang='grc' dir='ltr'><strong>τὸν</strong></span> <span class='ocrx_word' id='word_1_61' title='bbox 1287 1311 1541 1392; x_wconf 86' lang='grc' dir='ltr'><strong><em>παρόντ’</em></strong></span> <span class='ocrx_word' id='word_1_62' title='bbox 1592 1310 2026 1392; x_wconf 74' lang='grc' dir='ltr'><strong><em>ἀφανίζων</em></strong></span> <span class='ocrx_word' id='word_1_63' title='bbox 2075 1313 2298 1391; x_wconf 73' lang='grc' dir='ltr'><strong><em>πονηρὰ</em></strong></span> <span class='ocrx_word' id='word_1_64' title='bbox 2346 1311 2735 1390; x_wconf 81' lang='grc' dir='ltr'><strong><em>σκώμματα.</em></strong></span> 
     </span>
    </p>

    <p class='ocr_par' dir='ltr' id='par_1_5' title="bbox 583 1414 2966 2033">
     <span class='ocr_line' id='line_1_10' title="bbox 593 1414 2965 1503; baseline 0.001 -25"><span class='ocrx_word' id='word_1_65' title='bbox 593 1414 954 1499; x_wconf 81' lang='lat' dir='ltr'><strong>Antequam</strong></span> <span class='ocrx_word' id='word_1_66' title='bbox 1034 1417 1111 1482; x_wconf 85' lang='lat' dir='ltr'><strong>ad</strong></span> <span class='ocrx_word' id='word_1_67' title='bbox 1179 1417 1408 1483; x_wconf 90' lang='lat' dir='ltr'><strong>horum</strong></span> <span class='ocrx_word' id='word_1_68' title='bbox 1484 1418 1817 1484; x_wconf 86' lang='lat' dir='ltr'><strong>verborum</strong></span> <span class='ocrx_word' id='word_1_69' title='bbox 1894 1418 2401 1484; x_wconf 79' lang='lat' dir='ltr'><strong>emendationem</strong></span> <span class='ocrx_word' id='word_1_70' title='bbox 2472 1418 2772 1485; x_wconf 80' lang='lat' dir='ltr'><strong>accedam</strong></span> <span class='ocrx_word' id='word_1_71' title='bbox 2794 1468 2812 1503; x_wconf 90' lang='lat'>,</span> <span class='ocrx_word' id='word_1_72' title='bbox 2878 1418 2965 1482; x_wconf 84' lang='lat' dir='ltr'><strong>hic</strong></span> 
     </span>
     <span class='ocr_line' id='line_1_11' title="bbox 593 1523 2966 1610; baseline 0.001 -26"><span class='ocrx_word' id='word_1_73' title='bbox 593 1523 878 1605; x_wconf 86' lang='lat' dir='ltr'><strong>primum</strong></span> <span class='ocrx_word' id='word_1_74' title='bbox 941 1524 1122 1588; x_wconf 86' lang='lat' dir='ltr'><strong>iuvat</strong></span> <span class='ocrx_word' id='word_1_75' title='bbox 1185 1543 1481 1608; x_wconf 84' lang='lat' dir='ltr'><strong>quaerere</strong></span> <span class='ocrx_word' id='word_1_76' title='bbox 1547 1524 1697 1609; x_wconf 92' lang='lat' dir='ltr'><strong>quid</strong></span> <span class='ocrx_word' id='word_1_77' title='bbox 1760 1523 2220 1610; x_wconf 79' lang='lat' dir='ltr'><strong>Aristophanes</strong></span> <span class='ocrx_word' id='word_1_78' title='bbox 2280 1527 2540 1590; x_wconf 88' lang='lat' dir='ltr'><strong>innuere</strong></span> <span class='ocrx_word' id='word_1_79' title='bbox 2594 1524 2875 1590; x_wconf 86' lang='lat' dir='ltr'><strong>voluerit</strong></span> <span class='ocrx_word' id='word_1_80' title='bbox 2913 1532 2966 1588; x_wconf 81' lang='lat' dir='ltr'><strong>et</strong></span> 
     </span>
     <span class='ocr_line' id='line_1_12' title="bbox 586 1628 2965 1713; baseline 0.001 -22"><span class='ocrx_word' id='word_1_81' title='bbox 586 1648 686 1693; x_wconf 87' lang='lat' dir='ltr'><strong>res</strong></span> <span class='ocrx_word' id='word_1_82' title='bbox 755 1628 921 1692; x_wconf 90' lang='lat' dir='ltr'><strong>mihi</strong></span> <span class='ocrx_word' id='word_1_83' title='bbox 993 1630 1117 1693; x_wconf 82' lang='lat' dir='ltr'><strong>erit</strong></span> <span class='ocrx_word' id='word_1_84' title='bbox 1188 1650 1335 1694; x_wconf 90' lang='lat' dir='ltr'><strong>cum</strong></span> <span class='ocrx_word' id='word_1_85' title='bbox 1407 1628 1738 1696; x_wconf 80' lang='lat' dir='ltr'><strong>Theodoro</strong></span> <span class='ocrx_word' id='word_1_86' title='bbox 1809 1630 2094 1713; x_wconf 81' lang='lat' dir='ltr'><strong>Kockio,</strong></span> <span class='ocrx_word' id='word_1_87' title='bbox 2153 1630 2339 1695; x_wconf 89' lang='lat' dir='ltr'><strong>cuius</strong></span> <span class='ocrx_word' id='word_1_88' title='bbox 2395 1630 2591 1695; x_wconf 83' lang='lat' dir='ltr'><strong>editio</strong></span> <span class='ocrx_word' id='word_1_89' title='bbox 2649 1629 2965 1709; x_wconf 89' lang='lat' dir='ltr'><strong>Nubium,</strong></span> 
     </span>
     <span class='ocr_line' id='line_1_13' title="bbox 586 1734 2964 1821; baseline 0 -23"><span class='ocrx_word' id='word_1_90' title='bbox 586 1754 746 1819; x_wconf 90' lang='lat' dir='ltr'><strong>quae</strong></span> <span class='ocrx_word' id='word_1_91' title='bbox 813 1739 959 1799; x_wconf 90' lang='lat' dir='ltr'><strong>ante</strong></span> <span class='ocrx_word' id='word_1_92' title='bbox 1026 1755 1137 1800; x_wconf 82' lang='lat' dir='ltr'><strong>sex</strong></span> <span class='ocrx_word' id='word_1_93' title='bbox 1200 1755 1392 1801; x_wconf 86' lang='lat' dir='ltr'><strong>annos</strong></span> <span class='ocrx_word' id='word_1_94' title='bbox 1450 1735 1730 1821; x_wconf 86' lang='lat' dir='ltr'><strong>prodiit,</strong></span> <span class='ocrx_word' id='word_1_95' title='bbox 1794 1735 2001 1800; x_wconf 87' lang='lat' dir='ltr'><strong>multa</strong></span> <span class='ocrx_word' id='word_1_96' title='bbox 2067 1734 2258 1799; x_wconf 86' lang='lat' dir='ltr'><strong>utilia</strong></span> <span class='ocrx_word' id='word_1_97' title='bbox 2318 1734 2549 1812; x_wconf 87' lang='lat' dir='ltr'><strong>habet,</strong></span> <span class='ocrx_word' id='word_1_98' title='bbox 2617 1755 2788 1819; x_wconf 88' lang='lat' dir='ltr'><strong>quae</strong></span> <span class='ocrx_word' id='word_1_99' title='bbox 2836 1754 2964 1799; x_wconf 88' lang='lat' dir='ltr'><strong>cum</strong></span> 
     </span>
     <span class='ocr_line' id='line_1_14' title="bbox 583 1839 2963 1929; baseline -0 -25"><span class='ocrx_word' id='word_1_100' title='bbox 583 1842 824 1927; x_wconf 82' lang='lat' dir='ltr'><strong>insigni</strong></span> <span class='ocrx_word' id='word_1_101' title='bbox 885 1840 1099 1906; x_wconf 88' lang='lat' dir='ltr'><strong>fructu</strong></span> <span class='ocrx_word' id='word_1_102' title='bbox 1161 1843 1473 1929; x_wconf 83' lang='lat' dir='ltr'><strong>cognovi,</strong></span> <span class='ocrx_word' id='word_1_103' title='bbox 1539 1840 1648 1906; x_wconf 90' lang='lat' dir='ltr'><strong>sed</strong></span> <span class='ocrx_word' id='word_1_104' title='bbox 1710 1861 1913 1926; x_wconf 86' lang='lat' dir='ltr'><strong>pauca</strong></span> <span class='ocrx_word' id='word_1_105' title='bbox 1972 1840 2416 1921; x_wconf 77' lang='grc' dir='ltr'><strong><em>παροράματα.</em></strong></span> <span class='ocrx_word' id='word_1_106' title='bbox 2508 1839 2812 1906; x_wconf 89' lang='lat' dir='ltr'><strong>Primum</strong></span> <span class='ocrx_word' id='word_1_107' title='bbox 2873 1840 2963 1904; x_wconf 83' lang='lat' dir='ltr'><strong>hic</strong></span> 
     </span>
     <span class='ocr_line' id='line_1_15' title="bbox 583 1945 1479 2033; baseline -0.001 -22"><span class='ocrx_word' id='word_1_108' title='bbox 583 1945 803 2012; x_wconf 83' lang='lat' dir='ltr'><strong>laudat</strong></span> <span class='ocrx_word' id='word_1_109' title='bbox 848 1946 1183 2033; x_wconf 83' lang='lat' dir='ltr'><strong>Eupolidis</strong></span> <span class='ocrx_word' id='word_1_110' title='bbox 1230 1947 1479 2013; x_wconf 91' lang='lat' dir='ltr'><strong>locum:</strong></span> 
     </span>
    </p>

    <p class='ocr_par' dir='ltr' id='par_1_6' title="bbox 946 2051 2442 2134">
     <span class='ocr_line' id='line_1_16' title="bbox 946 2051 2442 2134; baseline -0.001 -17"><span class='ocrx_word' id='word_1_111' title='bbox 946 2053 1015 2117; x_wconf 88' lang='grc' dir='ltr'><strong>τὸ</strong></span> <span class='ocrx_word' id='word_1_112' title='bbox 1063 2055 1203 2120; x_wconf 77' lang='grc' dir='ltr'><strong>δεῖν’</strong></span> <span class='ocrx_word' id='word_1_113' title='bbox 1251 2056 1538 2128; x_wconf 56' lang='lat' dir='ltr'><strong>ainohun</strong></span> <span class='ocrx_word' id='word_1_114' title='bbox 1590 2052 1945 2134; x_wconf 73' lang='grc' dir='ltr'><em>Ἡράκλεις,</em></span> <span class='ocrx_word' id='word_1_115' title='bbox 1995 2055 2166 2120; x_wconf 80' lang='grc' dir='ltr'><strong><em>τοῦτ’</em></strong></span> <span class='ocrx_word' id='word_1_116' title='bbox 2216 2051 2304 2123; x_wconf 63' lang='grc' dir='ltr'><strong>ἔτι</strong></span> <span class='ocrx_word' id='word_1_117' title='bbox 2353 2077 2442 2118; x_wconf 68' lang='grc' dir='ltr'><strong>σοι</strong></span> 
     </span>
    </p>

    <p class='ocr_par' dir='ltr' id='par_1_7' title="bbox 945 2157 2650 2240">
     <span class='ocr_line' id='line_1_17' title="bbox 945 2157 2650 2240; baseline 0 -18"><span class='ocrx_word' id='word_1_118' title='bbox 945 2159 1014 2223; x_wconf 84' lang='grc' dir='ltr'><strong>τὸ</strong></span> <span class='ocrx_word' id='word_1_119' title='bbox 1063 2159 1312 2237; x_wconf 81' lang='grc' dir='ltr'><strong><em>σκῶμμ’</em></strong></span> <span class='ocrx_word' id='word_1_120' title='bbox 1361 2160 1634 2238; x_wconf 70' lang='grc' dir='ltr'><strong>ἀσελγὲς</strong></span> <span class='ocrx_word' id='word_1_121' title='bbox 1688 2160 1792 2224; x_wconf 76' lang='grc' dir='ltr'><strong>καὶ</strong></span> <span class='ocrx_word' id='word_1_122' title='bbox 1843 2163 2200 2240; x_wconf 78' lang='grc' dir='ltr'><strong>Μεγαρικὸν</strong></span> <span class='ocrx_word' id='word_1_123' title='bbox 2252 2158 2353 2224; x_wconf 77' lang='grc' dir='ltr'><strong>καὶ</strong></span> <span class='ocrx_word' id='word_1_124' title='bbox 2406 2157 2650 2240; x_wconf 77' lang='grc' dir='ltr'><strong><em>σφόδρα</em></strong></span> 
     </span>
    </p>

    <p class='ocr_par' dir='ltr' id='par_1_8' title="bbox 560 2266 2958 4474">
     <span class='ocr_line' id='line_1_18' title="bbox 942 2266 2350 2352; baseline 0 -23"><span class='ocrx_word' id='word_1_125' title='bbox 942 2266 1219 2346; x_wconf 78' lang='grc' dir='ltr'><strong><em>ψυχρόν·</em></strong></span> <span class='ocrx_word' id='word_1_126' title='bbox 1268 2272 1436 2350; x_wconf 75' lang='grc' dir='ltr'><em>γελᾷ</em></span> <span class='ocrx_word' id='word_1_127' title='bbox 1485 2267 1612 2347; x_wconf 80' lang='grc' dir='ltr'><strong>γάρ</strong></span> <span class='ocrx_word' id='word_1_128' title='bbox 1657 2269 1735 2339; x_wconf 79' lang='grc' dir='ltr'><strong>ὡς</strong></span> <span class='ocrx_word' id='word_1_129' title='bbox 1784 2268 1925 2352; x_wconf 77' lang='grc' dir='ltr'><strong>ὁρᾷς</strong></span> <span class='ocrx_word' id='word_1_130' title='bbox 1971 2267 2057 2332; x_wconf 75' lang='grc' dir='ltr'><strong>ταὶ</strong></span> <span class='ocrx_word' id='word_1_131' title='bbox 2105 2266 2350 2333; x_wconf 75' lang='grc' dir='ltr'><strong><em>παιδία.</em></strong></span> 
     </span>
     <span class='ocr_line' id='line_1_19' title="bbox 578 2368 2958 2459; baseline 0 -25"><span class='ocrx_word' id='word_1_132' title='bbox 578 2368 825 2435; x_wconf 87' lang='lat' dir='ltr'><strong>Deinde</strong></span> <span class='ocrx_word' id='word_1_133' title='bbox 894 2373 987 2437; x_wconf 84' lang='lat' dir='ltr'><strong>ita</strong></span> <span class='ocrx_word' id='word_1_134' title='bbox 1056 2375 1300 2459; x_wconf 80' lang='lat' dir='ltr'><strong>pergit:</strong></span> <span class='ocrx_word' id='word_1_135' title='bbox 1365 2374 1438 2437; x_wconf 83' lang='lat' dir='ltr'><strong>So</strong></span> <span class='ocrx_word' id='word_1_136' title='bbox 1499 2380 1714 2456; x_wconf 69' lang='lat' dir='ltr'><strong>spectet</strong></span> <span class='ocrx_word' id='word_1_137' title='bbox 1776 2375 1843 2437; x_wconf 79' lang='lat' dir='ltr'><strong>iu</strong></span> <span class='ocrx_word' id='word_1_138' title='bbox 1904 2375 2020 2438; x_wconf 77' lang='lat' dir='ltr'><strong>den</strong></span> <span class='ocrx_word' id='word_1_139' title='bbox 2081 2373 2496 2454; x_wconf 82' lang='grc' dir='ltr'><strong><em>Προσπάλτιοι</em></strong></span> <span class='ocrx_word' id='word_1_140' title='bbox 2562 2372 2673 2437; x_wconf 76' lang='lat' dir='ltr'><strong>der</strong></span> <span class='ocrx_word' id='word_1_141' title='bbox 2721 2372 2958 2456; x_wconf 68' lang='lat' dir='ltr'><strong>Eupolis</strong></span> 
     </span>
     <span class='ocr_line' id='line_1_20' title="bbox 578 2477 2953 2564; baseline 0 -23"><span class='ocrx_word' id='word_1_142' title='bbox 578 2477 711 2541; x_wconf 77' lang='lat' dir='ltr'><strong>eine</strong></span> <span class='ocrx_word' id='word_1_143' title='bbox 768 2477 996 2542; x_wconf 70' lang='lat' dir='ltr'><strong>Person</strong></span> <span class='ocrx_word' id='word_1_144' title='bbox 1058 2479 1199 2542; x_wconf 66' lang='lat' dir='ltr'><strong>iiber</strong></span> <span class='ocrx_word' id='word_1_145' title='bbox 1258 2479 1429 2543; x_wconf 79' lang='lat' dir='ltr'><strong>einen</strong></span> <span class='ocrx_word' id='word_1_146' title='bbox 1481 2480 1786 2564; x_wconf 72' lang='lat' dir='ltr'><strong>frostiyen</strong></span> <span class='ocrx_word' id='word_1_147' title='bbox 1845 2480 1922 2544; x_wconf 82' lang='lat' dir='ltr'><em>W</em></span> <span class='ocrx_word' id='word_1_148' title='bbox 1915 2481 1996 2544; x_wconf 72' lang='lat' dir='ltr'><strong>itz</strong></span> <span class='ocrx_word' id='word_1_149' title='bbox 2041 2486 2203 2544; x_wconf 82' lang='lat' dir='ltr'><strong>einer</strong></span> <span class='ocrx_word' id='word_1_150' title='bbox 2251 2480 2533 2543; x_wconf 77' lang='lat' dir='ltr'><strong>anderen.</strong></span> <span class='ocrx_word' id='word_1_151' title='bbox 2630 2479 2953 2543; x_wconf 65' lang='lat' dir='ltr'><strong>Densecben</strong></span> 
     </span>
     <span class='ocr_line' id='line_1_21' title="bbox 565 2582 2949 2671; baseline 0.001 -26"><span class='ocrx_word' id='word_1_152' title='bbox 565 2585 868 2669; x_wconf 72' lang='lat' dir='ltr'><strong>frostiqen</strong></span> <span class='ocrx_word' id='word_1_153' title='bbox 947 2582 1099 2649; x_wconf 65' lang='lat' dir='ltr'><strong>Witz</strong></span> <span class='ocrx_word' id='word_1_154' title='bbox 1159 2585 1340 2648; x_wconf 62' lang='lat' dir='ltr'><strong>meina</strong></span> <span class='ocrx_word' id='word_1_155' title='bbox 1402 2585 1854 2667; x_wconf 73' lang='lat' dir='ltr'><strong>Aristophanes.</strong></span> <span class='ocrx_word' id='word_1_156' title='bbox 1947 2584 2086 2651; x_wconf 84' lang='lat' dir='ltr'><strong>Hoc</strong></span> <span class='ocrx_word' id='word_1_157' title='bbox 2150 2587 2354 2671; x_wconf 82' lang='lat' dir='ltr'><strong>igitur</strong></span> <span class='ocrx_word' id='word_1_158' title='bbox 2413 2605 2561 2650; x_wconf 86' lang='lat' dir='ltr'><strong>vere</strong></span> <span class='ocrx_word' id='word_1_159' title='bbox 2625 2596 2694 2649; x_wconf 82' lang='lat' dir='ltr'><strong>et.</strong></span> <span class='ocrx_word' id='word_1_160' title='bbox 2742 2584 2949 2649; x_wconf 88' lang='lat' dir='ltr'><strong>itidem</strong></span> 
     </span>
     <span class='ocr_line' id='line_1_22' title="bbox 577 2687 2956 2774; baseline -0.002 -19"><span class='ocrx_word' id='word_1_161' title='bbox 577 2709 722 2755; x_wconf 85' lang='lat' dir='ltr'><strong>vere</strong></span> <span class='ocrx_word' id='word_1_162' title='bbox 786 2687 864 2754; x_wconf 91' lang='lat' dir='ltr'><strong>de</strong></span> <span class='ocrx_word' id='word_1_163' title='bbox 924 2688 1257 2774; x_wconf 84' lang='lat' dir='ltr'><strong>Eupolidis</strong></span> <span class='ocrx_word' id='word_1_164' title='bbox 1319 2689 1455 2754; x_wconf 91' lang='lat' dir='ltr'><strong>loco</strong></span> <span class='ocrx_word' id='word_1_165' title='bbox 1516 2691 1610 2755; x_wconf 86' lang='lat' dir='ltr'><strong>ita</strong></span> <span class='ocrx_word' id='word_1_166' title='bbox 1670 2689 2038 2756; x_wconf 78' lang='lat' dir='ltr'><strong>Meinekius</strong></span> <span class='ocrx_word' id='word_1_167' title='bbox 2101 2691 2352 2755; x_wconf 81' lang='lat' dir='ltr'><strong>scribit:</strong></span> <span class='ocrx_word' id='word_1_168' title='bbox 2424 2687 2622 2766; x_wconf 80' lang='lat' dir='ltr'><strong>„Tres</strong></span> <span class='ocrx_word' id='word_1_169' title='bbox 2669 2692 2740 2754; x_wconf 90' lang='lat' dir='ltr'><strong>in</strong></span> <span class='ocrx_word' id='word_1_170' title='bbox 2787 2708 2956 2753; x_wconf 84' lang='lat' dir='ltr'><strong>scena</strong></span> 
     </span>
     <span class='ocr_line' id='line_1_23' title="bbox 576 2794 2952 2881; baseline -0.001 -20"><span class='ocrx_word' id='word_1_171' title='bbox 576 2798 813 2862; x_wconf 84' lang='lat' dir='ltr'><strong>versari</strong></span> <span class='ocrx_word' id='word_1_172' title='bbox 878 2795 1176 2860; x_wconf 85' lang='lat' dir='ltr'><strong>videntur</strong></span> <span class='ocrx_word' id='word_1_173' title='bbox 1223 2801 1503 2873; x_wconf 89' lang='lat' dir='ltr'><strong>actores,</strong></span> <span class='ocrx_word' id='word_1_174' title='bbox 1553 2815 1823 2880; x_wconf 89' lang='lat' dir='ltr'><strong>quorum</strong></span> <span class='ocrx_word' id='word_1_175' title='bbox 1874 2817 2072 2881; x_wconf 89' lang='lat' dir='ltr'><strong>quum</strong></span> <span class='ocrx_word' id='word_1_176' title='bbox 2123 2817 2287 2861; x_wconf 89' lang='lat' dir='ltr'><strong>unus</strong></span> <span class='ocrx_word' id='word_1_177' title='bbox 2333 2794 2661 2860; x_wconf 86' lang='lat' dir='ltr'><strong>inficetum</strong></span> <span class='ocrx_word' id='word_1_178' title='bbox 2716 2799 2786 2859; x_wconf 90' lang='lat' dir='ltr'><strong>in</strong></span> <span class='ocrx_word' id='word_1_179' title='bbox 2833 2814 2952 2860; x_wconf 90' lang='lat' dir='ltr'><strong>mo·</strong></span> 
     </span>
     <span class='ocr_line' id='line_1_24' title="bbox 573 2901 2949 2985; baseline -0.002 -18"><span class='ocrx_word' id='word_1_180' title='bbox 573 2902 730 2967; x_wconf 89' lang='lat' dir='ltr'><strong>dum</strong></span> <span class='ocrx_word' id='word_1_181' title='bbox 793 2903 1035 2967; x_wconf 86' lang='lat' dir='ltr'><strong>iocatus</strong></span> <span class='ocrx_word' id='word_1_182' title='bbox 1093 2908 1289 2984; x_wconf 89' lang='lat' dir='ltr'><strong>esset,</strong></span> <span class='ocrx_word' id='word_1_183' title='bbox 1347 2901 1508 2967; x_wconf 85' lang='lat' dir='ltr'><strong>alter</strong></span> <span class='ocrx_word' id='word_1_184' title='bbox 1571 2902 1651 2968; x_wconf 90' lang='lat' dir='ltr'><strong>ad</strong></span> <span class='ocrx_word' id='word_1_185' title='bbox 1698 2904 1961 2971; x_wconf 85' lang='lat' dir='ltr'><strong>tertium</strong></span> <span class='ocrx_word' id='word_1_186' title='bbox 2013 2923 2383 2984; x_wconf 84' lang='lat' dir='ltr'><strong>conversus,</strong></span> <span class='ocrx_word' id='word_1_187' title='bbox 2432 2901 2661 2977; x_wconf 77' lang='lat' dir='ltr'><strong>audin,</strong></span> <span class='ocrx_word' id='word_1_188' title='bbox 2719 2903 2949 2985; x_wconf 84' lang='lat' dir='ltr'><strong>inquit,</strong></span> 
     </span>
     <span class='ocr_line' id='line_1_25' title="bbox 568 3006 2950 3094; baseline -0.001 -22"><span class='ocrx_word' id='word_1_189' title='bbox 568 3030 718 3093; x_wconf 82' lang='lat' dir='ltr'><strong>quae</strong></span> <span class='ocrx_word' id='word_1_190' title='bbox 788 3013 897 3072; x_wconf 69' lang='lat' dir='ltr'><strong>iste</strong></span> <span class='ocrx_word' id='word_1_191' title='bbox 966 3007 1317 3088; x_wconf 70' lang='lat' dir='ltr'><strong>nuyatur?”</strong></span> <span class='ocrx_word' id='word_1_192' title='bbox 1390 3006 1586 3073; x_wconf 87' lang='lat' dir='ltr'><strong>Recte</strong></span> <span class='ocrx_word' id='word_1_193' title='bbox 1649 3008 1914 3094; x_wconf 81' lang='lat' dir='ltr'><strong>Eupolis</strong></span> <span class='ocrx_word' id='word_1_194' title='bbox 1978 3009 2083 3073; x_wconf 88' lang='lat' dir='ltr'><strong>hic</strong></span> <span class='ocrx_word' id='word_1_195' title='bbox 2145 3009 2271 3073; x_wconf 87' lang='lat' dir='ltr'><strong>fuit</strong></span> <span class='ocrx_word' id='word_1_196' title='bbox 2332 3029 2481 3072; x_wconf 90' lang='lat' dir='ltr'><strong>cum</strong></span> <span class='ocrx_word' id='word_1_197' title='bbox 2529 3008 2950 3093; x_wconf 81' lang='lat' dir='ltr'><strong>Aristophane</strong></span> 
     </span>
     <span class='ocr_line' id='line_1_26' title="bbox 572 3111 2948 3199; baseline -0.003 -20"><span class='ocrx_word' id='word_1_198' title='bbox 572 3115 993 3199; x_wconf 86' lang='lat' dir='ltr'><strong>compositus,</strong></span> <span class='ocrx_word' id='word_1_199' title='bbox 1063 3134 1262 3197; x_wconf 90' lang='lat' dir='ltr'><strong>quum</strong></span> <span class='ocrx_word' id='word_1_200' title='bbox 1318 3117 1693 3198; x_wconf 76' lang='lat' dir='ltr'><strong>praesertim</strong></span> <span class='ocrx_word' id='word_1_201' title='bbox 1741 3117 2116 3181; x_wconf 86' lang='lat' dir='ltr'><strong>conveniant</strong></span> <span class='ocrx_word' id='word_1_202' title='bbox 2166 3122 2330 3195; x_wconf 80' lang='grc' dir='ltr'><em>γελᾷ</em></span> <span class='ocrx_word' id='word_1_203' title='bbox 2383 3111 2510 3192; x_wconf 78' lang='grc' dir='ltr'><strong>γὰρ</strong></span> <span class='ocrx_word' id='word_1_204' title='bbox 2557 3114 2634 3184; x_wconf 77' lang='grc' dir='ltr'><strong>ὥς</strong></span> <span class='ocrx_word' id='word_1_205' title='bbox 2685 3113 2827 3195; x_wconf 76' lang='grc' dir='ltr'><strong>ὁρᾷς</strong></span> <span class='ocrx_word' id='word_1_206' title='bbox 2873 3111 2948 3174; x_wconf 73' lang='grc' dir='ltr'><strong>τὰ</strong></span> 
     </span>
     <span class='ocr_line' id='line_1_27' title="bbox 571 3215 2947 3304; baseline 0 -23"><span class='ocrx_word' id='word_1_207' title='bbox 571 3219 793 3284; x_wconf 75' lang='grc' dir='ltr'><strong><em>παιδία</em></strong></span> <span class='ocrx_word' id='word_1_208' title='bbox 857 3240 1003 3285; x_wconf 89' lang='lat' dir='ltr'><strong>oum</strong></span> <span class='ocrx_word' id='word_1_209' title='bbox 1069 3220 1510 3304; x_wconf 84' lang='lat' dir='ltr'><strong>Aristophanis</strong></span> <span class='ocrx_word' id='word_1_210' title='bbox 1558 3222 1804 3286; x_wconf 84' lang='lat' dir='ltr'><strong>verbis:</strong></span> <span class='ocrx_word' id='word_1_211' title='bbox 1854 3230 1980 3291; x_wconf 78' lang='grc' dir='ltr'><strong>τοῖς</strong></span> <span class='ocrx_word' id='word_1_212' title='bbox 2033 3220 2288 3291; x_wconf 74' lang='grc' dir='ltr'><strong>παιδίοις</strong></span> <span class='ocrx_word' id='word_1_213' title='bbox 2338 3217 2411 3282; x_wconf 78' lang='grc' dir='ltr'><strong>ἵν’</strong></span> <span class='ocrx_word' id='word_1_214' title='bbox 2462 3215 2497 3299; x_wconf 73' lang='grc' dir='ltr'><strong><em>ᾖ</em></strong></span> <span class='ocrx_word' id='word_1_215' title='bbox 2548 3218 2754 3297; x_wconf 80' lang='grc' dir='ltr'><em>γέλως</em></span> <span class='ocrx_word' id='word_1_216' title='bbox 2782 3268 2796 3293; x_wconf 85' lang='grc'><strong>.</strong></span> <span class='ocrx_word' id='word_1_217' title='bbox 2848 3219 2947 3303; x_wconf 88' lang='lat' dir='ltr'><strong>qui</strong></span> 
     </span>
     <span class='ocr_line' id='line_1_28' title="bbox 570 3322 2947 3392; baseline -0.001 -3"><span class='ocrx_word' id='word_1_218' title='bbox 570 3324 692 3390; x_wconf 94' lang='lat' dir='ltr'><strong>loci</strong></span> <span class='ocrx_word' id='word_1_219' title='bbox 754 3331 921 3390; x_wconf 86' lang='lat' dir='ltr'><strong>certo</strong></span> <span class='ocrx_word' id='word_1_220' title='bbox 981 3345 1103 3391; x_wconf 91' lang='lat' dir='ltr'><strong>non</strong></span> <span class='ocrx_word' id='word_1_221' title='bbox 1176 3326 1438 3391; x_wconf 85' lang='lat' dir='ltr'><strong>fortuito</strong></span> <span class='ocrx_word' id='word_1_222' title='bbox 1497 3332 1629 3390; x_wconf 88' lang='lat' dir='ltr'><strong>tam</strong></span> <span class='ocrx_word' id='word_1_223' title='bbox 1681 3326 1926 3392; x_wconf 88' lang='lat' dir='ltr'><strong>similes</strong></span> <span class='ocrx_word' id='word_1_224' title='bbox 1974 3331 2142 3391; x_wconf 74' lang='lat' dir='ltr'><strong>sunt·</strong></span> <span class='ocrx_word' id='word_1_225' title='bbox 2238 3322 2360 3389; x_wconf 80' lang='lat' dir='ltr'><strong>Sed</strong></span> <span class='ocrx_word' id='word_1_226' title='bbox 2410 3323 2700 3389; x_wconf 85' lang='lat' dir='ltr'><strong>Kockius</strong></span> <span class='ocrx_word' id='word_1_227' title='bbox 2747 3330 2822 3388; x_wconf 85' lang='lat' dir='ltr'><strong>ut</strong></span> <span class='ocrx_word' id='word_1_228' title='bbox 2863 3324 2947 3386; x_wconf 90' lang='lat' dir='ltr'><strong>in-</strong></span> 
     </span>
     <span class='ocr_line' id='line_1_29' title="bbox 569 3413 2942 3516; baseline -0.001 -21"><span class='ocrx_word' id='word_1_229' title='bbox 569 3436 948 3516; x_wconf 80' lang='lat' dir='ltr'><strong>terpretetur</strong></span> <span class='ocrx_word' id='word_1_230' title='bbox 1016 3453 1272 3498; x_wconf 82' lang='lat' dir='ltr'><strong>versum</strong></span> <span class='ocrx_word' id='word_1_231' title='bbox 1337 3431 1461 3496; x_wconf 83' lang='lat'><strong>541</strong></span> <span class='ocrx_word' id='word_1_232' title='bbox 1539 3432 1830 3498; x_wconf 86' lang='lat' dir='ltr'><strong>adnotat:</strong></span> <span class='ocrx_word' id='word_1_233' title='bbox 1902 3434 2010 3496; x_wconf 77' lang='lat' dir='ltr'><strong>der</strong></span> <span class='ocrx_word' id='word_1_234' title='bbox 2069 3413 2507 3514; x_wconf 61' lang='lat' dir='ltr'><strong>Sohauspieler‘,</strong></span> <span class='ocrx_word' id='word_1_235' title='bbox 2572 3431 2681 3493; x_wconf 82' lang='lat' dir='ltr'><strong>der</strong></span> <span class='ocrx_word' id='word_1_236' title='bbox 2729 3432 2793 3494; x_wconf 71' lang='lat' dir='ltr'><strong>in</strong></span> <span class='ocrx_word' id='word_1_237' title='bbox 2840 3431 2942 3493; x_wconf 66' lang='lat' dir='ltr'><strong>den</strong></span> 
     </span>
     <span class='ocr_line' id='line_1_30' title="bbox 566 3535 2938 3624; baseline -0.002 -21"><span class='ocrx_word' id='word_1_238' title='bbox 566 3537 981 3618; x_wconf 77' lang='grc' dir='ltr'><strong><em>Προσπάλτιοι</em></strong></span> <span class='ocrx_word' id='word_1_239' title='bbox 1029 3539 1132 3602; x_wconf 64' lang='lat' dir='ltr'><strong>dea</strong></span> <span class='ocrx_word' id='word_1_240' title='bbox 1178 3540 1432 3624; x_wconf 71' lang='lat' dir='ltr'><strong>Eupolis</strong></span> <span class='ocrx_word' id='word_1_241' title='bbox 1475 3540 1573 3603; x_wconf 70' lang='lat' dir='ltr'><strong>die</strong></span> <span class='ocrx_word' id='word_1_242' title='bbox 1619 3539 1799 3602; x_wconf 85' lang='lat' dir='ltr'><strong>Rolle</strong></span> <span class='ocrx_word' id='word_1_243' title='bbox 1834 3538 1944 3603; x_wconf 91' lang='lat' dir='ltr'><strong>des</strong></span> <span class='ocrx_word' id='word_1_244' title='bbox 1968 3537 2222 3604; x_wconf 86' lang='lat' dir='ltr'><strong>Greises</strong></span> <span class='ocrx_word' id='word_1_245' title='bbox 2246 3537 2474 3620; x_wconf 61' lang='lat' dir='ltr'><strong>epielte.</strong></span> <span class='ocrx_word' id='word_1_246' title='bbox 2525 3535 2664 3602; x_wconf 85' lang='lat' dir='ltr'><strong>Hoc</strong></span> <span class='ocrx_word' id='word_1_247' title='bbox 2691 3537 2938 3621; x_wconf 87' lang='lat' dir='ltr'><strong>quidem</strong></span> 
     </span>
     <span class='ocr_line' id='line_1_31' title="bbox 566 3640 2938 3727; baseline -0.002 -17"><span class='ocrx_word' id='word_1_248' title='bbox 566 3644 729 3710; x_wconf 93' lang='lat' dir='ltr'><strong>mihi</strong></span> <span class='ocrx_word' id='word_1_249' title='bbox 801 3643 1258 3710; x_wconf 89' lang='lat' dir='ltr'><strong>inconsiderate</strong></span> <span class='ocrx_word' id='word_1_250' title='bbox 1331 3644 1575 3710; x_wconf 84' lang='lat' dir='ltr'><strong>dictum</strong></span> <span class='ocrx_word' id='word_1_251' title='bbox 1638 3644 1913 3710; x_wconf 85' lang='lat' dir='ltr'><strong>videtur.</strong></span> <span class='ocrx_word' id='word_1_252' title='bbox 2007 3644 2132 3709; x_wconf 88' lang='lat' dir='ltr'><strong>Fac</strong></span> <span class='ocrx_word' id='word_1_253' title='bbox 2199 3643 2264 3708; x_wconf 93' lang='lat' dir='ltr'><strong>id</strong></span> <span class='ocrx_word' id='word_1_254' title='bbox 2328 3663 2460 3707; x_wconf 88' lang='lat' dir='ltr'><strong>esse</strong></span> <span class='ocrx_word' id='word_1_255' title='bbox 2508 3663 2731 3709; x_wconf 84' lang='lat' dir='ltr'><strong>verum</strong></span> <span class='ocrx_word' id='word_1_256' title='bbox 2784 3640 2938 3727; x_wconf 89' lang='lat' dir='ltr'><strong>quod</strong></span> 
     </span>
     <span class='ocr_line' id='line_1_32' title="bbox 567 3746 2936 3828; baseline -0.004 -11"><span class='ocrx_word' id='word_1_257' title='bbox 567 3750 922 3817; x_wconf 82' lang='lat' dir='ltr'><strong>Scholiasta</strong></span> <span class='ocrx_word' id='word_1_258' title='bbox 983 3750 1240 3816; x_wconf 85' lang='lat' dir='ltr'><strong>scribit:</strong></span> <span class='ocrx_word' id='word_1_259' title='bbox 1308 3754 1485 3815; x_wconf 81' lang='grc' dir='ltr'><strong><em>τοῦτο</em></strong></span> <span class='ocrx_word' id='word_1_260' title='bbox 1549 3752 1634 3822; x_wconf 77' lang='grc' dir='ltr'><strong>εἰς</strong></span> <span class='ocrx_word' id='word_1_261' title='bbox 1697 3750 1988 3828; x_wconf 77' lang='grc' dir='ltr'><strong><em>Ἕρμωνα</em></strong></span> <span class='ocrx_word' id='word_1_262' title='bbox 2051 3750 2228 3825; x_wconf 82' lang='grc' dir='ltr'><em>λέγει</em></span> <span class='ocrx_word' id='word_1_263' title='bbox 2287 3750 2387 3812; x_wconf 68' lang='grc' dir='ltr'><strong>τὸν</strong></span> <span class='ocrx_word' id='word_1_264' title='bbox 2453 3749 2789 3827; x_wconf 79' lang='grc' dir='ltr'><strong><em>ὑποκριτήν.</em></strong></span> <span class='ocrx_word' id='word_1_265' title='bbox 2841 3746 2936 3811; x_wconf 64' lang='grc' dir='ltr'><strong>καὶ</strong></span> 
     </span>
     <span class='ocr_line' id='line_1_33' title="bbox 567 3854 2935 3938; baseline -0.003 -14"><span class='ocrx_word' id='word_1_266' title='bbox 567 3859 693 3938; x_wconf 74' lang='grc' dir='ltr'><strong>γὰρ</strong></span> <span class='ocrx_word' id='word_1_267' title='bbox 742 3857 964 3930; x_wconf 77' lang='grc' dir='ltr'><strong>ἐκεῖνος</strong></span> <span class='ocrx_word' id='word_1_268' title='bbox 1015 3860 1122 3921; x_wconf 80' lang='grc' dir='ltr'><strong>τοῦ</strong></span> <span class='ocrx_word' id='word_1_269' title='bbox 1172 3859 1375 3934; x_wconf 81' lang='grc' dir='ltr'><strong>γελᾶν</strong></span> <span class='ocrx_word' id='word_1_270' title='bbox 1423 3857 1610 3936; x_wconf 70' lang='grc' dir='ltr'><strong><em>χάριν</em></strong></span> <span class='ocrx_word' id='word_1_271' title='bbox 1658 3855 1797 3928; x_wconf 78' lang='grc' dir='ltr'><strong>τοὺς</strong></span> <span class='ocrx_word' id='word_1_272' title='bbox 1850 3857 2048 3934; x_wconf 78' lang='grc' dir='ltr'><em>ἐγγὺς</em></span> <span class='ocrx_word' id='word_1_273' title='bbox 2096 3856 2329 3925; x_wconf 77' lang='grc' dir='ltr'><strong><em>ἐςῶτας</em></strong></span> <span class='ocrx_word' id='word_1_274' title='bbox 2378 3854 2610 3919; x_wconf 84' lang='grc' dir='ltr'><strong><em>ἔτυπτε</em></strong></span> <span class='ocrx_word' id='word_1_275' title='bbox 2654 3865 2730 3935; x_wconf 68' lang='grc' dir='ltr'><strong>τῇ</strong></span> <span class='ocrx_word' id='word_1_276' title='bbox 2776 3854 2935 3932; x_wconf 79' lang='grc' dir='ltr'><strong>βακ-</strong></span> 
     </span>
     <span class='ocr_line' id='line_1_34' title="bbox 563 3960 2930 4049; baseline -0.003 -19"><span class='ocrx_word' id='word_1_277' title='bbox 563 3964 773 4048; x_wconf 75' lang='grc' dir='ltr'><strong><em>τηρίᾳ·</em></strong></span> <span class='ocrx_word' id='word_1_278' title='bbox 840 3969 1128 4049; x_wconf 85' lang='lat' dir='ltr'><strong>apparet.</strong></span> <span class='ocrx_word' id='word_1_279' title='bbox 1191 3963 1445 4048; x_wconf 86' lang='lat' dir='ltr'><strong>opinor,</strong></span> <span class='ocrx_word' id='word_1_280' title='bbox 1508 3962 2003 4048; x_wconf 85' lang='lat' dir='ltr'><strong>Aristophanem</strong></span> <span class='ocrx_word' id='word_1_281' title='bbox 2061 3981 2184 4027; x_wconf 92' lang='lat' dir='ltr'><strong>non</strong></span> <span class='ocrx_word' id='word_1_282' title='bbox 2248 3967 2464 4026; x_wconf 86' lang='lat' dir='ltr'><strong>notare</strong></span> <span class='ocrx_word' id='word_1_283' title='bbox 2528 3960 2930 4045; x_wconf 88' lang='lat' dir='ltr'><strong>Eupolidem,</strong></span> 
     </span>
     <span class='ocr_line' id='line_1_35' title="bbox 564 4063 2930 4153; baseline -0.003 -17"><span class='ocrx_word' id='word_1_284' title='bbox 564 4070 669 4137; x_wconf 90' lang='lat' dir='ltr'><strong>sed</strong></span> <span class='ocrx_word' id='word_1_285' title='bbox 748 4070 1140 4136; x_wconf 90' lang='lat' dir='ltr'><strong>Hermonem</strong></span> <span class='ocrx_word' id='word_1_286' title='bbox 1211 4069 1584 4134; x_wconf 88' lang='lat' dir='ltr'><strong>histrionem</strong></span> <span class='ocrx_word' id='word_1_287' title='bbox 1670 4068 2067 4153; x_wconf 89' lang='lat' dir='ltr'><strong>eundemque</strong></span> <span class='ocrx_word' id='word_1_288' title='bbox 2146 4066 2539 4132; x_wconf 89' lang='lat' dir='ltr'><strong>Hermonem</strong></span> <span class='ocrx_word' id='word_1_289' title='bbox 2609 4063 2930 4151; x_wconf 83' lang='lat' dir='ltr'><strong>aliquando</strong></span> 
     </span>
     <span class='ocr_line' id='line_1_36' title="bbox 564 4172 2924 4261; baseline -0.003 -20"><span class='ocrx_word' id='word_1_290' title='bbox 564 4182 857 4242; x_wconf 82' lang='lat' dir='ltr'><strong>notatum</strong></span> <span class='ocrx_word' id='word_1_291' title='bbox 945 4176 1138 4242; x_wconf 88' lang='lat' dir='ltr'><strong>fuisse</strong></span> <span class='ocrx_word' id='word_1_292' title='bbox 1223 4176 1300 4240; x_wconf 88' lang='lat' dir='ltr'><strong>ab</strong></span> <span class='ocrx_word' id='word_1_293' title='bbox 1372 4174 1705 4261; x_wconf 88' lang='lat' dir='ltr'><strong>Eupolide.</strong></span> <span class='ocrx_word' id='word_1_294' title='bbox 1799 4174 2081 4259; x_wconf 85' lang='lat' dir='ltr'><strong>Uterque</strong></span> <span class='ocrx_word' id='word_1_295' title='bbox 2151 4179 2337 4258; x_wconf 86' lang='lat' dir='ltr'><strong>poeta</strong></span> <span class='ocrx_word' id='word_1_296' title='bbox 2408 4172 2570 4238; x_wconf 85' lang='lat' dir='ltr'><strong>ridet</strong></span> <span class='ocrx_word' id='word_1_297' title='bbox 2651 4173 2924 4238; x_wconf 89' lang='lat' dir='ltr'><strong>eundem.</strong></span> 
     </span>
     <span class='ocr_line' id='line_1_37' title="bbox 563 4279 2924 4368; baseline -0.003 -22"><span class='ocrx_word' id='word_1_298' title='bbox 563 4281 970 4357; x_wconf 72' lang='lat' dir='ltr'><strong>Quemnam?</strong></span> <span class='ocrx_word' id='word_1_299' title='bbox 1033 4281 1132 4348; x_wconf 87' lang='lat' dir='ltr'><strong>Ne</strong></span> <span class='ocrx_word' id='word_1_300' title='bbox 1199 4285 1317 4350; x_wconf 92' lang='lat' dir='ltr'><strong>hoc</strong></span> <span class='ocrx_word' id='word_1_301' title='bbox 1376 4282 1635 4368; x_wconf 87' lang='lat' dir='ltr'><strong>quidem</strong></span> <span class='ocrx_word' id='word_1_302' title='bbox 1700 4280 1956 4346; x_wconf 88' lang='lat' dir='ltr'><strong>difficile</strong></span> <span class='ocrx_word' id='word_1_303' title='bbox 2004 4285 2100 4345; x_wconf 87' lang='lat' dir='ltr'><strong>est</strong></span> <span class='ocrx_word' id='word_1_304' title='bbox 2145 4280 2350 4345; x_wconf 90' lang='lat' dir='ltr'><strong>dicere</strong></span> <span class='ocrx_word' id='word_1_305' title='bbox 2397 4284 2461 4342; x_wconf 84' lang='lat' dir='ltr'><strong>et</strong></span> <span class='ocrx_word' id='word_1_306' title='bbox 2506 4279 2729 4344; x_wconf 87' lang='lat' dir='ltr'><strong>histrio</strong></span> <span class='ocrx_word' id='word_1_307' title='bbox 2770 4282 2924 4341; x_wconf 84' lang='lat' dir='ltr'><strong>certe</strong></span> 
     </span>
     <span class='ocr_line' id='line_1_38' title="bbox 560 4383 2920 4474; baseline -0.003 -22"><span class='ocrx_word' id='word_1_308' title='bbox 560 4407 682 4452; x_wconf 89' lang='lat' dir='ltr'><strong>non</strong></span> <span class='ocrx_word' id='word_1_309' title='bbox 747 4388 907 4470; x_wconf 85' lang='lat' dir='ltr'><strong>fuit,</strong></span> <span class='ocrx_word' id='word_1_310' title='bbox 972 4391 1081 4471; x_wconf 89' lang='lat' dir='ltr'><strong>qui</strong></span> <span class='ocrx_word' id='word_1_311' title='bbox 1145 4394 1401 4474; x_wconf 89' lang='lat' dir='ltr'><strong>propter</strong></span> <span class='ocrx_word' id='word_1_312' title='bbox 1461 4386 1705 4453; x_wconf 88' lang='lat' dir='ltr'><strong>insulsa</strong></span> <span class='ocrx_word' id='word_1_313' title='bbox 1750 4389 1890 4453; x_wconf 88' lang='lat' dir='ltr'><strong>ioca</strong></span> <span class='ocrx_word' id='word_1_314' title='bbox 1935 4387 2039 4451; x_wconf 90' lang='lat' dir='ltr'><strong>hic</strong></span> <span class='ocrx_word' id='word_1_315' title='bbox 2085 4384 2359 4462; x_wconf 83' lang='lat' dir='ltr'><strong>ridetur,</strong></span> <span class='ocrx_word' id='word_1_316' title='bbox 2410 4405 2562 4449; x_wconf 85' lang='lat' dir='ltr'><strong>nam</strong></span> <span class='ocrx_word' id='word_1_317' title='bbox 2608 4383 2920 4450; x_wconf 81' lang='lat' dir='ltr'><strong>histriones</strong></span> 
     </span>
    </p>
   </div>
   <div class='ocr_carea' id='block_1_4' title="bbox 3096 3986 3105 4759">
    <p class='ocr_par' dir='ltr' id='par_1_9' title="bbox 3096 3986 3105 4759">
     <span class='ocr_line' id='line_1_39' title="bbox 3096 3986 3105 4759; baseline 0 0"><span class='ocrx_word' id='word_1_318' title='bbox 3096 3986 3105 4759; x_wconf 95' lang='lat' dir='ltr'><strong> </strong></span> 
     </span>
    </p>
   </div>
  </div>
 </body>
</html>
