3192 5017
1122 297 1431 351 πίεται
1481 297 1751 347 ommes.
2511 277 2636 348 195

334 466 699 559 Pluygersii
735 472 979 555 potiora
1038 469 1236 538 deleri
1295 471 1577 538 iubentis
1630 474 2013 537 senteutiam
2075 476 2189 537 tus
2251 473 2633 539 auctoritate

250 581 485 643 tutatus
532 598 640 660 es,
685 600 837 645 cum
883 580 983 645 bis
1029 578 1198 644 idem
1268 577 1396 644 dici
1465 578 1658 664 idque
1729 576 2072 650 ὥσυνδέτως
2143 577 2267 643 tibi
2330 578 2634 665 putidum

250 683 585 751 videretur.

325 791 546 877 Neque
616 797 833 857 tamen
894 792 973 858 de
1036 791 1343 880 asyndeto
1400 796 1520 857 sut
1567 791 1646 858 de
1689 810 2051 879 synonymo
2097 792 2372 877 quodem
2419 812 2630 859 sermo

250 916 372 962 esse
426 903 663 983 potest.
727 897 841 964 Est
887 900 1056 964 enim
1098 898 1345 983 potiora
1391 897 1774 983 praedicati,
1821 897 1989 985 quod
2037 897 2259 964 dicunt
2278 944 2294 976 ,
2340 898 2479 964 loco
2526 898 2635 964 hs-

248 1002 534 1068 bendum.
639 1003 821 1085 Quod
883 1008 938 1070 si
1001 1025 1223 1070 verum
1289 1009 1421 1089 est,
1478 1025 1578 1069 res
1625 1024 1699 1070 eo
1743 1005 1910 1072 redit
1956 1011 2030 1070 ut
2075 1006 2342 1090 scriptor
2387 1009 2632 1084 noster,

248 1129 635 1196 quemquam
697 1111 908 1178 multa
966 1131 1033 1177 se
1096 1112 1173 1177 de
1242 1110 1594 1177 Alcibiadis
1656 1111 1982 1178 amoribus
2036 1110 2265 1177 referre
2317 1131 2499 1197 posse
2544 1112 2635 1177 af·

248 1212 489 1294 firmat,
538 1222 736 1305 neget
782 1238 848 1282 se
892 1217 1012 1284 boc
1058 1217 1373 1283 facturum
1427 1217 1592 1303 quod
1639 1238 1739 1282 res
1784 1219 2080 1297 maiores,
2131 1237 2287 1302 quas
2333 1217 2435 1282 vel
2481 1216 2637 1284 belli

248 1321 341 1388 vel
404 1322 588 1389 domi
633 1325 865 1412 gessit,
914 1343 1166 1389 narrare
1213 1322 1485 1390 mavult.
1579 1322 1819 1389 Eodem
1869 1322 1999 1389 fere
2045 1323 2236 1390 modo
2280 1326 2417 1410 ipse
2461 1341 2524 1390 v.
2575 1346 2630 1391 o.

244 1429 306 1492 in
362 1428 646 1495 Praefat.
712 1429 1025 1497 secundae
1087 1437 1235 1497 tuae
1296 1429 1582 1516 Xenoph.
1651 1428 1824 1495 Hell.
1889 1430 2188 1496 editionis
2233 1429 2485 1497 locutus
2530 1448 2631 1496 es:

248 1534 421 1611 ¹‚Nou
470 1556 637 1623 opus
681 1542 779 1602 est
825 1539 1043 1602 omnia
1089 1539 1381 1623 persequi
1398 1586 1416 1621 ,
1463 1538 1713 1622 potiora
1757 1535 1974 1602 ordine
2022 1536 2460 1602 enumerabo.”
2527 1536 2633 1604 Sic

245 1659 483 1727 quoque
532 1638 870 1709 Cornelius
914 1648 1127 1710 noster
1172 1645 1415 1709 maiore
1448 1643 1693 1728 pociora
1735 1641 1984 1707 hebuit.

324 1746 471 1836 Cap.
524 1748 639 1816 IV.
686 1750 748 1815 4.

325 1853 403 1921 Se
450 1856 534 1923 ab
584 1855 956 1923 custodibus
1002 1856 1329 1923 subduxit.

325 1961 633 2053 Expungi
680 1962 892 2030 voluit
938 1968 1034 2029 ab.
1084 1965 1170 2029 At
1210 1962 1386 2029 haud
1429 1962 1619 2029 facile
1665 1960 2090 2050 intellegitur,
2131 1963 2245 2049 qui
2281 1962 2522 2029 fuctum
2548 1968 2636 2031 sit

247 2072 313 2133 ut
373 2090 594 2157 praep.
667 2072 733 2135 in
803 2075 1054 2136 textum
1116 2071 1517 2155 reciperetur.
1613 2068 1758 2134 Non
1824 2067 2032 2134 solum
2093 2068 2262 2155 apud
2323 2068 2631 2136 Plautum

249 2175 411 2240 Asin.
460 2175 542 2242 V.
594 2175 660 2240 2.
712 2175 798 2241 62
860 2176 1137 2265 legitur:
1188 2181 1445 2262 tempus
1491 2179 1587 2242 est
1634 2193 1740 2241 me
1785 2173 2134 2242 subducere
2176 2177 2318 2244 hino
2340 2225 2355 2254 ‚
2406 2169 2632 2244 {rerum

251 2283 432 2349 etiam
508 2287 578 2349 in
651 2282 842 2350 ovid.
904 2282 1068 2349 Met.
1116 2281 1259 2348 VII.
1311 2281 1480 2351 ¹781:
1530 2303 1597 2348 se
1644 2280 1991 2347 subducere
2038 2304 2076 2345 a
2125 2281 2387 2349 vulnere
2411 2331 2428 2362 ,
2479 2285 2635 2370 quin

251 2389 429 2454 etism
481 2390 657 2477 apud
706 2387 840 2456 Cic.
890 2388 1097 2476 Epist.
1150 2389 1229 2456 ad
1278 2388 1350 2472 Q.
1402 2388 1471 2455 F.
1523 2387 1639 2453 III.
1692 2387 1734 2451 4
1780 2389 1921 2453 init.
1968 2388 2043 2455 de
2089 2387 2329 2456 circulo
2373 2409 2441 2456 se
2487 2390 2634 2457 sub-

250 2491 438 2561 duxit.

325 2598 479 2688 Gap.
532 2602 608 2669 V.
662 2603 722 2668 4.

325 2704 604 2796 Parique
651 2710 875 2776 absens
920 2709 1193 2796 imperio
1239 2707 1627 2796 praeficitur.

324 2812 529 2881 Inseri
575 2815 784 2883 voluit
831 2817 1146 2888 exercitui.
1193 2816 1316 2882 Sed
1357 2815 1746 2903 praecedunt
1787 2815 1977 2882 haec:
2024 2815 2144 2894 „ab
2169 2805 2452 2884 exercitu
2477 2822 2632 2887 reci-

251 2920 408 3001 pitur
428 2927 806 3009 praetorque
829 2920 903 2987 fit
924 2923 1096 3008 apud
1119 2921 1436 3010 Samum'’
1456 2943 1473 3002 ;
1501 2927 1887 3007 sequuntur:
1918 2921 2114 2999 „Post
2138 2921 2521 3012 suffragante
2538 2976 2553 2992 .
2575 2975 2590 2991 .
2614 2977 2630 2993 .

250 3025 599 3107 praeficitur
636 3027 834 3093 simul
873 3049 1022 3094 cum
1070 3027 1223 3094 Thr.
1273 3034 1338 3095 et
1383 3026 1549 3093 'Phe‘
1644 3026 1784 3093 Iam
1833 3048 1982 3094 vero
2029 3027 2084 3094 si
2131 3049 2281 3094 cum
2327 3030 2447 3096 heo
2491 3032 2630 3099 loco

252 3137 704 3219 comparaveris
751 3132 885 3202 Cio.
935 3155 1048 3220 pro
1085 3133 1292 3201 Sestio
1332 3155 1387 3200 c.
1432 3132 1517 3200 18
1557 3148 1734 3210 extr„
1782 3135 1893 3199 ubi
1937 3132 2120 3221 „Ipse
2159 3139 2374 3200 autem
2402 3134 2632 3203 Osesar

252 3245 369 3303 eret
428 3242 511 3306 ad
566 3251 779 3327 portes
798 3291 816 3326 ,
868 3246 1003 3306 erat
1050 3261 1198 3306 cum
1248 3243 1519 3328 imperio
1537 3287 1553 3318 ‚
1604 3246 1739 3306 erat
1782 3243 1848 3305 in
1896 3239 2087 3307 Italia
2131 3241 2269 3308 eius
2315 3245 2631 3310 exercitus

253 3341 425 3429 inque
469 3366 547 3412 eo
594 3349 877 3413 exercitu
925 3349 1130 3433 ipsius
1178 3348 1326 3412 trib.
1377 3346 1465 3433 pl.
1516 3347 1768 3411 inimici
1815 3349 1944 3411 mei
1996 3347 2260 3413 fratrem
2314 3349 2629 3435 praefece-

255 3449 400 3529 ἥθ’,
441 3452 692 3540 patebit
734 3453 1003 3519 subinde
1033 3453 1295 3538 praefici
1333 3453 1628 3519 absolute
1667 3472 1806 3519 esse
1843 3454 2153 3538 vositum,
2195 3455 2249 3519 si
2289 3476 2365 3522 ex
2403 3460 2631 3526 oratio-

258 3554 343 3620 nis
386 3564 689 3625 contextu
734 3558 888 3645 quid
936 3559 1059 3624 sibi
1106 3557 1306 3625 vellet
1354 3561 1624 3645 scriptor
1641 3607 1656 3635 ‚
1708 3565 1801 3625 sat
1841 3599 1863 3624 2
1911 3559 2056 3625 elici
2102 3565 2331 3646 posset.

334 3767 413 3837 Et
457 3771 712 3838 Siciliae
757 3774 1068 3838 amissum
1117 3776 1182 3838 et
1228 3771 1873 3838 Lacedaemoniorum
1921 3774 2221 3839 victorias
2266 3778 2386 3839 cet.

332 3875 711 3946 Emendavit
771 3878 1037 3943 Siciliam
1094 3878 1390 3944 ami-uam.
1486 3877 1713 3944 Melius
1776 3887 2034 3944 acturus
2082 3879 2273 3946 fuisse
2319 3880 2487 3945 mihi
2534 3885 2629 3949 vi-

262 3977 426 4048 detur
463 3987 518 4051 si
555 3985 679 4052 loci
721 3984 1153 4072 parallelismo
1195 3991 1446 4052 servato
1490 3985 1735 4049 Siciliae
1772 3990 2142 4050 amissionem
2170 3986 2628 4056 substituisset.

263 4082 352 4152 Sic
397 4094 567 4157 enim
624 4092 858 4158 melius
913 4094 1207 4159 convenit
1260 4112 1409 4157 cum
1473 4090 2161 4168 „Lacedaemoniorum
2207 4094 2562 4160 victorias.”

336 4193 515 4264 Dion.

341 4299 484 4391 Gap.
535 4305 649 4372 IX.
699 4307 763 4372 2.

346 4403 582 4479 Navem
632 4415 958 4480 triremem
1006 4413 1270 4478 armatis
1316 4416 1517 4478 ornat.
