3192 5017
1287 950 2128 1042 EURIPIDEA.

1463 1251 1931 1294 -q-vszr-e-*r

1453 1497 1626 1546 Poetae
1658 1497 1829 1547 scenici
1865 1496 2034 1546 Graeci
2069 1497 2140 1546 ed.
2173 1496 2263 1546 Gu.
2295 1495 2516 1548 Dindorf.
2551 1497 2741 1564 Lipsiae
2760 1500 2905 1553 186⁹.

1449 1578 1694 1645 Euripidis
1727 1579 1999 1645 tragoediae
2036 1594 2094 1628 ex
2128 1578 2400 1629 recensione
2442 1580 2649 1645 Augusti
2696 1582 2906 1633 Nmekii

1518 1660 1583 1711 ib.
1625 1659 1769 1712 1871.

604 1821 981 1910 Cupientem
1043 1843 1155 1908 pro
1216 1825 1379 1889 meis
1443 1822 1690 1889 viribus
1746 1822 1990 1908 aliquid
2040 1823 2320 1890 conferre
2341 1870 2357 1902 ,
2406 1845 2530 1909 quo
2578 1824 2907 1913 Euripidis

512 1930 876 2020 tragoediae
922 1933 990 1995 in
1037 1929 1377 2015 pristinum
1429 1933 1673 1995 statum
1722 1930 2239 2006 restituerentur,
2290 1930 2446 1996 haec
2492 1952 2599 1997 me
2665 1935 2909 2019 cogita·

512 2040 605 2104 tio
668 2058 706 2104 a
769 2039 1091 2123 proposito
1150 2055 1294 2102 meo
1358 2055 1554 2120 paene
1614 2035 1987 2101 revocabat:
2053 2035 2421 2102 metuebam
2484 2058 2564 2102 ne
2609 2040 2754 2123 quis
2799 2059 2908 2104 me

512 2147 912 2233 arrogantiae
968 2142 1373 2209 insimularet
1396 2191 1411 2218 ,
1475 2141 1642 2227 quod
1703 2149 1848 2226 post
1902 2147 2001 2206 tot
2044 2143 2738 2226 praestantissimorum
2787 2147 2909 2210 cri·

511 2253 784 2316 ticornm
858 2270 1049 2316 aurea
1117 2255 1182 2315 et
1243 2245 1635 2313 immortalia
1706 2249 1967 2314 inventa
2041 2247 2209 2312 mihi
2286 2248 2536 2314 viderer
2603 2251 2661 2314 is
2731 2270 2907 2336 esse,

512 2359 624 2444 qui
685 2358 883 2423 etiam
944 2375 1193 2441 possem
1259 2354 1344 2435 τῷ
1404 2351 1858 2434 τραγικωτοίτῳ
1925 2363 2147 2434 ποιητῇ
2219 2353 2430 2420 lucem
2500 2354 2738 2422 afferre.
2836 2355 2908 2422 Si

512 2466 655 2549 quis
698 2466 793 2531 ita
836 2465 1098 2536 sentiat,
1152 2464 1209 2526 is
1256 2464 1542 2546 reputet,
1594 2480 1788 2545 quam
1837 2459 2011 2526 latus
2058 2461 2164 2526 hic
2210 2466 2427 2547 pateat
2474 2463 2598 2528 arti
2647 2465 2909 2529 criticae

513 2590 814 2657 campus,
885 2575 949 2634 et
1018 2588 1211 2653 quam
1283 2586 1509 2651 parum
1572 2565 1785 2632 idonei
1847 2571 2136 2633 auctores
2196 2568 2382 2632 nobis
2441 2573 2666 2653 poetae
2713 2569 2909 2635 verba

512 2677 924 2761 tradiderint3
986 2674 1214 2741 deinde
1276 2673 1394 2754 hoc
1445 2693 1695 2759 quoque
1742 2676 1938 2751 sciat,
1986 2673 2152 2738 mihi
2199 2679 2346 2759 post
2392 2677 2764 2761 saepissime
2810 2698 2907 2743 re·

509 2784 779 2870 petitam
829 2782 1089 2847 demum
1139 2784 1204 2846 et
1251 2787 1613 2846 accuratam
1659 2778 1997 2845 lectionem
2046 2800 2225 2865 spem
2267 2787 2487 2847 natam
2534 2802 2669 2848 esse
2695 2833 2710 2853 ‚
2770 2782 2908 2849 fore

511 2897 587 2957 nt
630 2890 736 2955 hic
780 2887 919 2954 illic
966 2885 1223 2972 aliquod
1273 2887 1511 2953 vitium
1559 2885 1907 2950 indicarem
1931 2933 1947 2964 ‚
1997 2886 2165 2970 quod
2210 2907 2333 2952 non
2384 2887 2657 2974 fug-isset
2704 2887 2902 2964 alios,

511 2997 802 3085 quodque
828 2993 1210 3082 jamdudum
1231 3041 1249 3078 ,
1286 2995 1484 3058 etiam
1525 2990 1756 3057 melius
1793 2992 2088 3076 fortasse,
2137 2998 2491 3059 correctum
2531 3000 2730 3072 esset,
2778 2996 2903 3060 nisi

511 3126 615 3171 me
675 3103 1032 3168 doctiorum
1092 3105 1157 3165 et
1201 3101 1578 3186 peritiorum
1628 3102 1873 3164 mentes
1918 3101 2216 3186 graviora
2277 3121 2315 3165 a
2359 3099 2709 3166 levioribus
2755 3120 2903 3168 avo-

512 3214 780 3278 cassent.
871 3207 1099 3274 Fretus
1145 3226 1296 3293 ergo
1343 3211 1492 3271 nota
1539 3210 1605 3271 et
1645 3225 1828 3289 saepe
1867 3206 2131 3290 probata
2168 3204 2645 3294 philologorum
2686 3210 2901 3293 aequi·

514 3322 646 3385 tate
714 3321 779 3382 et
848 3311 1321 3389 benevolentia,
1389 3309 1771 3377 confidenter
1829 3331 1933 3376 me
1994 3311 2073 3376 ad
2138 3311 2417 3378 laborem
2487 3315 2782 3401 accingo,
2833 3321 2901 3378 et

514 3423 880 3510 speciminis
918 3439 1107 3485 causa
1146 3417 1457 3483 lectorum
1490 3416 1739 3504 judicio
1778 3419 2061 3502 primum
2096 3417 2433 3504 subjiciam
2460 3439 2691 3503 paucas
2717 3440 2900 3505 quas·

515 3533 664 3599 dam
728 3530 1115 3615 conjecturas
1177 3525 1255 3589 ad
1317 3523 1706 3590 Irmanmffl
1765 3522 2234 3602 Aumnnssnu,
2301 3524 2530 3590 addam
2583 3547 2785 3591 unum
2836 3533 2902 3592 et

516 3638 792 3706 alterum
852 3633 1067 3700 locum
1116 3652 1151 3696 e
1196 3629 1518 3696 nonnullis
1564 3630 1709 3696 aliis
1754 3628 2079 3715 Euripidis
2127 3630 2473 3718 tragoediis
2495 3678 2511 3709 ,
2559 3631 2745 3716 plura
2793 3631 2902 3696 da·

516 3752 700 3812 turus
746 3743 803 3809 si
848 3742 1005 3806 haec
1052 3737 1425 3825 placuerint.

605 3960 680 4027 In
730 3959 868 4046 Iph.
918 3955 1065 4024 Aul.
1112 3957 1320 4043 igitur
1363 3976 1456 4021 vs.
1509 3951 1641 4019 520
1692 3954 1938 4018 dixerat
1986 3955 2475 4040 Agamemnon:

922 4065 991 4130 τὸ
1037 4060 1336 4141 μαντικὸν
1382 4065 1510 4126 πᾶν
1558 4060 1812 4138 σπέρμα
1859 4058 2190 4138 Φιλότιμον
2238 4056 2446 4123 κακόν.

516 4171 877 4260 Respondet
921 4168 1282 4245 Menelaus,
1336 4173 1413 4232 ut
1458 4165 1613 4232 olim
1662 4164 2025 4253 legebatur:

969 4275 1174 4342 κούδέν
1222 4276 1288 4352 γ’
1335 4271 1649 4356 ἄχρηστον
1696 4270 1828 4336 οὐδὲ
1872 4271 2172 4351 χρήσιμον
2222 4269 2433 4351 παρόν.

515 4384 906 4475 Corruptum
984 4403 1119 4450 esse
1177 4382 1351 4446 hunc
1411 4397 1669 4446 versum
1730 4398 1918 4443 nemo
1979 4397 2104 4443 non
2167 4376 2374 4455 videt,
2438 4376 2544 4443 sed
2608 4398 2767 4463 quae
2816 4379 2895 4444 ab
