3192 5017
569 249 701 318 318
1590 273 1939 330 continuus

565 463 677 529 pro
747 464 897 510 vere
965 457 1195 510 natura
1267 449 1435 533 quid.
1533 443 1914 514 Coniectura
1982 447 2135 516 haec
2207 453 2339 531 est,
2404 449 2642 515 dixerit
2700 448 2938 535 aliquis.

565 549 716 633 Est,
765 550 874 616 sed
921 551 1083 622 bona
1130 559 1193 620 et
1240 559 1429 620 certa.
1481 550 1793 620 Omnium
1844 572 2145 619 consensu
2192 554 2540 622 absurdum
2585 560 2682 620 est
2717 554 2936 620 dicere:

565 671 796 729 natura
863 660 1104 728 videtur
1163 671 1420 748 experta
1481 662 1637 747 quid
1694 673 1927 730 natura
1988 661 2211 746 efficere
2247 664 2486 749 possit,
2534 660 2646 727 sed
2690 660 2944 749 vulgate

565 764 878 852 scriptura
923 763 1126 836 nihilo
1174 771 1273 834 est
1318 768 1542 834 sanior.

654 978 851 1043 Alcib.
902 976 989 1041 11.
1045 976 1118 1041 l:
1168 991 1238 1042 ut
1287 981 1343 1042 si
1386 981 1517 1067 ipse
1549 981 1793 1065 finyere
1836 979 2004 1044 vellet
2044 1000 2231 1066 neque
2260 980 2458 1068 plura
2496 982 2655 1046 bona
2677 985 2948 1048 nminieci

564 1108 750 1172 neque
787 1086 1032 1153 maiora
1063 1097 1275 1170 posset
1313 1087 1597 1172 consequi
1631 1108 1821 1170 quam
1859 1085 1951 1154 vel
1971 1097 2205 1154 natura
2230 1086 2319 1154 vel
2332 1088 2609 1173 fortuna
2632 1090 2942 1156 tribuerat.

654 1190 730 1256 In
798 1189 984 1260 libris
1045 1196 1140 1256 est
1201 1193 1561 1258 Ruminisei:
1625 1192 1975 1256 conficiunt
2035 1194 2310 1258 eminisci
2370 1199 2483 1257 aut
2543 1197 2916 1266 comminisci
2924 1221 2944 1269 ,·

565 1298 675 1365 sed
737 1301 950 1387 cogita
1013 1317 1206 1382 quam
1255 1299 1342 1362 sit
1386 1297 1543 1363 haec
1589 1296 1763 1363 male
1810 1318 1964 1362 sana
2012 1299 2324 1383 oppositio
2371 1304 2436 1363 et
2482 1318 2677 1383 quam
2728 1303 2946 1386 impor-

564 1411 719 1470 tuno
776 1405 913 1472 loco
973 1408 1063 1472 sic
1126 1405 1393 1471 verbum
1434 1416 1643 1491 posset
1690 1405 1776 1468 sit
1821 1406 2158 1468 insertum.
2255 1401 2489 1468 Omnis.
2535 1411 2724 1470 erunt
2771 1406 2944 1491 plens

485 1595 494 1602 .
565 1518 630 1577 et
677 1532 862 1590 sane,
913 1513 1027 1578 nbi
1063 1509 1409 1578 molestum
1454 1512 1764 1578 reminisci
1802 1511 2212 1595 expunxeris:
2257 1522 2328 1574 ut
2361 1532 2549 1596 neque
2584 1511 2779 1599 plura
2801 1514 2943 1578 bona

564 1640 752 1705 neque
796 1621 1042 1684 maiora
1080 1629 1292 1706 posset
1341 1619 1640 1703 consequi.

654 1725 960 1794 Eminisci
1003 1729 1116 1792 eut
1160 1724 1536 1789 comminisci
1580 1722 1974 1807 adscriptum
2024 1728 2120 1788 est.
2171 1722 2251 1788 ad
2299 1722 2572 1790 verbnm
2605 1727 2866 1812 finqere.

657 1938 853 2004 Alcib.
905 1937 1013 2003 IV.
1067 1938 1142 2003 l:
1207 1937 1604 2025 postulabat,
1652 1939 1708 1999 si
1750 1937 1905 2021 quid
1950 1939 2022 2001 de
2067 1958 2127 2001 se
2172 1939 2279 2021 aqi
2324 1935 2586 2014 velleN‘l·‚
2629 1938 2841 2024 potius
2882 1938 2945 2000 de

560 2058 885 2132 praesente
928 2047 1202 2131 quaestio
1251 2044 1594 2108 haberetur.

656 2150 870 2221 Etiam
933 2151 1037 2216 hic
1102 2152 1451 2216 necessaria
1513 2150 1876 2214 coniunctio
1944 2148 2180 2218 amissa
2242 2154 2340 2212 est
2386 2148 2939 2233 scribendumque:

566 2256 778 2329 vellent
822 2275 905 2324 U'r
952 2259 1167 2344 potius
1211 2259 1286 2322 de
1325 2267 1647 2344 praesente
1692 2259 1813 2320 oet.

659 2467 856 2535 Alcib.
923 2470 985 2533 4.
1037 2469 1114 2533 5:
1171 2481 1510 2556 postquam
1574 2479 1780 2532 autem
1828 2491 1888 2532 se
1933 2469 2154 2554 eapitis
2200 2470 2570 2538 damnatum
2616 2468 2787 2532 bonis
2820 2493 2937 2555 pu-

565 2575 801 2641 blicatis
862 2578 1134 2652 audivit,
1193 2587 1287 2658 et,
1334 2575 1404 2638 id
1449 2575 1615 2659 quod
1660 2596 1776 2637 usu
1822 2586 2100 2650 venerat,
2151 2573 2568 2660 Eumolpidae
2615 2577 2938 2639 sacerdotes

565 2705 605 2746 a
646 2682 880 2769 populo
927 2693 1161 2746 coactos
1209 2693 1280 2744 ut
1326 2701 1386 2744 se
1430 2681 1797 2746 devoverent.

654 2788 805 2856 Sine
865 2808 1054 2858 sensu
1108 2788 1210 2852 his
1255 2788 1746 2869 interponuntur
1794 2786 1988 2851 verba
2033 2790 2102 2850 id
2144 2790 2312 2872 quod
2355 2809 2471 2850 usu
2518 2799 2794 2869 venerat,
2840 2784 2937 2851 sed

563 2894 688 2959 duo
745 2892 1054 2959 vocabula
1114 2892 1522 2976 exciderunt,
1570 2892 1800 2975 quibus
1848 2895 2158 2958 revocatis
2205 2892 2420 2957 omnia
2465 2892 2792 2962 habebunt
2835 2914 2934 2977 op-

486 3000 491 3005 ’
564 3001 774 3065 time.·
838 2998 1285 3066 Scribendum:
1337 3001 1407 3064 id
1450 3002 1617 3086 quod
1660 3015 1977 3073 NUMQUAM
2023 3017 2232 3063 AN'rnA
2286 3022 2396 3062 usu
2444 3012 2725 3082 venerat,
2769 3006 2841 3064 ut
2877 3002 2935 3061 in

562 3127 697 3192 cap.
764 3105 868 3174 VI.
921 3105 998 3171 3:
1063 3110 1132 3171 id
1176 3109 1342 3193 quod
1384 3129 1727 3192 numquam
1774 3117 1957 3169 antea
2003 3129 2118 3169 usu
2166 3118 2409 3170 venerat
2454 3108 2580 3170 nisi
2631 3105 2936 3194 Olympiae

559 3214 906 3279 victoribus.
971 3213 1102 3289 Qui
1164 3233 1340 3278 sacre
1401 3212 1747 3278 violassent
1792 3210 2076 3275 damnati
2123 3213 2401 3278 cicutam
2452 3214 2517 3278 in
2568 3232 2811 3280 carcere
2857 3211 2931 3281 bi·

561 3319 829 3401 bebant,
879 3317 1248 3384 Alcibiades
1294 3319 1540 3403 primus
1588 3318 1745 3382 diris
1792 3316 2057 3382 devotus
2105 3313 2344 3394 estsid
2387 3318 2553 3401 qnod
2594 3337 2927 3402 numquam

561 3431 746 3490 antea
790 3424 1033 3490 fectum
1082 3429 1235 3492 erat.

652 3635 849 3704 Alcib.
915 3635 1017 3701 lv.
1089 3635 1162 3702 7:
1235 3636 1548 3703 Deceleam
1612 3641 1678 3702 in
1727 3636 1941 3703 Attica
1988 3640 2345 3702 munierunt
2383 3638 2811 3724 praesidioque
2852 3636 2929 3699 ibi

552 3755 853 3830 perpetuo
897 3745 1098 3808 Posito
1145 3747 1211 3808 in
1270 3745 1575 3810 obsidione
1626 3742 1902 3808 Athenas
1948 3756 2287 3809 tenuerunt.

646 3849 1054 3940 negandum:
1119 3862 1418 3938 perpetuo
1477 3856 1755 3938 inposito
1778 3897 1793 3925 ,
1861 3857 1932 3913 ut
1996 3848 2270 3914 Romani
2332 3850 2669 3934 scriptores
2728 3865 2926 3914 omnes

557 3960 917 4021 constanter
985 3953 1218 4032 solent,
1298 3961 1362 4020 et
1430 3956 1581 4040 quid
1655 3957 2050 4041 frequentius
2121 3962 2218 4020 est
2279 3956 2446 4041 apud
2513 3955 2921 4022 Romanorum

556 4063 892 4129 historicos
940 4082 1134 4146 quam
1170 4065 1558 4150 praesidium
1607 4061 1963 4150 imponere?

649 4268 955 4335 Alcibiad.
1018 4268 1096 4335 V.
1151 4270 1221 4335 l:
1287 4274 1495 4358 itaque
1557 4284 1797 4359 tempus
1859 4274 1986 4337 eius
2048 4272 2454 4358 interficiendi
2520 4291 2795 4358 quaerere
2836 4269 2920 4332 in·

556 4376 965 4452 stivmfflun'r,
1027 4374 1375 4464 legendum
1438 4379 1849 4444 instimeum·
1907 4378 1974 4442 id
2042 4383 2139 4442 eet
2197 4389 2541 4468 coeperunt.
2638 4371 2920 4466 Opposita
