3192 5017
356 267 397 336 6
1335 273 1357 298 ·
1421 287 1683 336 cissis.

452 457 587 524 VII.
660 460 778 525 11:
840 462 1056 524 castris
1113 473 1253 525 ante
1312 462 1585 544 oppidum
1623 467 1839 544 positis
1884 461 2011 525 diei
2055 468 2306 545 tempore
2352 461 2619 524 eat-clusus
2667 457 2734 524 in

352 573 652 651 posterum
696 572 1179 651 oppnqnationem
1224 569 1452 654 differt.

458 669 779 738 Correxit:
840 679 907 738 in
952 682 1253 757 poster-mn
1311 691 1500 758 Dum,
1563 678 1639 738 ut
1700 673 1837 739 VII.
1892 673 2011 740 18:
2076 698 2188 756 qno
2231 681 2463 738 nostros
2498 680 2734 756 postero

367 783 468 847 die
507 779 853 864 pabulatum
900 787 1173 845 venturos
1216 780 1636 845 arbitraretur.
1689 787 1753 845 et
1798 781 1889 846 sio
1937 779 2092 846 alibi
2136 783 2395 866 passim.

461 989 615 1055 VII.
691 992 809 1057 17:
881 992 1026 1072 quin
1089 992 1264 1057 etiam
1329 994 1543 1057 Caesar
1605 1015 1731 1055 cnm
1789 997 1855 1055 in
1915 1015 2083 1076 opere
2137 993 2418 1074 sinqulis
2473 994 2744 1078 leqionns

371 1098 701 1179 appellaret
746 1109 805 1163 et
848 1099 904 1162 si
948 1100 1213 1163 acerbius
1254 1099 1514 1182 inopiam
1544 1100 1802 1184 ferrent
1844 1121 1906 1163 se
1951 1100 2331 1164 dimissurum
2369 1102 2747 1185 oppnqnatio·

373 1224 504 1266 nem
550 1205 785 1269 diceret.

463 1308 720 1396 Optime
764 1314 1072 1377 correxit:
1124 1313 1402 1394 sinyulos
1449 1314 1831 1396 leqionAmos
1875 1315 2220 1397 appellaret.

464 1523 620 1590 Post
666 1546 899 1610 pauca:
964 1531 1229 1591 universi
1271 1529 1342 1590 ab
1391 1549 1454 1592 eo
1501 1551 1576 1592 ne
1621 1528 1694 1591 id
1716 1528 1964 1614 faceret
1996 1528 2315 1611 petebant.-
2361 1526 2448 1590 sic
2494 1549 2557 1590 se
2602 1549 2749 1590 com·

363 1632 575 1714 plnres
634 1654 818 1696 annos
875 1633 983 1696 illo
1045 1638 1367 1717 imperante
1427 1635 1739 1719 meruisse,
1786 1641 1854 1699 nt
1896 1635 2124 1698 nullam
2170 1634 2549 1715 iqnominiam
2598 1633 2750 1696 acci-

373 1746 605 1822 perent,
652 1761 939 1824 nusquam
983 1756 1256 1805 mOBP'rA
1302 1762 1369 1805 re
1414 1742 1798 1806 discederent.

466 1842 736 1930 Scripsit
797 1845 1028 1911 Caesar
1086 1847 1332 1931 infecta
1383 1870 1481 1932 re,
1530 1854 1594 1914 et
1641 1854 1874 1931 incepta
1919 1853 2145 1914 natum
2195 1852 2292 1912 est
2339 1867 2430 1912 ex‘
2463 1868 2596 1932 sqq.
2645 1848 2751 1911 hoc

373 1973 436 2016 se
493 1951 854 2034 iynominiae
913 1958 1137 2017 laturos
1181 1955 1304 2018 loco
1348 1960 1404 2019 si
1448 1971 1778 2021 ῙΝΟΕΡΤΔΜ
1823 1960 2307 2044 oppuqnationem
2352 1954 2745 2039 reliquissent.

468 2163 614 2229 VII.
667 2162 787 2230 31:
837 2165 940 2250 qni
981 2170 1242 2231 Avarico
1289 2174 1617 2249 eapuqnato
1664 2167 2045 2252 Rnfnyerant.

470 2269 811 2356 Comparat
868 2270 1019 2337 VH.
1071 2272 1194 2337 38:
1256 2273 1359 2358 qui
1413 2296 1487 2338 ex
1532 2274 1665 2357 ipsa
1710 2275 1886 2338 caede
1911 2275 2254 2358 sufferunt,
2303 2279 2399 2340 et:
2448 2297 2518 2339 ea·
2561 2277 2753 2341 media

383 2378 558 2442 caede
583 2377 833 2461 fugiisse
848 2424 865 2455 ‚
914 2380 1443 2464 praepositionem
1492 2399 1574 2447 ΒΕ
1622 2379 1954 2447 delendam
2003 2402 2136 2447 esse
2182 2382 2523 2465 suspicans.

471 2590 622 2657 VII.
674 2590 793 2660 32:
860 2592 1152 2657 civitatem
1209 2614 1331 2656 esse
1374 2615 1593 2656 omnem
1638 2593 1706 2657 in
1752 2599 1933 2658 armis
1942 2621 1971 2671 ;
2016 2594 2268 2658 divisum
2311 2601 2573 2659 senatum
2596 2643 2611 2672 ‚
2665 2594 2756 2657 di-

383 2700 572 2765 visum
605 2699 889 2782 populum
933 2721 1073 2762 snas
1121 2699 1399 2784 cuiusque
1443 2722 1640 2763 eornm
1685 2700 2014 2766 clientelas.

472 2805 748 2871 Inseruit
791 2806 1350 2891 praepositionem:
1407 2844 1485 2855 -
1527 2801 1809 2890 popubu‘m
1853 2826 1916 2873 m
1964 2829 2107 2872 snas
2150 2809 2443 2893 cuiusque.

476 3016 616 3085 VII.
667 3017 788 3086 37:
840 3019 1074 3101 placuit
1136 3023 1230 3082 nti
1272 3018 1579 3082 Litavicus
1624 3019 1815 3083 decem
1862 3018 1993 3083 illis
2036 3019 2299 3084 millibus
2351 3057 2427 3069 -
2473 3023 2758 3105 praefice·

385 3131 551 3189 retur
596 3131 771 3205 atque
813 3149 881 3189 ea
928 3126 1198 3190 Ducenda
1245 3131 1501 3189 curaret.

472 3231 890 3297 Emendavit:
961 3238 1134 3316 atque
1209 3254 1279 3296 ea
1347 3233 1739 3297 dencenda
1804 3239 2076 3311 curaret,
2148 3238 2223 3298 ut
2291 3233 2506 3318 paullo
2576 3239 2755 3300 ante:

381 3360 560 3401 unam
606 3360 727 3402 esse
771 3338 1155 3401 Haeduorum
1198 3338 1495 3402 civitatem
1523 3374 1604 3386 —
1632 3359 1747 3422 qna
1793 3355 2128 3403 TRADUO'I'A
2174 3341 2358 3402 locum
2407 3340 2760 3404 consistendi

386 3444 675 3510 Romanis
716 3445 783 3507 in
833 3443 1040 3507 Gallia
1084 3465 1203 3508 non
1231 3444 1406 3529 fore.

473 3651 633 3718 VII.
686 3651 804 3716 43:
861 3658 1078 3717 Gaesar-
1107 3690 1192 3703 —-
1214 3675 1381 3739 quam
1427 3653 1737 3718 mitissime
1762 3653 1765 3657 “
1768 3659 1966 3737 potest
2011 3653 2230 3734 legatos
2267 3653 2564 3736 appellat.-
2603 3655 2765 3720 nihil

379 3784 442 3826 se
476 3767 723 3845 propter
766 3761 1139 3825 inscientiam
1185 3761 1586 3840 levitatemque
1621 3759 1786 3844 vulyi
1817 3765 2064 3841 qravius
2102 3761 2176 3823 de
2214 3759 2455 3824 civitate
2490 3761 2761 3828 iudicare

379 3891 563 3953 neque
609 3868 682 3930 de
725 3889 833 3930 sua
875 3866 942 3929 in
987 3866 1270 3930 Haeduos
1315 3867 1719 3930 benevolentia
1766 3866 2115 3929 deminuere.

472 3974 842 4060 Supplevit:
890 3995 1075 4052 neque
1120 3989 1442 4048 Qmoomffl
1488 3974 1561 4037 de
1604 3996 1727 4037 stus.

471 4189 624 4256 VII.
675 4187 796 4254 48:
859 4187 964 4270 qni
1023 4191 1103 4251 ad
1158 4189 1409 4252 alteram
1459 4194 1696 4270 partem
1749 4185 1955 4271 oppidi
2003 4222 2084 4234 --
2134 4196 2524 4252 convenerant
2554 4184 2752 4267 primo

381 4298 658 4364 exaudito
730 4296 979 4359 clamore
1036 4295 1174 4357 inde
1234 4295 1407 4359 etiam
1467 4293 1687 4356 crebris
1747 4291 1981 4356 nuntiis
2046 4292 2290 4357 incitati
2340 4291 2668 4378 [oppidum
2723 4310 2760 4354 a

383 4405 688 4473 Romanis
728 4404 957 4486 teneri]
986 4402 1339 4485 praemissis
1374 4400 1671 4487 equitibus
1694 4422 1894 4483 maqno
1919 4421 2202 4465 concursu
2226 4424 2288 4464 eo
2312 4400 2752 4463 contenderunt.
