3192 5017
1378 294 1613 349 Lwlus.
2561 270 2692 343 433

311 482 462 553 (non
526 475 660 540 sine
720 471 1088 560 largitione)
1150 474 1389 561 egisse,
1450 480 1515 539 et
1576 474 1645 537 τὸ
1690 471 1829 542 τοὺς
1879 469 2046 533 κατὰ
2097 468 2207 542 τὴν
2247 468 2529 534 Ἰταλίαν
2576 492 2690 545 με·

312 579 559 661 τεώρους
623 581 944 660 ὑπάρχειν.
1041 579 1222 645 Nihil
1277 583 1492 644 minus
1550 579 1874 665 cogitabat
1936 577 2251 643 Eumenes
2302 597 2491 663 quam
2542 578 2694 644 Per·

310 708 490 753 seum
554 686 723 751 bello
781 686 1001 750 iuvare
1063 691 1128 750 et
1189 685 1509 751 Romanos
1570 684 1828 770 prodere
1893 683 2304 769 (quamquam
2355 683 2693 768 proditoris

312 795 584 878 speciem
670 793 1036 877 praebebat)
1117 792 1281 876 quod
1367 794 1594 857 multis
1665 792 1743 856 de
1811 793 2018 856 causis
2091 790 2497 856 manifestum
2574 796 2689 857 est.

312 896 770 984 Suspicabatur
815 897 880 962 id
929 904 1143 964 tamen
1189 898 1557 965 Theodorus
1605 898 1961 963 Mommsen
2008 903 2073 963 et
2122 903 2448 983 propterea

719 1005 1007 1084 ἥςραπτ’,
1054 1004 1349 1085 ἐβρόντα,
1400 991 1700 1080 ξυνεκύκα
1751 1007 1835 1070 τὰ
1884 1005 2265 1085 πράγματα.

402 1110 713 1197 Polybius
774 1132 1023 1197 quoque
1070 1133 1142 1176 ea
1190 1114 1545 1197 suspicione
1589 1132 1712 1176 non
1761 1114 2062 1196 vacabat,
2117 1112 2555 1177 demonstrans
2602 1107 2694 1178 ότι

314 1219 349 1293 ἦ
412 1216 796 1298 Φιλαργυρία
846 1224 962 1282 τῶν
1008 1214 1326 1295 ἀνθρώπων
1377 1218 1517 1296 πρὸς
1573 1226 1697 1289 τοῖς
1746 1216 1961 1291 ἄλλοις
2013 1226 2219 1292 κακοῖς
2271 1219 2375 1283 καὶ
2425 1218 2494 1284 τὸ
2543 1226 2695 1299 Φρο-

312 1332 431 1389 νεῖν
478 1324 845 1405 ἀφαιρεῖται
894 1324 1061 1410 apud
1115 1324 1467 1391 Diodorum
1520 1324 1641 1389 Sic.
1696 1325 1953 1399 XXXI,
2007 1324 2115 1404 21,
2166 1324 2225 1390 2.
2278 1324 2371 1399 τίς
2423 1324 2546 1406 γὰρ
2590 1329 2696 1392 οὐκ

311 1429 389 1495 ἂν
452 1431 894 1509 ἕπισήμήναιτο
958 1433 1068 1505 τὴν
1124 1428 1332 1495 ἄνοιαν
1396 1432 1760 1512 ἑμφοτέρων
1826 1439 1942 1496 τῶν
1989 1431 2338 1509 βασιλέων,
2390 1433 2698 1497 Eumenis

315 1536 571 1620 quidem
643 1541 793 1624 quia
859 1540 1149 1625 sperabat
1212 1540 1344 1603 fore
1407 1544 1481 1603 ut
1543 1544 1784 1604 tantam
1860 1542 1991 1602 vim
2063 1542 2366 1624 pecuniae
2429 1542 2698 1606 Perseus

314 1645 759 1709 inimicissimo
831 1666 944 1711 suo
1016 1647 1150 1710 sine
1221 1644 1355 1710 ullo
1424 1643 1569 1709 fidei
1635 1647 1900 1732 pignore
1961 1646 2378 1711 concrederet.
2446 1653 2570 1719 πῶς
2637 1646 2698 1711 δὲ

307 1748 526 1825 λαβὼν
598 1756 844 1816 τοσοῦτο
917 1752 1145 1826 πλῆθος
1214 1751 1560 1832 χρημάτων
1624 1750 1911 1827 ὑπέλαβε
1963 1756 2168 1827 λήσειν
2216 1752 2550 1829 Ῥωμαίους
2569 1773 2584 1831 ;
2637 1760 2701 1818 et

304 1855 489 1941 plura
535 1859 601 1921 in
654 1858 916 1922 eandem
968 1858 1368 1922 sententiam.
1419 1857 1663 1922 Deinde
1705 1857 1918 1922 Persei
1962 1859 2346 1923 dementiam
2376 1862 2698 1947 exagitat3

305 1968 412 2027 τοῦ
479 1963 541 2028 δὲ
607 1962 880 2043 Περσέως
943 1963 1136 2028 πάλιν
1196 1965 1288 2035 τίς
1353 1965 1459 2028 οὐκ
1520 1961 1597 2027 ἂν
1653 1964 1990 2041 θαυμάσειε
2042 1970 2166 2036 πῶς
2217 1963 2377 2029 ἄλλο
2435 1989 2496 2029 τι
2536 1988 2698 2042 συμ-

308 2072 640 2149 Φορώτερον
708 2068 741 2143 ἢ
809 2068 1298 2150 προυργιαίτερον
1360 2070 1600 2148 ἐνόμισε
1667 2074 1773 2134 τοῦ
1844 2069 2044 2134 δοῦναι
2093 2070 2176 2139 τὰ
2231 2071 2540 2152 χρήματα
2592 2072 2696 2136 καὶ

311 2184 648 2241 καταπιεῖν
712 2177 897 2240 ἐᾶσαι
960 2175 1205 2254 Εὐμένη
1273 2179 1341 2242 τὸ
1402 2176 1622 2255 δέλεαρ
1639 2197 1656 2256 ;
1708 2176 2001 2262 Namque
2049 2179 2098 2242 εἰ
2147 2176 2382 2253 ταύτης
2436 2179 2699 2257 ἐψεύσθη

314 2290 429 2358 τῆς
501 2282 744 2352 ἐλπίδος
792 2281 879 2353 εἷς
927 2306 1006 2360 γε
1055 2284 1164 2356 τήν
1211 2283 1354 2363 πρὸς
1403 2283 1739 2359 Ῥωμαίους
1791 2281 2017 2363 ἔχθραν
2064 2284 2560 2362 ὁμολογουμένως
2611 2284 2701 2350 ἂν

317 2390 573 2454 αὐτὸν
643 2389 881 2473 (inepte
940 2387 1157 2453 Maius
1220 2389 1606 2475 ἀναφανδόν)
1673 2390 2081 2468 ἐμβεβλήκει,
2147 2396 2210 2455 et
2271 2397 2697 2477 postpauca:

315 2494 563 2561 πάντων
628 2500 743 2559 τῶν
804 2492 1267 2571 συμβαινόντων
1327 2502 1533 2560 κακῶν
1590 2495 1785 2561 αἴτιον
1836 2496 2100 2576 ἐνόμιζεν
2148 2498 2393 2575 Εὐμένη
2443 2497 2700 2577 γεγονέ-

317 2624 450 2677 ναι,
516 2598 581 2666 ὃν
642 2601 746 2665 οὐκ
813 2599 890 2664 ἂν
954 2600 1197 2676 ἐδυνήθη
1246 2604 1391 2667 κατ’
1438 2602 1648 2666 οὐδένα
1698 2603 1913 2684 τρόπον
1960 2602 2316 2680 ἀμύνασθαι
2363 2602 2616 2681 βέλτιον
2667 2606 2699 2681 ἢ

317 2711 612 2789 πολέμιον
691 2708 952 2782 ποιήσας
1028 2708 1369 2785 Ῥωμαίοις.
1464 2707 1640 2774 Haec
1711 2713 1924 2775 omnia
1995 2711 2087 2774 ita
2156 2710 2455 2775 dicuntur
2525 2713 2704 2796 quasi

315 2818 633 2883 Eumenes
695 2815 923 2903 grandi
986 2818 1251 2900 pecunia
1307 2837 1343 2881 a
1387 2816 1617 2881 Perseo
1664 2821 1918 2900 accepta
1965 2815 2394 2882 Romanorum
2444 2837 2696 2881 causam

315 2924 576 3009 prodere
634 2921 964 2987 voluisset.
1058 2920 1271 2986 Facile
1331 2928 1428 2987 est
1478 2927 1721 2987 tantam
1772 2921 2160 2988 dementiam
2212 2922 2544 3008 explodere
2591 2922 2699 2988 sed

316 3031 590 3097 callidus
660 3029 977 3094 Eumenes
1045 3048 1168 3093 non
1240 3032 1370 3093 tam
1440 3030 1677 3094 stultus
1749 3034 1882 3095 erat
1952 3036 2027 3095 ut
2087 3029 2240 3096 baec
2303 3034 2519 3096 omnia
2579 3052 2704 3097 nou

316 3139 526 3205 multo
601 3136 833 3202 melius
903 3138 1094 3201 sciret
1166 3155 1357 3222 quam
1427 3135 1739 3223 Polybius
1805 3142 1869 3201 et
1931 3136 2175 3203 Livius.
2272 3137 2440 3217 Quid
2505 3140 2706 3225 igitur

316 3245 702 3312 moliebatur
764 3240 1130 3310 Eumenes?
1194 3242 1347 3328 quid
1407 3243 1530 3307 sibi
1601 3244 1982 3328 quaerebat?
2045 3244 2111 3308 id
2173 3244 2340 3329 quod
2388 3244 2704 3332 Polybius

317 3350 713 3438 lepidissima
778 3352 1249 3435 comparatione
1312 3347 1736 3436 significavit,
1791 3370 1980 3435 quam
2033 3350 2257 3416 Livius
2306 3351 2528 3417 Latine
2572 3373 2710 3418 ver-

319 3464 452 3524 tere
513 3477 636 3521 non
704 3461 987 3542 poterat:
1054 3456 1080 3521 ὃ
1144 3457 1206 3521 δὲ
1255 3455 1535 3533 Εὐμένης
1582 3453 1938 3535 σπουδάζων
1984 3455 2263 3538 καθάπερ
2310 3460 2361 3522 οἱ
2410 3460 2702 3539 μοχθηροὶ

321 3572 438 3630 τῶν
510 3565 729 3643 ἰατρῶν
801 3565 934 3643 περὶ
995 3562 1065 3628 τὸ
1129 3559 1407 3642 πρόδομα
1468 3567 1716 3640 μᾶλλον
1782 3562 1814 3637 ἢ
1877 3563 2010 3643 περὶ
2074 3564 2177 3629 τὸν
2225 3565 2478 3643 μισθόν,
2531 3565 2708 3639 τέλος

321 3669 527 3744 cireen
594 3676 702 3743 τῆς
773 3669 1072 3748 ἐπιβολῆς
1143 3669 1534 3744 ἀδυνατήσας
1585 3670 2139 3748 καταγωνίσασθαι
2187 3681 2263 3754 τῇ
2314 3672 2532 3737 ἑαυτοῦ
2583 3697 2712 3737 πα-

319 3777 571 3860 νουργίᾳ
618 3780 726 3851 τὴν
774 3782 882 3841 τοῦ
931 3775 1205 3856 Περσέως
1254 3777 1676 3857 μικρολογίαν.
1731 3775 2019 3862 Imperiti
2062 3778 2293 3844 medici
2337 3781 2404 3843 in
2446 3776 2713 3844 Graecia

319 3888 497 3970 prius
560 3895 751 3969 quam
809 3886 1201 3969 aegrotantis
1253 3904 1471 3948 curam
1520 3886 1587 3947 in
1643 3904 1708 3948 se
1754 3886 2143 3969 susciperent
2189 3882 2594 3968 postulabant
2640 3889 2715 3947 ut

319 3991 441 4056 sibi
508 3989 750 4075 aliquid
795 4009 1222 4054 nummorum
1276 3992 1339 4053 in
1391 4010 1657 4055 manum
1708 3990 1963 4055 daretur
2009 3990 2099 4054 sie
2145 3995 2219 4054 ut
2266 3988 2509 4074 reliqua
2552 4011 2716 4055 mer-

319 4119 420 4165 ces
490 4103 633 4182 post
704 4099 879 4184 aegri
951 4098 1426 4161 restitutionem
1489 4095 1858 4162 solveretur.
1956 4095 2275 4161 Eumenes
2343 4095 2717 4162 venditabat

316 4203 546 4271 Perseo
617 4223 872 4289 operam
932 4222 1113 4267 suam
1178 4201 1506 4286 postulans
1567 4207 1643 4267 ut
1703 4201 1825 4266 sibi
1885 4202 1953 4265 in
2016 4207 2409 4268 antecessum
2473 4202 2715 4268 talenta

322 4311 565 4397 aliquot
627 4310 1021 4376 solverentur
1083 4308 1221 4396 (mab
1276 4321 1504 4393 partem
1563 4311 1826 4395 aliquam
1866 4317 2236 4393 praesentem
2277 4308 2511 4396 ferr-eff
2557 4308 2701 4374 Liv.

324 4422 437 4501 44,
512 4421 631 4506 25)
697 4425 761 4483 et
827 4420 916 4482 sic
964 4438 1084 4482 non
1134 4437 1319 4503 aegre
1365 4416 1613 4481 laturus
1659 4419 1710 4481 si
1759 4438 1856 4483 res
1904 4417 2148 4483 exitum
2199 4437 2318 4483 non
2367 4416 2714 4483 habuisset.
