3192 5017
1171 334 1560 385 sornoonm.
2429 314 2557 386 211

204 509 423 572 entka'lt.
468 509 587 572 Die
632 509 937 573 Schreiber
981 532 1229 574 macerer
1272 509 1521 574 Codices
1559 510 1781 586 baben,
1819 514 1926 573 wie
1960 515 2047 574 sie
2083 511 2222 574 eben
2244 511 2559 574 Mencken

204 619 306 677 und
358 638 508 678 mr
565 617 767 679 bochet
834 617 1208 679 urtheilelose
1274 616 1376 679 Me
1384 621 1599 679 narchen
1645 639 1840 679 waren
1862 663 1879 691 ,
1927 617 2258 680 zablreiche
2295 623 2563 697 ,qrc'issere

204 723 311 785 aud
366 723 618 786 kleinere
687 723 911 787 Fehler
978 723 1349 786 verachuldet
1364 750 1392 797 ;
1454 724 1554 785 die
1610 723 1884 803 qro’bsten
1945 722 2012 785 F
2004 723 2357 801 alachunqen
2420 725 2559 786 aber

201 828 437 891 eckeiuen
496 852 606 892 von
668 829 784 891 den
830 828 1365 891 Pseudokritikern
1412 833 1478 890 in
1525 829 1901 891 Alexandria
1946 829 2347 891 herzuroe'c'hren
2367 877 2381 903 ,
2432 831 2561 893 und

203 936 429 998 einzelne
486 935 999 1017 Interpolationen
1059 943 1339 998 stamme-n
1400 957 1573 1014 eoqar
1621 957 1730 996 aus
1776 935 1923 996 noch
1970 939 2189 997 lilterer
2233 935 2383 998 Zeia.
2435 934 2557 999 Be-

202 1041 414 1104 tonders
458 1042 556 1104 kat
602 1042 703 1104 die
747 1042 1097 1123 Bemic'huny
1145 1047 1316 1103 einen
1352 1041 1617 1126 zusc'illiy
1643 1041 1981 1120 qemackten
2017 1041 2232 1103 Fehler
2269 1064 2343 1103 zu
2378 1042 2560 1105 beben

200 1146 363 1230 &flers
403 1170 479 1210 zu
516 1148 926 1227 yeaeoaltsamen
966 1147 1314 1210 verkehrten
1356 1148 1788 1225 Aenderunyen
1829 1147 1956 1208 und
1988 1168 2098 1209 zm·
2122 1147 2558 1229 Einschaltuny

195 1275 385 1331 qanzer
444 1254 614 1317 Verre
659 1255 774 1316 den
820 1254 1053 1315 Anlass
1091 1258 1355 1333 yeboten.
1450 1251 1805 1317 Verissime
1852 1252 2005 1316 haec
2054 1252 2224 1316 dicta
2271 1262 2420 1316 sunt
2461 1274 2561 1319 ea-

202 1378 302 1441 que
341 1359 551 1424 omnia
598 1381 676 1425 ex
723 1362 925 1423 animi
970 1361 1282 1424 sententia
1317 1379 1459 1422 mea
1496 1358 1679 1422 facio.
1731 1355 1904 1420 Illud
1942 1359 2261 1442 imprimis
2284 1358 2556 1445 dignum

201 1473 281 1527 est
322 1487 442 1550 quo
487 1467 927 1542 attendamus,
974 1466 1141 1550 quod
1187 1464 1515 1530 contendit
1559 1462 1925 1540 Nauokius‚
1977 1484 2109 1529 esse
2148 1466 2450 1549 quasdam
2492 1468 2559 1529 in

199 1568 481 1656 Sophocle
522 1571 1040 1657 interpolationes
1090 1570 1433 1635 admodum
1484 1571 1777 1653 antiquas
1823 1583 1888 1634 et
1932 1590 2056 1633 non
2105 1571 2563 1637 contemnenda

198 1684 325 1740 sunt
367 1699 521 1762 quae
568 1679 794 1742 deinde
840 1678 1154 1743 indicavit
1201 1678 1551 1762 incongrua
1597 1678 1666 1739 in
1713 1673 2033 1761 Oedipode
2081 1673 2353 1741 Coloneo
2393 1682 2458 1741 et
2492 1680 2561 1741 in

198 1780 541 1849 Philocteta.
640 1783 836 1868 Spero
910 1784 1042 1848 fore
1110 1790 1184 1847 ut
1254 1782 1593 1866 aliquando
1666 1783 1885 1846 eodem
1958 1781 2123 1845 mihi
2182 1783 2563 1847 concedatur

198 1888 413 1967 redire3
477 1911 701 1955 verum
767 1890 955 1955 hodie
1022 1888 1468 1953 tantummodo
1530 1889 1689 1952 mihi
1755 1908 1854 1952 res
1900 1890 2020 1952 erit
2068 1908 2215 1951 cum
2264 1890 2560 1953 minutiis

201 1996 580 2077 quibusdam.
676 1995 777 2060 Ita
835 1997 1005 2060 enim
1066 2000 1283 2060 nostra
1337 2015 1438 2059 ars
1496 2001 1862 2078 comparata
1925 1999 2052 2058 est:
2125 1996 2181 2058 si
2254 1994 2562 2059 minutias

199 2100 562 2188 neglexeris,
610 2124 691 2167 ne
738 2108 879 2167 tum
932 2102 1191 2186 quidem
1239 2122 1339 2166 res
1386 2101 1506 2164 tibi
1552 2099 1882 2185 procedet,
1934 2098 2042 2163 ubi
2087 2099 2166 2164 ad
2205 2098 2562 2166 difficiliora

204 2210 259 2268 et
298 2208 576 2273 abstrusa
621 2210 889 2275 veneris.

282 2312 451 2393 Quod
512 2314 702 2379 aliter
763 2313 899 2377 fieri
945 2334 1069 2378 non
1117 2315 1331 2397 potuit
1378 2315 1443 2377 in
1494 2317 1672 2378 tanta
1719 2315 2222 2398 conjecturarum
2269 2312 2565 2379 multitu-

203 2417 362 2495 dine,
420 2441 573 2504 quas
630 2421 755 2485 viri
804 2420 974 2483 docti
1022 2418 1378 2484 attulerunt
1426 2420 1504 2483 ad
1551 2418 1880 2504 Sophoclis
1927 2424 2176 2484 textum
2227 2419 2566 2485 emendan-

202 2522 370 2600 dum,
419 2548 601 2612 saepe
648 2526 910 2595 accidit.
960 2533 1035 2590 ut
1081 2547 1240 2610 quae
1286 2528 1639 2590 rectissime
1688 2532 1966 2590 correcta
2012 2532 2251 2602 essent,
2302 2528 2380 2592 ab
2430 2527 2560 2592 edi-

206 2632 423 2696 toribus
482 2652 805 2718 perperam
872 2638 1313 2717 spernerentur
1373 2640 1436 2696 et
1496 2636 1650 2696 m'ox
1711 2635 1779 2695 in
1842 2630 2231 2697 oblivionem
2280 2634 2561 2716 abirent,

202 2734 335 2801 dum
381 2740 781 2805 mediocriter
827 2740 1088 2804 inventa
1134 2742 1201 2802 in
1250 2738 1488 2803 honore
1535 2746 1684 2802 sunt
1731 2744 1795 2801 et
1843 2759 1953 2822 per
2002 2758 2220 2803 omnes
2268 2739 2562 2823 deinceps

202 2841 478 2909 editiones
538 2852 990 2931 propagantur.
1086 2843 1303 2908 Huius
1365 2847 1457 2909 rei
1518 2844 1975 2908 documentum
2029 2846 2348 2909 invenisse
2395 2845 2560 2908 mihi

203 2947 392 3013 videor
433 2950 500 3014 in
546 2952 745 3015 Aiace
791 2972 883 3014 vs.
944 2948 1092 3014 109.
1186 2950 1535 3033 Postquam
1584 2949 1755 3014 Aiax
1803 2948 1996 3012 dixit:
2045 2952 2244 3012 θανεῖν
2285 2949 2410 3027 γὰρ
2453 2952 2562 3015 αὖ·

202 3052 290 3115 τὸν
330 3054 449 3120 οὔτι
497 3080 589 3120 πω
640 3054 845 3130 θέλω,
895 3054 1261 3140 interpellat
1309 3076 1459 3120 eum
1509 3054 1806 3120 Minerva
1861 3054 1962 3118 his
2008 3054 2254 3120 verbis:
2302 3056 2436 3132 πρὶν
2484 3053 2562 3119 ἄν

202 3180 250 3221 τι
305 3160 513 3240 δράσῃς
579 3162 613 3237 ἢ
678 3162 742 3226 τί
805 3160 1087 3240 ’‘seboim-5
1147 3160 1372 3238 πλέους
1443 3158 1567 3225 Cui
1619 3163 1815 3231 Aiax,
1863 3160 2003 3237 πρὶν
2051 3160 2127 3225 ἂν
2175 3157 2418 3244 δεθείς,
2467 3163 2562 3225 in-

203 3266 358 3345 quit,
403 3269 542 3346 τρὸς
593 3270 739 3333 κίον’
789 3266 1009 3346 ἑρκείου
1058 3265 1286 3350 ςέγης,
1335 3267 1561 3331 deinde
1609 3265 1904 3331 Minerva
1950 3266 2344 3351 interpellat:

667 3375 733 3439 τί
779 3377 936 3445 δῆτα,
984 3373 1086 3437 τὸν
1136 3372 1381 3446 δύςηνον
1434 3372 1779 3450 ἐργάσει
1831 3374 2038 3438 κακόν.

205 3471 311 3538 Hic
373 3499 584 3543 verum
660 3500 793 3545 esse
861 3479 1224 3564 suspicabar
1292 3478 1625 3557 ἐργάσῃ,
1704 3486 1779 3542 ut
1841 3500 1877 3542 a
1937 3481 2073 3556 πρὶν
2130 3479 2205 3543 ἂν
2263 3479 2562 3565 penderet

206 3587 552 3650 constructio
599 3586 788 3669 idque
838 3586 1121 3650 nondum
1171 3586 1576 3651 observatum
1629 3605 1760 3649 esse
1809 3585 2295 3670 existimabam,
2357 3608 2557 3670 quum

210 3682 536 3756 Dindorfius
581 3699 645 3757 et
692 3692 1025 3757 Nauckius
1071 3692 1148 3756 de
1196 3713 1267 3756 ea
1313 3693 1668 3775 suspicione
1717 3697 2025 3766 tacerent,
2078 3692 2185 3756 sed
2232 3692 2561 3757 nihilomi-

207 3811 305 3856 nus
359 3817 488 3863 sero
532 3801 718 3881 veni,
768 3818 915 3862 nam
967 3803 1112 3862 ante
1160 3818 1353 3862 annos
1402 3796 1702 3861 XXXIV
1752 3816 1891 3860 eam
1942 3800 2365 3862 mutationem
2415 3798 2560 3862 Lin-

206 3902 449 3968 woodius
500 3909 636 3989 J'am
699 3911 1000 3969 suaserat.
1098 3902 1396 3968 Ceterum
1462 3902 1793 3966 Nauckius
1856 3904 2174 3967 interdum
2230 3925 2558 3989 perperam

208 4004 267 4067 ad
320 4013 743 4095 conjunctivos
792 4011 1014 4075 modos
1063 4009 1415 4085 delabitur;
1466 4030 1590 4073 non
1642 4029 1836 4094 urgeo
1887 4029 2036 4073 eum
2086 4010 2355 4075 scribere
2403 4009 2560 4076 Oed.

208 4104 339 4198 Reg.
382 4115 540 4181 198:
584 4118 640 4179 εἴ
677 4142 734 4181 τι
783 4117 890 4193 νὺξ
929 4119 1139 4198 ἀφῇ,
1185 4116 1338 4180 Oed.
1376 4114 1734 4201 Reg.874:
1779 4116 1839 4178 εἴ
1874 4137 1933 4177 τι
1980 4117 2558 4198 ὑπερπλησὸῇ,

211 4210 329 4281 Oed.
379 4219 509 4287 Col.
564 4221 774 4286 1443:
825 4221 881 4285 εἴ
925 4246 1031 4286 σου
1080 4218 1388 4301 ςερηὸῶ
1439 4227 1503 4285 et
1551 4220 1862 4306 Antigon.
1916 4218 2081 4284 71οε
2144 4222 2200 4284 εἴ
2244 4245 2333 4292 τις
2387 4219 2420 4300 ᾖ
2465 4248 2563 4288 σο·-

212 4322 338 4400 Φός,
382 4348 525 4392 nam
576 4328 839 4393 fortasse
886 4328 1056 4393 haud
1103 4329 1257 4393 satis
1306 4334 1586 4407 constat,
1638 4326 1787 4411 quid
1841 4326 1916 4390 de
1963 4326 2063 4391 his
2117 4326 2274 4392 locis
2315 4350 2566 4395 censen-

215 4424 343 4494 dum
386 4436 498 4512 sit;
548 4434 658 4500 sed
705 4438 900 4501 etiam
949 4433 1102 4500 Oed.
1152 4433 1299 4520 Tyr.
1358 4431 1486 4497 317
1536 4430 1870 4497 Nauckius
1915 4432 2151 4497 edidit:
2201 4441 2438 4515 φρονεῖν
2485 4439 2561 4510 ὠς
