3192 5017
1476 221 1736 271 sennes.
2666 198 2799 265 245

419 388 844 477 fragandum?
910 389 1183 459 Senecae
1242 411 1471 459 manus
1529 393 1686 459 haec
1731 394 1927 460 fuisse
1971 394 2258 460 videtur:
2310 394 2430 457 Sua
2474 398 2668 458 catius
2713 398 2802 456 est

420 496 581 559 mala
645 518 817 581 quam
885 499 1088 563 aliena
1151 505 1445 583 tractare,
1510 522 1574 564 ee
1635 508 1903 566 excutere
1967 508 2023 565 et
2085 517 2263 576 Qum(
2323 516 2579 566 VIDERIS
2626 520 2799 584 quam

418 602 740 666 multarum
801 625 998 669 rerum
1060 604 1422 670 candidatus
1483 622 1580 672 ΒΙΒ
1645 624 1777 671 'mm
1822 628 1942 671 non
1985 607 2317 694 suffr-affari
2332 634 2352 671 .·
2397 609 2442 671 i.
2492 627 2547 671 e.
2597 624 2797 690 quum

420 710 812 793 perspexeris
870 731 1177 798 magnam
1243 711 1671 796 cupiditatum
1735 719 1998 779 tuarum
2046 715 2294 799 copiam
2314 761 2332 790 ,
2382 712 2612 778 harum
2658 709 2802 776 nul-

368 818 380 837 ¹
421 811 553 878 lam
616 815 859 893 fovere,
910 815 1077 881 nulli
1122 816 1457 905 indulgere
1476 865 1491 895 ,
1537 817 1676 896 sed,
1734 818 1800 883 id
1848 818 2016 904 quod
2063 819 2307 885 faciunt
2353 817 2588 903 Stoici,
2638 814 2804 881 nihil

425 939 653 1004 cupere
676 969 690 995 ,
756 943 835 986 ne
895 921 1247 1008 quidquam
1308 929 1577 989 metuas.
1674 923 1817 990 Hoc
1889 934 1987 990 est
2060 925 2229 1010 quod
2305 923 2541 992 Seneca
2609 921 2802 1009 paulo

426 1025 690 1092 inferius
737 1027 1050 1113 appellat:
1102 1034 1280 1106 „tota
1324 1028 1615 1097 fortunae
1659 1033 1920 1097 comitia
1965 1031 2291 1099 transire.”

515 1237 637 1324 Ep.
705 1238 858 1306 121.
920 1240 960 1326 g
1010 1238 1074 1306 7.
1145 1240 1328 1321 Quod
1391 1261 1491 1308 ars
1552 1246 1620 1307 et
1677 1242 2045 1309 exercitatio
2109 1242 2312 1308 mimo
2371 1248 2684 1330 praestat,
2732 1247 2806 1306 ut

426 1363 648 1410 omnes
713 1367 814 1412 res
870 1352 935 1412 et
997 1346 1282 1413 adfectus
1336 1366 1534 1412 manu
1596 1352 1912 1435 gestuque
1959 1351 2276 1434 exprimat
2295 1399 2311 1424 ,
2358 1349 2529 1416 idem
2579 1356 2808 1416 natura

423 1453 777 1519 infantibus
837 1453 1118 1539 praebet.
1217 1451 1463 1532 „Nemo
1519 1473 1708 1541 aegre
1768 1453 2039 1520 molitur
2084 1460 2259 1521 artus
2304 1477 2488 1541 suos,
2535 1478 2699 1529 nemo
2741 1455 2807 1518 in

431 1583 584 1638 „mu
629 1564 728 1624 sui
769 1559 1003 1626 haesit:
1049 1560 1135 1624 ad
1173 1560 1282 1625 hoc
1325 1559 1490 1625 edita
1528 1558 1808 1642 protinus
1842 1561 2099 1646 faciunt
2113 1587 2143 1647 ,·
2190 1581 2337 1627 cum
2385 1563 2505 1628 hac
2544 1563 2810 1628 scientia

431 1666 811 1752 „prodeunt,
858 1665 1157 1731 instituta
1202 1663 1607 1730 nascuntur.''
1697 1663 2208 1733 Admirationem
2253 1670 2421 1753 parit
2457 1670 2807 1755 perfectum

425 1774 648 1850 haesit,
716 1772 885 1837 inter
929 1774 1316 1856 praesentia:
1358 1772 1603 1836 molitur
1650 1808 1734 1820 —
1774 1771 2026 1858 faciunt
2073 1810 2156 1823 -
2192 1777 2494 1857 prodeunt
2542 1814 2624 1826 —
2674 1799 2811 1842 nas-

429 1885 670 1944 cuntur.
765 1877 1103 1944 Praeterea
1166 1896 1370 1961 neque
1432 1877 1743 1960 infantes,
1789 1898 1993 1962 neque
2039 1879 2344 1946 animalia
2388 1881 2468 1947 ad
2513 1882 2634 1947 hoc
2676 1891 2812 1949 tan·

430 1992 574 2051 tum
617 1991 997 2062 nascuntur,
1039 1990 1113 2049 ut
1150 1983 1439 2050 membra
1476 1989 1539 2049 et
1577 1990 1754 2049 artus
1786 1983 2083 2050 velociter
2107 1994 2427 2053 moveant.
2481 1987 2812 2055 Postremo

426 2094 499 2157 in
547 2094 892 2157 sententia:
941 2092 1026 2154 ad
1065 2091 1172 2155 hoo
1209 2090 1372 2154 edita
1397 2090 1684 2174 protinus
1710 2090 1997 2176 faciunt,
2036 2090 2431 2158 desideratur
2464 2095 2810 2160 obiectum.

425 2197 602 2274 Quid
666 2196 916 2263 multa?
975 2196 1221 2262 Rursus
1279 2196 1602 2283 iungenda
1648 2216 1809 2281 quae
1854 2217 2049 2282 prave
2094 2211 2245 2262 sunt
2291 2198 2624 2279 distracta,
2673 2220 2813 2286 pro·

424 2324 662 2370 nomen
707 2303 875 2371 male
923 2305 1230 2369 omissum
1278 2301 1708 2368 reducendum
1756 2308 1822 2368 et
1868 2303 2307 2372 scribendum:
2356 2306 2542 2371 Nemo
2585 2308 2653 2372 in
2699 2330 2812 2371 usu

426 2412 530 2477 sui
588 2426 943 2488 merum
992 2411 1100 2474 hoc
1145 2407 1310 2474 edita
1342 2408 1631 2492 protinus
1667 2409 1919 2494 faciunt
1932 2436 1958 2486 ,·
2007 2431 2135 2474 cum
2180 2411 2293 2477 hac
2337 2412 2591 2478 sciencia
2634 2413 2812 2497 prod-

425 2526 571 2584 eunt
589 2565 607 2597 ,
653 2534 783 2584 mo
825 2521 1107 2581 instituta
1152 2519 1499 2579 nascuntur.

518 2727 637 2814 Ep.
705 2725 857 2793 121.
918 2728 956 2813 ξ
1002 2727 1114 2793 21.
1189 2723 1415 2790 Omnis
1473 2744 1693 2790 sensus
1757 2727 1999 2792 mirum
2060 2729 2128 2793 in
2180 2728 2442 2795 modum
2487 2730 2803 2797 turbatus.

426 2833 664 2902 Editur
727 2834 931 2900 enim:
1004 2830 1115 2911 „Si
1164 2837 1379 2897 tamen
1425 2832 1674 2917 exigis,
1722 2830 1930 2897 dicam
1979 2834 2294 2918 quomodo
2341 2855 2527 2901 omne
2576 2836 2814 2903 animal

432 2941 827 3025 „perniciosa
872 2938 1244 3025 intellegere
1290 2946 1574 3002 conatur.
1649 2934 1859 3002 Sentit
1907 2959 1974 3004 se
2014 2959 2199 3006 carne
2237 2947 2558 3020 constat-(³3
2600 2946 2816 3029 itaque

434 3067 628 3126 „cum
713 3048 910 3112 sentit
970 3044 1124 3129 quid
1189 3045 1278 3109 sit
1336 3062 1462 3127 quo
1517 3047 1716 3108 secari
1771 3063 1954 3127 care,
2019 3064 2144 3130 quo
2207 3048 2307 3111 uri
2337 3095 2352 3123 ‚
2419 3067 2544 3133 quo
2612 3049 2816 3115 obteri

434 3155 700 3238 „possit,
743 3171 905 3237 quae
946 3152 1076 3215 sint
1114 3148 1418 3215 animalia
1454 3156 1702 3214 armata
1739 3148 1820 3215 ad
1853 3151 2246 3236 nocendum,
2285 3152 2515 3218 horum
2540 3158 2813 3241 speciem

436 3258 679 3338 „trahit
724 3258 1055 3323 inimicam
1098 3260 1165 3322 et
1199 3254 1520 3321 hostilem.
1570 3251 1743 3320 Inter
1780 3276 1847 3322 se
1886 3258 2011 3323 ista
2049 3258 2385 3324 coniuncta
2409 3272 2595 3338 sunt,
2620 3260 2817 3326 simul

437 3368 652 3444 „enim
702 3363 1078 3431 conciliatur
1123 3360 1318 3428 saluti
1365 3381 1516 3427 suae
1562 3361 1840 3447 quidque
1889 3369 1952 3429 et
1997 3384 2158 3448 quae
2205 3367 2429 3433 iuvant
2473 3367 2589 3434 illa
2627 3371 2813 3454 petit,

439 3471 730 3551 „laesura
775 3468 1135 3536 formidat.”
1227 3465 1600 3552 compluria
1646 3473 1795 3534 sunt
1840 3470 2214 3557 corrigenda
2258 3471 2365 3537 sed
2413 3471 2585 3540 lenia
2622 3495 2820 3541 reme-

432 3577 540 3643 dia
609 3576 1071 3643 adhibebimus.
1165 3573 1460 3640 Primum
1544 3572 1931 3661 legendum:
2016 3576 2210 3641 dicam
2294 3582 2573 3664 quomodo
2656 3603 2821 3646 omne

432 3682 669 3748 animal
698 3682 1045 3766 perniciosa
1091 3681 1436 3762 intelleqere
1485 3696 1796 3747 commun.
1890 3680 2262 3767 Requiritur
2308 3688 2475 3751 enim
2526 3689 2819 3773 conjunc-

434 3792 609 3856 tivus
655 3795 909 3874 propter
955 3790 1305 3854 orationem
1352 3784 1730 3852 indirectam
1756 3836 1773 3871 ,
1822 3787 2048 3854 deinde
2093 3809 2219 3855 non
2268 3796 2522 3856 tantum
2568 3804 2820 3858 conatur

437 3895 679 3961 animal
724 3893 1129 3961 formidolosa
1178 3894 1597 3958 internoscere
1615 3941 1634 3978 ‚
1688 3893 1799 3959 sed
1846 3898 2076 3958 natura
2123 3893 2282 3961 duce
2329 3916 2397 3960 re
2444 3918 2594 3963 vera
2636 3903 2822 3964 iomer-

435 4000 647 4066 uoscit.
743 3999 918 4082 Quae
963 4001 1251 4084 proxime
1296 3999 1626 4083 excipiunt
1672 4001 1763 4063 ita
1813 4000 2147 4064 constituo.
2243 4000 2485 4080 Sentit,
2529 4023 2595 4070 se
2638 4025 2822 4071 carne

439 4112 721 4172 constare
745 4155 759 4181 ,
827 4123 1022 4182 mmm
1082 4127 1211 4168 cum
1271 4105 1453 4168 sentit
1476 4154 1492 4180 ‚
1560 4120 1788 4169 ΒΒΝΤῙΤ
1854 4104 2001 4189 quid
2057 4110 2168 4181 sit,
2239 4128 2351 4192 quo
2410 4110 2601 4174 secari
2646 4134 2817 4189 carc,

440 4234 553 4296 quo
617 4217 804 4277 obteri
852 4216 1045 4294 possit
1057 4238 1085 4287 ;
1149 4226 1443 4286 QUABQUR
1502 4226 1668 4276 Sum·
1727 4214 2017 4274 animalia
2062 4219 2294 4275 armata
2342 4216 2425 4277 ad
2467 4218 2786 4282 nocendum
2804 4267 2820 4296 ,

438 4318 649 4382 horum
695 4320 942 4405 speciem
986 4319 1174 4381 trabit
1220 4316 1522 4380 inimicam
1570 4323 1626 4379 et
1665 4317 1952 4380 hostilem.
2050 4318 2220 4382 luber
2261 4343 2323 4384 se
2361 4322 2477 4384 ieta
2516 4324 2827 4389 coniuncta
