3192 5017
1281 301 1643 351 numrmna.
2533 279 2662 347 153

636 477 837 542 καίτοι
886 474 1043 539 δυοῖν
1091 498 1170 553 γε
1219 471 1451 545 πάντες
1501 471 1808 554 ἄνθρωποι
1859 471 2070 551 λόγοιν

637 581 740 646 τὸν
788 578 1080 660 κρείσσον’
1127 577 1308 656 ἴσμεν
1355 582 1459 643 καὶ
1506 580 1591 645 τὰ
1639 580 1848 659 xpus&
1898 578 2003 644 καὶ
2050 580 2293 645 κακοὶ.

272 687 511 754 Scribit
577 687 902 753 Reiskius:
979 686 1062 750 τοὶ
1134 686 1347 766 κρῆς-οὶ
1421 686 1523 750 καὶ
1596 685 1795 752 καλοὶ.
1868 685 2182 771 Equidem
2244 684 2506 749 malim:
2577 686 2663 749 τὰ

274 795 486 875 xpus&
537 794 640 859 καὶ
691 795 794 864 τὰ
842 793 968 868 μή.

370 1007 549 1089 Quod
612 1008 895 1073 vidimus
953 1028 1144 1093 supra
1167 1055 1181 1082 ,
1249 1006 1621 1092 Euripidem
1685 1007 1906 1072 fecisse
1951 1009 2019 1072 in
2067 1007 2461 1090 Phoenissis,
2511 1007 2664 1072 fecit

278 1117 476 1180 etiam
523 1116 589 1179 in
639 1112 1087 1200 Supplicibus,
1134 1115 1203 1179 in
1251 1134 1373 1197 qua
1420 1113 1638 1179 fabula
1684 1135 1781 1180 vs.
1831 1112 1964 1178 852
2013 1116 2105 1178 ita
2150 1114 2316 1179 ridet
2355 1112 2662 1200 Aeschyli

280 1219 575 1305 Septem:

732 1326 882 1392 κενοὶ
935 1328 1061 1408 γὰρ
1112 1322 1270 1390 οὗτοι
1318 1331 1435 1390 τῶν
1483 1328 1542 1390 τ’
1597 1327 1937 1393 ἀκουόντων
1981 1328 2154 1406 λόγοι

737 1432 840 1498 καὶ
888 1437 995 1497 τοῦ
1043 1431 1367 1510 λέγοντος,
1419 1426 1546 1504 ὄςις
1597 1433 1659 1496 ἐν
1705 1432 1896 1515 μάχῃ
1941 1433 2150 1512 βεβὼς

734 1539 980 1621 λόγχης
1030 1540 1230 1614 ἰούσης
1283 1535 1551 1617 πρόσθεν
1599 1540 1903 1617 ὀμμάτων
1950 1547 2177 1614 πυκνῆς

735 1653 954 1727 σαφῶς
1003 1647 1354 1724 ἀπήγγειλ’
1405 1644 1527 1718 ’ὅς-ις
1579 1646 1701 1713 &civ
1753 1643 2034 1724 ὦγαθό
2051 1672 2100 1719 ς.

282 1752 616 1820 Articulus
673 1754 739 1816 in
805 1749 1058 1831 ἁγαθός
1123 1755 1337 1836 inepte
1396 1751 1679 1818 abundat
1740 1757 1804 1817 et
1869 1753 2176 1817 absonum
2236 1758 2331 1818 est
2379 1773 2669 1838 praesens

284 1865 561 1945 tempus.
653 1857 969 1942 Equidem
1019 1859 1288 1923 scribere
1337 1857 1542 1922 malo:

694 1971 915 2043 σαφῶς
966 1962 1322 2041 ἀπήγγειλ’
1370 1960 1497 2034 ὅτις
1546 1962 1874 2041 ἀγαθὸς
1919 1965 2294 2041 ἐγένετο,

287 2073 396 2156 qui
438 2070 794 2135 versiculus
834 2078 1001 2135 certe
1039 2090 1164 2135 non
1206 2071 1417 2133 minus
1439 2090 1816 2134 numerosus
1840 2073 1962 2134 erit
1985 2090 2176 2154 quam
2205 2070 2432 2136 Bacch.
2468 2069 2666 2135 1067:

738 2174 920 2257 τόρνῳ
966 2176 1361 2255 γραφόμενος
1411 2170 1748 2257 περιφορὰν
1795 2176 2195 2256 ἐλικοδρόμον.

287 2283 432 2350 Scio
479 2284 740 2369 quidem
788 2285 854 2347 in
904 2284 1157 2349 Electra
1202 2281 1369 2349 378:

1223 2391 1315 2463 τίς
1366 2391 1429 2454 δὲ
1476 2391 1619 2469 πρὸς
1670 2389 1918 2480 λόγχην
1965 2392 2221 2468 βλέπων

796 2495 1033 2575 μάρτυς
1084 2497 1310 2575 γένοιτ’
1359 2494 1434 2561 ἂν
1483 2492 1611 2567 ὅτις
1660 2496 1785 2565 έςὶν
1833 2494 2199 2583 ἁγαθόςς

284 2604 509 2669 itidem
575 2600 919 2667 articulum
989 2603 1208 2668 eodem
1272 2602 1461 2666 modo
1528 2602 1914 2680 abundare,c
1952 2603 2060 2668 sed
2123 2605 2215 2668 ibi
2274 2623 2521 2689 quoque
2569 2624 2677 2669 me

276 2710 496 2797 judice
542 2709 1184 2792 circumspiciendum
1234 2714 1364 2786 est,
1412 2728 1571 2771 num
1621 2706 1751 2772 leni
1798 2709 2078 2773 remedio
2125 2709 2537 2775 offensionem
2585 2712 2674 2775 ef·

286 2816 510 2904 fugere
574 2815 916 2900 possimus.
1010 2814 1173 2878 Mihi
1236 2813 1495 2898 quidem
1542 2834 1677 2879 sese
1724 2812 1996 2879 obtulit:
2036 2809 2162 2885 ὅτις
2211 2812 2495 2893 ἀγαθά
2509 2840 2539 2887 ς
2587 2816 2678 2885 ἐςι

286 2922 407 3001 δή,
462 2919 776 3007 quomodo
824 2919 895 2994 δή
943 2940 1129 3005 saepe
1178 2922 1243 2984 in
1292 2921 1600 2985 extremis
1646 2922 1910 2985 senariis
1959 2923 2240 3004 positum
2290 2926 2418 2997 est,
2469 2920 2676 2986 veluti

289 3027 506 3115 Suppl.
562 3024 720 3093 521.

380 3234 708 3302 Laudatur
751 3235 1198 3321 Hippomedon
1247 3256 1346 3303 vs.
1394 3234 1567 3301 8832

658 3350 811 3415 παῖς
860 3341 936 3407 ὢν
985 3340 1284 3418 ἑτόλμησ’
1335 3338 1519 3414 εὐθὺς
1569 3342 1636 3408 οὐ
1687 3342 1831 3423 πρὸς
1882 3342 2095 3418 ἡδονὰς

650 3454 980 3514 Μουσῶν
1028 3446 1384 3529 τραπέσθαι
1434 3449 1578 3528 πρὸς
1630 3450 1701 3514 τὸ
1748 3448 2088 3527 μαλθακὸν
2135 3449 2297 3529 βίου.

288 3552 514 3620 Verbis
581 3555 1017 3621 laborantibus
1087 3554 1331 3620 Fixius·
1382 3556 1721 3621 subvenire
1792 3563 2052 3622 conatus
2115 3562 2210 3623 cst
2270 3559 2680 3646 corrigendo:

287 3660 393 3726 καὶ
442 3663 512 3725 τὸ
559 3659 900 3740 μαλθακὸν
943 3661 1087 3739 βίου
1135 3682 1403 3746 eamque
1451 3665 1904 3729 correctionem
1953 3662 2317 3730 Dindorfius
2363 3667 2679 3751 probavit.

287 3767 602 3852 Equidem
652 3771 851 3834 miror
892 3768 1477 3854 Hippomedontem
1524 3768 1629 3833 hic
1667 3768 1953 3854 laudari,
1994 3772 2105 3855 qui
2142 3771 2291 3836 inde
2329 3792 2366 3836 a
2410 3774 2685 3857 pueritia

288 3874 507 3940 Musas
567 3875 808 3959 oderit,
872 3895 1022 3939 nam
1087 3870 1212 3945 ὅςις
1281 3875 1404 3946 νέος
1466 3874 1541 3939 ὢν
1589 3882 1850 3940 Μουσῶν
1898 3876 2133 3951 ἀμελεῖ
2176 3876 2281 3942 τόν
2327 3902 2397 3942 τε
2449 3892 2683 3954 παρελ-

289 3978 461 4045 &dv-1³
524 3979 816 4046 ἀπόλωλε
880 3980 1091 4059 χρόνον
1152 3981 1257 4045 καὶ
1321 3979 1424 4044 τὸν
1488 3980 1805 4059 μέλλοντα
1869 3978 2179 4053 τέθνηκεν.
2278 3981 2419 4067 Ipse
2482 3985 2679 4047 etiam

288 4086 627 4163 Adrastus;
705 4089 817 4172 qui
888 4086 992 4151 hic
1062 4084 1367 4171 loquitur,
1430 4109 1523 4153 vs.
1590 4086 1745 4165 906,
1809 4087 2103 4175 Tydeum
2169 4087 2393 4153 laudat
2454 4087 2678 4168 εὑρόντ’

291 4193 602 4272 ἀκριβῆ
667 4193 1074 4269 μουσικὴν
1138 4192 1197 4254 ἐν
1259 4192 1475 4257 ἀσπίδι
1541 4199 1604 4257 et
1649 4192 1904 4280 legatus
1954 4192 2433 4272 Thebanorum,
2483 4213 2682 4279 quan-

290 4302 537 4367 tumvis
580 4299 791 4383 ferox,
834 4302 1048 4362 tamen
1091 4317 1182 4361 vs.
1227 4296 1357 4362 489
1395 4319 1618 4384 pacem
1657 4297 1907 4377 laudat,
1950 4319 2110 4383 quae
2148 4296 2460 4364 Μούσαισι
2502 4324 2686 4379 προσ-

294 4405 611 4491 φιλεςοὶτη
675 4412 792 4470 est.
888 4402 1112 4488 Itaque
1159 4424 1457 4488 quaerere
1504 4407 1682 4490 coepi
1728 4426 1886 4470 num
1934 4405 2095 4471 forte
2142 4426 2387 4491 possem
2432 4405 2678 4493 Hippo·¹
