3192 5017
601 307 731 372 388
1552 325 2034 373 mmmmm.

593 496 664 562 Si
727 517 878 563 vera
938 502 1089 562 sunt
1150 495 1397 581 reliqua
1441 496 1921 581 supplementa,
1971 495 2208 563 falsum
2259 498 2346 561 sit
2395 516 2646 562 necesse
2691 504 2782 562 est
2826 519 2950 583 sup·

593 604 987 689 plementum
1060 623 1151 668 vs.
1217 601 1336 668 5ti.
1436 602 1607 667 Nam
1670 604 1725 668 si
1784 604 1994 668 πολλα
2054 600 2291 679 δάκρυα
2361 623 2398 667 a
2444 607 2628 687 poeta
2676 610 2955 669 vocantur

593 709 795 773 κενεαὶ
832 707 1125 789 χάριτες,
1168 731 1314 793 quas
1353 710 1638 794 defuncto
1679 709 1939 773 tribuere
1977 708 2158 794 nefas
2193 709 2308 785 sit,
2336 708 2707 793 praecedere
2729 709 2956 774 debuit:

1146 816 1359 882 πολλοὶ
1407 815 1482 880 σὺ
1530 818 1635 892 μὴ
1683 816 1985 895 λείβων
2031 815 2276 896 πάριθι,
2327 816 2455 880 κτέ.

593 928 638 989 i.
690 945 744 990 e.
794 925 921 988 noli
966 924 1186 987 multas
1228 923 1608 1008 profundens
1659 922 1940 986 lacrimas
1969 928 2349 1005 praeterire,
2398 926 2502 985 sed
2531 927 2712 1005 prinu
2757 923 2962 987 nomine

595 1032 1000 1113 compellatum
1068 1030 1268 1092 valore
1334 1030 1683 1115 defunctum
1751 1034 1957 1092 iubeas
2020 1035 2076 1093 et
2134 1029 2325 1093 saluti
2389 1035 2582 1092 votum
2630 1030 2819 1093 addas
2864 1034 2963 1105 „nit

595 1144 761 1201 terra
824 1136 939 1201 tibi
997 1134 1202 1200 levis.’'
1294 1133 1407 1199 Sin
1471 1155 1620 1201 vero
1678 1141 1846 1200 recte
1911 1133 2243 1220 suppletus
2293 1141 2388 1200 est
2434 1156 2531 1199 vs.
2581 1138 2869 1219 quintus,
2912 1140 2964 1200 et

598 1243 823 1309 lacuna
883 1248 979 1308 est
1041 1263 1150 1307 sex
1171 1289 1187 1317 ,
1236 1261 1361 1306 non
1410 1242 1727 1327 quinque,
1775 1239 2176 1319 litterarum,
2224 1246 2443 1306 auctor
2494 1261 2640 1305 sum
2665 1290 2680 1315 ‚
2726 1247 2800 1306 ut
2835 1242 2962 1306 scri·

604 1349 792 1415 batur
838 1350 962 1414 sic:

870 1456 1083 1520 πολλὰ
1131 1454 1207 1519 σὺ
1254 1454 1367 1529 μὲν
1416 1454 1642 1531 λείβων
1691 1452 1931 1533 πάριθι,
1980 1451 2150 1529 ξένε,
2200 1451 2438 1533 δάκρυα
2486 1454 2764 1527 κανθοῒς·

876 1563 996 1640 οὐχ
1045 1560 1176 1636 ὁσίη
1224 1560 1516 1632 κενεὰς
1565 1559 1622 1624 δ’
1672 1557 1851 1624 &ess
1896 1559 2099 1637 νέμειν
2142 1558 2454 1640 χάριτας,
2500 1561 2628 1625 κτὲ.

598 1673 646 1736 i.
675 1690 728 1733 e.
778 1672 1000 1732 multas
1044 1668 1275 1753 quidem
1321 1666 1602 1731 lacrimas
1639 1667 2025 1754 profundens
2058 1673 2407 1749 praetereas
2422 1716 2440 1750 ,
2491 1689 2597 1731 nce
2637 1666 2825 1730 tam‘en
2861 1677 2958 1728 m

601 1778 812 1840 inanes
865 1775 1126 1838 tribuere
1179 1774 1419 1854 gracias
1463 1774 1591 1857 sas
1652 1784 1774 1858 est,
1824 1774 1932 1837 sed
1958 1778 2138 1856 prius
2183 1776 2334 1838 cett.
2427 1772 2838 1860 Epigramma
2878 1776 2956 1836 est

604 1883 831 1947 aetatis
879 1878 1222 1945 Romanae.

789 2201 868 2267 Δί
913 2199 1193 2281 Νύμφαι
1244 2198 1489 2273 δηλοῦσι
1540 2202 1569 2287 [
1573 2248 1769 2267 .....
1797 2202 1874 2288 δ’]
1926 2202 2156 2276 ἓςησαν
2204 2201 2469 2277 ὄπισθεν,

787 2306 857 2381 δὴ
907 2307 1116 2392 σΦί]ο·ι
1164 2310 1293 2372 πᾶν
1339 2309 1577 2385 ἀγαθὸν
1625 2312 1803 2373 τοῦτο
1852 2310 2020 2394 [πρὶν
2067 2307 2208 2395 μὲν]
2265 2306 2677 2392 κεχαρίσθαι,

784 2416 912 2478 πᾶν
958 2413 1010 2476 δ’
1058 2409 1194 2498 δ’τ[ε
1243 2413 1527 2499 τηλό]θεν
1575 2410 1680 2488 ἧκε
1729 2422 1907 2487 κενῶς
1958 2416 2136 2500 αλὸ[ς
2185 2411 2377 2491 οἶδμα
2427 2416 2762 2501 πο]ρευθει’ς

783 2518 953 2599 oft-pe
1000 2519 1524 2605 δαι[μονίῳ],
1574 2519 1765 2602 μέχρι
1815 2521 2021 2586 παῖδα
2069 2523 2274 2599 πατὴρ
2325 2522 2612 2605 [ἐλεεινὸς

787 2626 1037 2707 θοὶψψ,
1088 2626 1197 2703 ὑφ’
1242 2622 1311 2689 οὗ
1357 2626 1653 2706 πρέπον
1711 2623 1806 2714 [ἦν
1853 2630 1955 2691 τὸν
2002 2627 2410 2712 γη]ροὶο·αντα
2458 2631 2791 2715 ταφῆν[αι.

604 2734 682 2798 In
719 2731 955 2797 ultimo
995 2752 1183 2796 versu
1224 2733 1570 2815 requiritur
1614 2731 1809 2810 θάψεν
1835 2733 2028 2820 idque
2054 2753 2176 2799 non
2202 2733 2396 2799 latuit
2421 2735 2751 2801 editorem.
2801 2733 2959 2801 Cete-

604 2860 749 2904 rum
796 2858 920 2903 non
968 2839 1124 2903 satis
1168 2845 1337 2903 recte
1384 2841 1600 2904 omnia
1648 2839 1942 2925 suppleta
1984 2861 2117 2905 esse
2162 2840 2309 2905 inde
2346 2839 2577 2926 liquet,
2623 2843 2788 2927 quod
2811 2841 2960 2906 nulla

601 2944 934 3011 intercedit
996 2945 1390 3010 necessitudo
1438 2945 1607 3010 inter
1655 2946 2104 3032 Nympharum
2155 2951 2547 3013 mentionem
2604 2955 2670 3014 et
2711 2948 2960 3015 defuncti

602 3059 895 3118 mortem.
993 3054 1269 3116 Auctore
1350 3055 1568 3116 autem
1657 3050 2011 3118 Cumanide
2089 3055 2154 3117 in
2221 3074 2439 3119 aversa
2499 3064 2679 3140 parte
2745 3063 2964 3121 statuae

604 3159 848 3235 virilis,
914 3179 1105 3244 supra
1166 3157 1432 3222 titulum
1505 3160 1891 3244 conspicitur
1959 3159 2397 3247 fragmentum
2461 3162 2753 3228 mulieris
2797 3162 2966 3248 longa

604 3270 782 3331 veste
828 3264 1092 3329 indutae
1136 3269 1201 3328 et
1248 3264 1378 3328 vivo
1417 3288 1624 3345 ιονοεειι
1660 3267 2035 3349 procedentis
2073 3268 2158 3329 ad
2192 3267 2522 3334 sinistram.
2572 3267 2746 3334 Olim
2788 3270 2968 3357 igitur

603 3375 670 3437 in
734 3376 982 3436 statuae
1042 3375 1224 3457 tergo
1288 3369 1530 3436 effictae
1575 3371 1772 3437 fuisse
1818 3373 2119 3438 videntur
2161 3373 2223 3438 N
2224 3374 2507 3459 ymphae
2533 3423 2549 3452 ,
2603 3396 2760 3461 quas
2805 3380 2964 3441 inva-

604 3476 821 3542 dentes
883 3475 1256 3542 defunctum
1322 3476 1400 3541 ab
1463 3475 1700 3543 artifice
1763 3486 2259 3563 repraesentatas
2323 3502 2457 3545 esse
2522 3503 2600 3546 ex
2662 3485 2812 3549 vivo
2870 3481 2967 3548 illo

602 3604 824 3672 gressu
870 3582 1042 3647 haud
1088 3583 1593 3667 improbabiliter
1642 3584 1996 3669 suspiceris.
2094 3582 2223 3651 Cur
2270 3589 2482 3671 potius
2531 3587 2610 3653 ad
2664 3591 2968 3654 sinistram

606 3711 798 3776 quam
862 3689 941 3754 ad
998 3687 1285 3753 dextram
1345 3689 1683 3774 procedant
1747 3690 1855 3756 alii
1921 3692 2183 3756 fortasse
2253 3693 2630 3778 expedient,
2694 3680 2968 3780 equidem

602 3799 864 3863 interim
910 3795 1029 3860 hoc
1077 3800 1407 3887 rogantem
1455 3795 1671 3882 relego
1718 3795 1797 3862 ad
1842 3795 2112 3862 Homeri
2158 3799 2224 3861 in
2272 3797 2474 3863 simili
2515 3821 2579 3865 re
2617 3819 2967 3887 responsum

605 3902 775 3990 apud
823 3901 1181 3967 Luciannm
1230 3903 1296 3965 in
1346 3899 1524 3966 Veris
1570 3902 1879 3967 Historiis
1927 3901 2009 3978 11,
2060 3902 2167 3967 20.
2217 3902 2365 3969 Nisi
2411 3906 2617 3992 igitur
2665 3928 2771 3973 me
2817 3906 2966 3973 fallit

605 4013 997 4086 coniectura,
1069 4009 1319 4073 iuvenis
1380 4028 1417 4071 a
1478 4009 1783 4094 nymphis
1831 4014 2010 4074 actus
2057 4011 2121 4073 in
2165 4010 2442 4076 furorem
2495 4019 2558 4076 et
2606 4019 2720 4078 aut
2766 4014 2962 4079 morbo

596 4116 955 4202 implicitus
1018 4119 1130 4178 aut
1175 4134 1289 4178 sua
1338 4135 1532 4178 manu
1580 4115 1822 4185 obierat
1871 4115 2353 4193 νυμφόληπτος,
2402 4121 2664 4204 eiusque
2709 4123 2799 4185 rei
2846 4138 2960 4183 me-

597 4224 870 4286 moriam
934 4230 998 4285 et
1058 4222 1404 4285 statuarius
1467 4227 1532 4284 et
1579 4224 1764 4304 poeta
1810 4241 1926 4286 sua
1974 4228 2239 4306 uterque
2287 4230 2421 4289 arte
2470 4228 2736 4309 posteris
2783 4223 2956 4290 tradi-

599 4328 793 4393 derat.
845 4326 1072 4411 Itaque
1119 4328 1392 4391 conieci:

956 4432 1035 4495 A?
1076 4430 1360 4512 ,Νύμφαι
1409 4430 1653 4505 δηλοῦσι
1705 4423 1806 4516 [αἳ
1853 4433 2047 4519 τοῦδ’]
2099 4431 2331 4510 ἕςησαν
2383 4434 2664 4514 ὄπισθεν,
