3192 5017
636 265 772 333 380
1581 285 2085 336 ARISTOPHANRS.

630 457 827 521 nimis
895 457 1099 523 salsus
1168 455 1596 545 intelligitur,
1672 457 1858 523 modo
1921 478 2074 522 usus
2139 456 2333 523 fuerit
2397 454 2770 542 Bdelycleon
2811 455 2971 521 verbo

629 561 981 630 ἀπολλύναι
1032 569 1096 630 et
1141 565 1563 650 reposuerim:

2052 668 2210 744 αὕτη
2261 669 2341 749 γέ
2387 693 2476 737 τοι

1081 778 1243 857 ἐρίων
1292 778 1603 843 τάλαντον
1647 776 1934 861 ῥᾳδίως
1986 778 2547 842 ἀπολώλεκεν.

629 881 845 949 Etiam
910 883 1259 972 Dionysius
1322 891 1631 971 tyrannus
1693 886 1803 958 τὴν
1866 894 2144 967 χλαῖναν
2209 882 2558 969 appellavit
2625 883 2856 964 ἐριώλην
2896 879 2984 947 οἷον

630 986 862 1071 ὄλεθρον
900 985 1086 1056 οὖσαν
1126 997 1242 1056 τῶν
1281 991 1460 1072 ἐρίων.
1514 989 1611 1076 Cf.
1655 990 1995 1057 Helladius
2033 1012 2129 1076 ap.
2178 990 2364 1056 Phot.
2395 992 2460 1054 in
2487 989 2661 1056 Bibl.
2688 988 2838 1056 cod.
2860 988 2984 1056 279.

722 1199 1083 1289 Compellat
1127 1208 1373 1288 patrem
1424 1201 1813 1290 Bdelycleon
1862 1223 1957 1269 vs.
2010 1200 2227 1268 1365:

1083 1305 1127 1373 ὦ
1177 1305 1381 1386 οὗτος,
1432 1304 1642 1386 οὗτος,
1689 1307 2005 1390 τυφεδανὲ
2048 1308 2152 1372 καὶ
2200 1306 2562 1390 χοιρόθλιψ,

1085 1416 1362 1480 ποθεῖν
1411 1415 1551 1496 ἐρᾶν
1596 1413 1659 1478 τ’
1713 1414 1911 1487 ἔοικας
1958 1415 2185 1493 ὡραίοις
2235 1420 2426 1496 σοροῦ.

629 1520 893 1588 Utinam
956 1520 1385 1609 intelligerem
1445 1541 1570 1608 quo
1631 1543 1818 1587 sensu
1879 1523 2105 1603 ὡραίαν
2169 1519 2334 1602 σορόν
2394 1519 2848 1607 appellaverit,
2905 1519 2992 1584 sed

628 1628 749 1694 hoc
814 1633 982 1694 certe
1042 1648 1167 1694 non
1230 1627 1453 1693 dubito
1511 1630 1665 1712 quin
1725 1629 1926 1693 ποθεῖν
1991 1632 2358 1714 corruptum
2424 1630 2543 1706 sit,
2596 1648 2800 1712 quum
2846 1646 2990 1712 prae·

632 1736 852 1801 sertim
926 1732 1214 1800 Venetus
1285 1730 1499 1799 Codex
1560 1740 1626 1799 et
1686 1734 1916 1799 Suidas
1975 1736 2176 1805 ποθεῖς
2243 1734 2550 1818 habeant,
2621 1755 2746 1800 non
2796 1734 2990 1798 ποθεῖν.

629 1838 791 1907 Con.
841 1840 1113 1927 Lysistr.
1161 1837 1291 1903 605
1343 1845 1408 1904 et
1457 1838 1612 1918 728,
1660 1838 1919 1905 Thesm.
1970 1840 2103 1905 224
2151 1845 2215 1906 et
2264 1837 2438 1905 1223
2484 1845 2549 1906 et
2595 1839 2835 1906 Eccles,
2862 1838 2988 1913 702,

629 1947 785 2012 satis
832 1952 974 2012 tuto
1023 1945 1244 2012 licebit
1291 1965 1624 2031 reponere:
2933 1936 2938 1940 ’

1176 2060 1311 2117 ποῖ
1354 2053 1557 2129 θεῖςς
1611 2053 1747 2134 ε’ρὶἱν
1795 2051 1999 2125 ἔοικοις
2045 2054 2272 2134 ὡραίοις
2323 2056 2514 2134 σοροῦ.

1610 2303 2019 2313 -——-.—-———-——

715 2478 789 2543 In
837 2479 993 2544 Pace
1035 2500 1124 2546 vs.
1181 2477 1265 2546 '77
1314 2499 1439 2545 non
1486 2479 1651 2544 mihi
1697 2477 2044 2565 persuadeo
2083 2485 2337 2564 poetam
2377 2480 2654 2546 scribere
2692 2482 2988 2566 potuisse:

1078 2582 1120 2650 ὦ
1164 2585 1556 2664 Πηγάσειον,
1607 2585 1802 2668 φησί,
1852 2592 2130 2664 γενναῖον
2179 2584 2418 2666 πτερόν,

1078 2689 1236 2765 ὅπως
1287 2692 1626 2767 πετήσει
1673 2689 1744 2770 μ’
1791 2691 1930 2757 εὐθὺ
1977 2695 2085 2755 τοῦ
2137 2692 2282 2764 Διὸς
2331 2691 2649 2770 λαβών,

622 2805 757 2866 tam
820 2802 987 2864 enim
1055 2801 1218 2864 mire
1284 2801 1548 2863 traiecta
1610 2798 1804 2864 verba
1851 2803 2037 2875 sunt,
2086 2804 2161 2863 ut
2207 2803 2501 2864 revocent
2550 2797 2715 2862 mihi
2761 2799 2830 2862 in
2884 2816 2991 2861 me-

622 2908 891 2973 moriam
942 2904 1105 2971 illud
1155 2907 1320 2971 circa
1368 2905 1432 2967 la
1478 2905 1631 2969 belle
1672 2910 1983 2990 mat-quise.
2036 2903 2298 2970 Malim:

1168 3005 1326 3083 ὅπως
1376 3010 1525 3087 ἐγὼ
1575 3010 1966 3089 πετήσομ’
2012 3008 2153 3074 εὐθὺ
2201 3014 2307 3074 τοῦ
2362 3009 2525 3081 Διός.

618 3117 842 3183 Prima
886 3137 1151 3203 persona
1196 3120 1363 3182 certe
1411 3114 1576 3179 mihi
1622 3117 1778 3181 satis
1825 3121 1995 3181 certa
2040 3116 2318 3183 videtur.
2369 3112 2670 3182 Ceterum
2720 3137 2798 3182 ne
2865 3116 2985 3201 quis

618 3225 781 3292 forte
849 3225 1169 3304 πτήσομοιι
1202 3224 1553 3308 sequitat,
1623 3228 1718 3287 est
1788 3223 2171 3297 ἀποπετήσει
2241 3224 2308 3287 in
2377 3222 2495 3288 hac
2574 3225 2713 3308 ipsa
2787 3221 2985 3288 fabula

617 3353 715 3401 vs.
772 3329 966 3397 1126.

707 3543 986 3609 Minime
1044 3544 1336 3628 ineptum
1401 3547 1497 3606 est
1558 3541 1726 3627 quod
1774 3539 2181 3606 Hamakerus
2228 3542 2589 3609 observavit
2636 3544 2702 3607 in
2753 3542 2977 3608 Mnem.

619 3649 697 3716 V.
755 3648 886 3714 140
933 3648 1010 3715 de
1055 3670 1150 3717 vs.
1198 3646 1323 3714 88:

1167 3754 1269 3820 καὶ
1317 3756 1405 3832 μὴ
1454 3762 1646 3820 πνεῖ
1686 3777 1788 3832 μοι
1838 3754 2058 3832 κοικόν,
2110 3755 2420 3833 ἀντιβολῶ
2467 3758 2564 3820 σ’·
2641 3824 2652 3829 ,

1162 3863 1212 3926 εἶ
1261 3860 1322 3925 δὲ
1372 3863 1640 3937 ποιήσεις
1684 3864 1862 3925 τοῦτο
1910 3863 2054 3927 κατ’
2103 3860 2294 3933 οἴκους

1163 3968 1354 4033 αὐτοῦ
1400 3974 1603 4045 μεῖνον
1651 3966 1793 4042 τοὺς
1846 3967 2189 4048 ἡμετέρους.

614 4075 902 4142 Stultum
975 4077 1148 4141 enim
1208 4079 1306 4141 est
1363 4073 1771 4139 scarabaeum
1831 4094 2056 4162 rogare
2124 4078 2198 4139 ut
2245 4094 2324 4139 ne
2371 4073 2540 4139 male
2586 4073 2754 4140 olere
2800 4072 2975 4145 velit:

613 4202 737 4249 non
784 4188 880 4247 est
925 4184 1096 4247 enim
1143 4202 1216 4247 ea
1264 4201 1361 4246 res
1408 4182 1475 4245 in
1526 4182 1906 4265 cuiusquam
1952 4185 2263 4265 potestate
2311 4183 2534 4265 posita.
2601 4179 2735 4246 Nec
2781 4186 2972 4246 tamen

614 4309 763 4355 cum
830 4286 1199 4353 Hamakero
1260 4286 1633 4353 crediderim
1685 4285 2138 4373 interpolatum
2187 4285 2403 4354 locum
2449 4308 2618 4366 esse,
2668 4286 2772 4352 sed
2819 4285 2974 4350 dixe·

614 4397 737 4464 rim
786 4394 915 4459 fere
960 4392 1448 4477 Aristophanem
1496 4394 1857 4479 scripsisse:
