3192 5017
1232 313 1644 369 procorum.
2508 293 2636 365 165

242 487 331 554 κοί
386 487 458 554 τέ
519 492 644 557 εἰσι
716 492 827 558 καὶ
890 491 1159 566 άναιδεῒς
1219 493 1411 572 Φύσει
1458 490 1562 557 καὶ
1615 488 1939 570 ἡσσημένοι
1986 487 2430 572 θρασύνονται,
2478 489 2635 567 μηδὲ

240 593 679 677 ξυνχωρῆσητε
749 601 860 675 τὴν
922 598 1240 680 διάπειραν
1286 602 1499 673 αὐτοῖς
1547 597 1748 677 πρόσω
1797 596 1971 662 ἱέναι.
2031 596 2420 678 άνανδρία
2479 595 2589 673 γα
2605 619 2636 675 ρ

240 704 1004 785 καταφρονηθεῒσα
1043 707 1171 771 ἐπὶ
1216 706 1677 786 παρρησίαν
1716 702 2125 783 ἐξάγεται
2168 701 2435 783 μείζω,
2475 702 2638 767 ἐπεὶ

239 810 329 889 τῷ
388 813 790 891 προϊέναι
837 815 926 878 τὸ
973 812 1277 895 θράσος
1325 810 1610 878 ἄοκνον
1659 813 2016 891 γίνεται.
2067 811 2165 876 ἐπὶ
2218 810 2376 877 πολὺ
2421 808 2484 874 δὲ
2529 811 2640 873 oiv-
2741 835 2748 844 ·

244 911 440 991 δέξειν
487 920 740 992 αὐτοὺς
786 917 1416 1001 άνδραγαθιζόμενοις
1464 921 1609 999 ὑμῖν
1655 918 1956 997 μηδαμῶς
2002 915 2213 983 οἴεσθε.
2262 915 2412 998 Φρό
2431 939 2643 994 νημα

240 1022 385 1102 γὰρ
444 1035 547 1106 τῇ
615 1026 973 1105 δυνάμει
1037 1034 1186 1093 τῶν
1245 1027 1460 1107 αὐτῷ
1507 1025 1888 1107 χρωμένω
1913 1049 1952 1090 ν.
1987 1027 2089 1105 μὴ
2138 1021 2644 1103 ξυμμετρού-

241 1152 473 1205 μενον
522 1132 682 1213 πρὸ
733 1133 876 1210 μὲν
923 1138 1060 1199 τοῦ
1109 1133 1348 1214 ἔργου
1396 1132 1933 1212 ἐπαιρόμενον
1981 1132 2055 1195 ἐν
2101 1132 2323 1212 άκμῇ
2369 1131 2650 1212 Φαίνε-

241 1258 399 1312 ΤΜ,
468 1237 972 1316 ἀρξαμένης
1036 1239 1115 1304 δὲ
1159 1249 1298 1315 τῆς
1348 1237 1777 1317 ξυμβολῆς
1844 1244 2287 1318 καταρρεῖν
2348 1235 2643 1301 εἴωθεν.

238 1339 389 1406 Ὀτε
439 1343 658 1409 τοίνυν
707 1350 922 1411 ταῦτα
966 1342 1155 1419 οὕτως
1203 1343 1376 1425 ἔχει,
1426 1342 1871 1423 άναμνιὶσθητε
1921 1346 2035 1422 μὲν
2082 1340 2287 1409 ὅντινα
2333 1341 2547 1422 τρόπον
2596 1342 2647 1406 οἱ

246 1449 496 1532 πολέμῳ
550 1452 873 1524 πολλάκις
921 1452 1485 1533 άποπειρασάμενοι
1532 1457 1645 1525 τῆς
1684 1454 1903 1532 άρετῆς
1945 1459 2056 1526 τῆς
2099 1448 2400 1530 ὑμετέρας
2448 1451 2652 1525 dorda-

247 1553 482 1635 λαξαν,
539 1559 945 1642 ἐκλογίζεσθε
996 1560 1058 1625 δὲ
1104 1563 1181 1632 ὥς
1228 1562 1335 1625 οὐκ
1383 1560 1666 1636 άμείνους
1717 1560 1786 1622 ἐκ
1832 1564 1938 1623 τοῦ
1980 1558 2286 1641 αἰφνιδίου
2329 1561 2434 1640 ἐφ’
2479 1559 2646 1634 ἡμᾶς

244 1659 558 1743 ὅρμηνται
582 1714 603 1745 ,
670 1667 851 1733 ἀλλὰ.
913 1669 999 1732 τὰ
1063 1667 1479 1748 παραπλήσια
1543 1674 1669 1738 τοῖς
1721 1665 2103 1746 προλαβοῦσι
2152 1664 2605 1742 τετολμηκότες
2626 1714 2646 1739 ,

245 1769 349 1843 τὶιν
394 1769 628 1847 ὁμοίαν
680 1774 788 1838 καὶ
835 1778 939 1839 νῦν
985 1772 1395 1854 κληρῶσονται
1444 1771 1710 1852 ‘tumst'

326 1875 434 1942 Ita
480 1878 769 1965 denique
814 1882 1005 1946 anxie
1047 1881 1241 1947 homo
1289 1887 1424 1945 erat
1471 1877 1928 1966 Thucydidem
1946 1928 1962 1953 ,
2008 1884 2083 1943 ut
2124 1878 2393 1973 quodvis
2436 1881 2650 1964 potius

251 1982 585 2064 piaculum
635 1989 1070 2053 committeret
1108 2008 1302 2073 quam
1341 1987 1644 2051 scriberet
1680 1985 1915 2070 duplex
1953 1993 2033 2061 T,
2077 1991 2189 2050 aut
2230 1985 2339 2049 σύν
2357 2032 2373 2061 ,
2401 1991 2515 2071 aut
2539 1986 2648 2056 εἰς.

326 2087 480 2157 Una
528 2093 990 2159 tantummodo
1036 2115 1136 2159 res
1182 2100 1278 2160 est
1323 2094 1616 2177 scriptori
1663 2093 1880 2157 Attico
1925 2094 2019 2157 ita
2061 2094 2350 2177 propria,
2401 2096 2476 2157 ut
2517 2112 2649 2157 om-

248 2213 352 2260 nes
420 2199 739 2265 imitandi
811 2204 1075 2266 conatus
1138 2198 1390 2282 eludat,
1453 2220 1579 2284 qua
1635 2199 2018 2281 Procopium
2067 2219 2451 2283 omnemque
2496 2197 2647 2263 reli-

259 2317 442 2394 quam
492 2307 909 2371 imitatorum
957 2307 1283 2371 cohortem
1330 2307 1648 2370 immenso
1696 2304 2034 2370 intervallo
2079 2312 2223 2390 post
2260 2327 2326 2372 se
2367 2305 2647 2392 reliquit.

336 2407 701 2502 Induxerat
767 2433 874 2478 me
943 2412 1023 2478 ad
1083 2412 1460 2478 historicum
1526 2411 1958 2498 Byzantinum
2021 2411 2364 2500 legendum
2436 2414 2650 2500 aliqua

260 2532 391 2596 Spes
438 2522 666 2603 potius
715 2539 907 2603 quam
944 2520 1157 2603 opinio
1195 2519 1274 2583 ad
1312 2517 1779 2583 emendandum
1806 2517 2253 2605 Thucydidem
2277 2520 2424 2604 plus
2447 2523 2650 2588 inesse

259 2616 352 2684 his
397 2625 882 2691 imitationibus
929 2626 1230 2709 praesidii
1276 2644 1466 2709 quam
1517 2644 1735 2689 revera
1782 2626 1986 2690 inesse
2033 2626 2478 2692 animadverti.
2543 2628 2650 2693 Li-

263 2731 355 2790 cet
397 2733 577 2796 enim
625 2752 862 2816 paucas
900 2731 1204 2815 quasdam
1242 2733 1632 2815 suspiciones
1670 2751 1846 2796 meas
1886 2729 2255 2797 confirmare
2294 2733 2651 2814 videantur,

261 2831 415 2899 nihil
477 2841 637 2903 novi
694 2859 773 2902 ex
830 2836 963 2902 illis
1009 2836 1226 2903 didici.
1300 2837 1520 2922 Neque
1570 2840 1829 2901 mirum.
1902 2836 2073 2902 Nam
2122 2843 2186 2902 et
2232 2838 2460 2903 multis
2507 2846 2653 2906 ante

270 2935 646 3030 Procopium
694 2944 924 3009 seculis
968 2944 1162 3009 huius
1210 2945 1534 3028 scriptoris
1576 2944 1821 3008 codices
1866 2946 1997 3008 iam
2049 2948 2278 3010 misere
2324 2954 2651 3032 corruptos

266 3042 447 3115 fuisse
495 3057 745 3117 constat
792 3070 870 3115 ex
916 3049 1227 3137 Dionysio
1268 3047 1808 3115 Halicarnassensi
1828 3097 1842 3123 ‚
1895 3054 2036 3114 tum
2087 3050 2430 3136 Procopius
2478 3052 2647 3119 locos

270 3156 565 3234 quosdam
614 3156 861 3223 nobiles
907 3179 1025 3221 non
1072 3162 1162 3220 ica
1208 3157 1421 3221 multos
1465 3177 1617 3221 cum
1668 3158 1857 3221 certis
1904 3157 2283 3240 quibusdam
2335 3157 2648 3238 formulis,

271 3264 608 3348 vocabulis,
651 3266 990 3329 structuris
1032 3262 1465 3350 Thucydideis
1508 3264 1820 3327 memoria
1867 3262 2158 3341 tenebat,
2207 3263 2441 3347 quibus
2480 3265 2654 3332 iden·

274 3365 453 3436 tidem
503 3391 662 3436 usus
709 3375 836 3446 est,
884 3390 964 3435 ne
1008 3368 1335 3434 intellecto
1383 3369 1644 3451 quidem
1691 3371 1784 3433 sic
1832 3388 1905 3433 eo
1948 3372 2160 3455 magis
2198 3371 2264 3433 in
2304 3370 2521 3436 oculos
2559 3375 2654 3437 in-

278 3490 507 3544 currere
554 3478 765 3561 ipsius
807 3475 1241 3552 soloecismos,
1289 3475 1404 3539 ubi
1442 3494 1557 3540 suo
1597 3479 1817 3539 utatur
1857 3495 2162 3541 sermone.
2211 3475 2653 3544 Nihilominus

277 3597 383 3644 non
416 3590 555 3648 tam
598 3584 827 3648 vitiose
863 3583 1146 3666 scripsit,
1186 3601 1379 3665 quam
1420 3578 1829 3645 Dindorfiana
1867 3581 2062 3647 editio
2091 3582 2352 3666 prodere
2376 3584 2651 3666 videtur,

280 3684 336 3747 in
372 3709 490 3773 qua
530 3688 729 3754 libros
769 3690 906 3753 eius
945 3687 1149 3754 veloci
1188 3688 1347 3772 pede
1387 3707 1755 3771 percurrens
1790 3707 1863 3753 ea
1886 3692 2137 3752 tantum
2163 3709 2326 3773 quae
2350 3692 2653 3776 temporis

279 3803 586 3863 momento
624 3794 952 3860 evidenter
996 3793 1319 3859 emendari
1359 3799 1616 3876 possent
1653 3793 1916 3869 correxi,
1955 3793 2048 3858 ita
2085 3801 2161 3858 ut
2195 3814 2320 3859 non
2362 3795 2652 3862 dubitem

283 3899 414 3979 quin
450 3904 669 3967 futuro
708 3900 935 3966 editori
973 3905 1075 3965 sat
1105 3899 1316 3964 multa
1338 3897 1745 3964 librariorum
1760 3898 1930 3965 -vitis
1957 3899 2237 3966 tollenda
2260 3900 2650 3986 reliquerim.

357 4006 478 4087 Qui
549 4012 767 4072 autem
839 4006 1219 4090 Procopium
1289 4024 1455 4070 nova
1522 4004 1853 4071 donaverit
1922 3987 2196 4071 editione
2216 4054 2233 4084 ‚
2291 4006 2533 4091 optime
2595 4010 2650 4076 is

282 4114 532 4181 merebit
595 4112 673 4178 de
735 4111 904 4177 tristi
976 4110 1489 4177 tristissimorum
1558 4119 1920 4195 temporum
1992 4112 2278 4195 historia,
2350 4133 2475 4198 qua
2543 4117 2646 4182 lu-

284 4217 546 4286 culenter
609 4219 913 4284 docemur
971 4217 1161 4282 istius
1225 4217 1451 4283 aetatis
1511 4217 1900 4304 Byzantinos
1957 4218 2330 4284 divitiarum
2396 4226 2648 4289 tantum

286 4317 548 4413 lautique
584 4325 795 4390 victus
834 4323 1165 4411 splendore
1215 4331 1278 4389 et
1320 4322 1448 4389 levi
1487 4324 1761 4409 quadam
1804 4324 2123 4390 doctrinae
2156 4325 2652 4414 eruditionisque

287 4434 468 4513 specie
503 4432 829 4510 barbaros,
870 4431 1251 4516 quibuscum
1291 4429 1461 4495 bella
1499 4435 1825 4517 gererent,
1865 4451 2192 4516 superasse
2210 4481 2228 4515 ,
2270 4433 2379 4498 sed
2427 4433 2653 4501 iisdem
