3192 5017
1171 275 1668 323 AmsTOPnANRS.
2480 254 2609 319 359

331 442 489 508 Mira
534 450 628 508 est
672 446 949 509 nominis
993 444 1195 510 forma
1243 446 1671 521 Λακρατείδης
1721 468 1817 513 vs,
1881 443 2049 512 220:

586 554 687 616 νῦν
735 548 790 614 δ’
841 550 1049 626 ἐπειδὴ
1096 552 1295 631 ςερρὸν
1342 551 1449 628 ἤδη
1500 552 1724 630 τούμὸν
1771 551 2197 628 ἀντικνήμιον,

587 655 693 721 καὶ
743 658 1062 736 παλαιῷ
1111 657 1507 739 Λακρατείδῃ
1551 657 1622 723 τὸ
1671 659 1886 728 σκέλος
1936 657 2315 741 βαρύνεται,

245 780 349 826 nec
402 762 668 827 scribam
736 783 883 828 sane
945 784 1093 829 cum
1157 763 1485 851 Elmsleyo
1552 764 1915 846 Λακρατίδῃ
1960 788 2038 842 γε
2088 762 2190 829 vel
2238 762 2602 842 Λακρατίδῃ

242 865 306 940 δή
363 887 504 932 cum
567 867 712 934 aliis
770 875 835 934 et
889 874 1167 954 praestat
1213 870 1476 936 fortasse
1523 872 1838 937 abstinere
1886 891 2145 945 manus,
2198 869 2395 935 donec
2444 889 2593 933 vera

242 975 533 1056 scriptura
577 972 834 1040 aliunde
878 974 1174 1059 prodeat,
1221 975 1330 1041 sed
1375 982 1699 1061 praeterea
1744 975 2105 1062 intelligere
2165 974 2327 1039 mihi
2383 973 2602 1040 videor

242 1075 401 1143 aliud
443 1078 636 1144 latere
683 1079 988 1168 mendum
1037 1086 1101 1146 et
1147 1082 1559 1147 commendo:

495 1183 600 1248 καὶ
649 1183 911 1250 πάλαι
960 1187 1058 1263 τῷ
1106 1187 1514 1267 Λακρατείδῃ
1561 1185 1633 1251 τὸ
1680 1186 1894 1258 σκέλος
1942 1185 2308 1268 βαρύνεται.

320 1394 494 1474 Quod
543 1397 698 1462 dicit
744 1396 1143 1483 Dicaeopolis
1190 1420 1280 1465 vs.
1335 1397 1503 1466 416:

629 1503 726 1567 δεῖ
766 1502 894 1584 γαρ
938 1527 1022 1580 με
1074 1502 1254 1580 λέξαι
1302 1507 1400 1585 τῷ
1450 1504 1659 1587 ’χορῷ
1707 1510 1872 1588 ῥῆσιν
1920 1503 2207 1584 μακράν,

234 1605 295 1670 id
353 1606 688 1694 Euripides
748 1629 872 1675 non
934 1611 1143 1694 potuit
1190 1609 1587 1698 intelligere,
1639 1613 1790 1696 quia
1834 1613 2088 1698 ignorat
2133 1608 2288 1695 quid
2333 1608 2587 1676 Dicaeo-

233 1711 384 1795 polis
428 1735 577 1780 cum
626 1715 1038 1801 popularibus
1085 1718 1218 1781 suis
1265 1719 1488 1805 egerit.
1538 1716 1831 1784 Proclive
1877 1722 1974 1782 est
2020 1716 2390 1782 restituere:

673 1821 770 1886 δεῖ
808 1821 935 1901 γάρ
979 1846 1062 1900 με
1113 1821 1291 1900 λέξαι
1341 1824 1694 1901 τήμερον
1740 1826 1902 1903 ῥῆσιν
1948 1821 2220 1903 μακράν.

230 1922 379 1991 Vide
424 1927 615 1993 modo
664 1949 760 1994 vs.
811 1927 961 1993 440.

310 2139 445 2207 Hoc
511 2141 747 2207 habent
817 2148 1060 2208 veteres
1105 2143 1515 2226 interpretes,
1567 2161 1726 2225 quos
1775 2141 1973 2205 etiam
2021 2139 2209 2206 hodie
2255 2141 2380 2205 viri
2426 2139 2594 2206 docti

223 2245 537 2312 interdum
587 2248 1022 2332 imprudentes
1068 2253 1453 2332 sequuntur,
1501 2253 1574 2311 ut
1622 2247 1905 2312 obscuris
1953 2251 2017 2312 et
2063 2246 2391 2332 impeditis
2439 2245 2596 2311 locis

223 2352 381 2434 apud
426 2352 913 2438 Aristophanem
964 2372 1214 2437 semper
1258 2373 1517 2438 spurcos
1563 2356 1734 2419 iocos
1779 2353 2160 2437 eosdemque
2220 2351 2597 2438 plerumque

222 2456 664 2545 frigidissimos
709 2458 906 2525 latere
952 2460 1340 2524 existiment.
1407 2457 1610 2525 Veluti
1657 2481 1750 2526 vs.
1800 2456 1933 2524 994
1972 2457 2217 2525 Chorus
2252 2460 2362 2533 τὴν
2400 2469 2593 2524 Διαλ-

221 2566 419 2643 λαγὺν
465 2569 562 2631 ita
605 2565 984 2651 alloquitur:

489 2670 666 2736 ἄλλα
713 2693 783 2735 σε
833 2670 1046 2748 λαβὼν
1092 2667 1234 2749 τρία
1279 2668 1427 2733 δοκῶ
1473 2671 1540 2746 γ’
1591 2667 1668 2733 ἂν
1714 2668 1806 2735 ἔτι
1853 2671 2388 2750 προσβαλεῖν.

220 2774 673 2863 Interpretatur
734 2775 1124 2842 Scholiasta:
1190 2776 1239 2839 εί
1306 2775 1410 2839 καὶ
1475 2773 1738 2856 γέροντά
1800 2800 1880 2854 με
1948 2777 2140 2848 δοκεῖς
2207 2777 2380 2857 δρᾶν,
2431 2774 2590 2855 ’ὅμως

221 2881 431 2960 λαβών
494 2907 593 2958 σε,
660 2881 899 2962 ίσχύσω
961 2881 1377 2959 συγγενέσθαι
1443 2903 1532 2945 σοι
1588 2880 1716 2961 τρὶς
1780 2881 1884 2946 καὶ
1948 2880 2279 2955 πολλάκις.
2373 2881 2590 2948 Etiam

218 2987 520 3056 Albertus
581 2986 894 3053 Mullerus
938 2987 1057 3052 hoc
1107 2988 1368 3072 probare
1413 2985 1706 3063 videtur-3
1754 2987 1979 3052 deinde
2024 2993 2269 3055 veteres
2317 2986 2590 3054 Theolo-

217 3117 328 3184 gos
373 3099 702 3171 imitatus,
751 3097 860 3178 qui
906 3094 1142 3177 ubique
1187 3093 1474 3176 duplicem
1512 3115 1743 3157 censum
1780 3093 2222 3177 odorabantur,
2257 3101 2590 3176 praeterea,

216 3204 420 3288 inquit
442 3253 456 3276 .
529 3202 874 3284 siymficant
941 3200 1084 3262 haee
1150 3204 1361 3263 verba.-
1407 3197 1604 3284 Spero
1665 3200 1797 3265 fore
1860 3205 1935 3265 ut
1996 3198 2162 3265 bello
2223 3199 2403 3266 finito
2468 3203 2589 3266 tria

217 3308 419 3373 adhuc
481 3305 824 3393 perficiam.
912 3303 1305 3385 Προσβαλεῖν
1369 3310 1586 3369 autem
1649 3305 1756 3371 hio
1801 3305 1976 3371 idem
2023 3307 2182 3390 erit,
2230 3306 2399 3391 quod
2444 3329 2592 3371 oom-

204 3419 491 3498 primere‚
539 3415 596 3477 si
643 3411 902 3497 quidem
950 3409 1276 3496 Hesychio
1324 3408 1476 3475 fides
1522 3416 1648 3488 est,
1704 3412 1809 3477 cui
1857 3411 2224 3491 προσβαλὼν
2272 3418 2369 3478 est
2405 3437 2592 3492 προσ-

215 3520 397 3584 ελθὼν
444 3524 509 3584 et
553 3516 910 3596 πρόσβαλον
928 3513 1007 3601 (Ῡ)
1054 3522 1152 3581 est
1198 3516 1789 3596 προσκατακλίθητι.
1836 3515 2044 3598 Quam
2093 3538 2199 3584 me
2247 3518 2457 3584 taedet
2503 3519 2587 3585 il-

215 3623 425 3691 larum
474 3625 892 3709 ineptiarum:
942 3624 1178 3688 scribe:

487 3728 666 3795 ἆλλα
711 3752 780 3794 σε
828 3728 1045 3806 λαβὼν
1090 3728 1231 3807 τριά
1278 3727 1424 3793 δοκῶ
1471 3730 1539 3805 γ’
1588 3727 1667 3793 ἂν
1712 3726 1802 3793 ἔτι
1852 3730 2399 3815 προσλαβεῖν,

488 3837 703 3916 πρῶτα
749 3837 860 3913 μὲν
908 3834 984 3900 ἂν
1030 3833 1374 3911 ἀμπελίδος
1421 3833 1596 3915 ὄρχον
1644 3833 1871 3900 ἐλάσαι
1919 3837 2178 3915 μακρόν,

491 3938 629 4008 εἶτα
678 3941 854 4023 παρὰ
902 3940 1071 4006 τόνδε
1122 3939 1229 4006 νέα
1274 3942 1579 4019 μοσχίδια
1628 3941 1882 4007 συκίδων
1921 4016 1926 4021 ¹

492 4045 598 4113 καὶ
648 4049 716 4114 τὸ
762 4048 960 4125 τρίτον
1005 4047 1281 4127 ἡμερίδος
1330 4045 1544 4132 ὄρχον,
1593 4047 1623 4111 ὅ
1670 4046 1860 4126 γέρων
1913 4047 2024 4111 ὁδί.

218 4153 357 4220 Iam
405 4153 639 4220 dixeris
686 4154 839 4219 haec
885 4153 1080 4219 verba
1125 4154 1280 4219 satis
1327 4157 1544 4238 aperta
1588 4173 1743 4218 esse.
1797 4152 2031 4230 Λαβὼν
2078 4153 2188 4226 τὴν
2237 4153 2592 4234 διαλλαγὴν

218 4281 408 4327 senex
475 4266 794 4347 praeterea
863 4262 986 4324 tria
1051 4260 1216 4325 bona
1285 4257 1751 4339 προσλήψεται·
1827 4260 2027 4324 vitem
2092 4266 2285 4337 seret,
2362 4259 2591 4334 ficum.

218 4366 485 4433 olivam:
541 4366 703 4432 nihil
752 4371 961 4451 potest
1007 4387 1141 4430 esse
1187 4365 1565 4450 simplicius.
1661 4363 1780 4430 Sed
1831 4364 2000 4429 docti
2049 4366 2423 4452 interpretes
2468 4389 2590 4433 non
