3192 5017
611 263 698 332 96
1672 291 1917 341 ISABUS.

613 463 698 543 τῷ
762 463 979 527 ἑαυτοῦ
1044 464 1301 545 ἀδελφῷ
1361 464 1657 542 Ἁρμοδίῳ
1719 465 2114 545 συνέπεμψεν
2176 467 2262 537 εἷς
2314 462 2592 543 Κόρινθον
2638 464 2811 530 ἀντ’
2859 469 2991 527 ἀκο·

613 569 860 647 λούθου,
924 570 1032 634 ubi
1083 570 1370 635 Nuberus
1416 591 1600 635 meus
1648 571 1892 638 Mnem.
1945 571 1999 636 V
2046 593 2107 656 p.
2158 570 2290 635 403
2338 573 2743 637 scribendum
2793 573 2992 636 conie-

613 678 703 740 cit
749 674 941 740 ἄνευ
987 676 1349 754 ἀκολούθου,
1399 679 1565 761 quod
1614 677 1983 743 incredibile
2028 681 2114 742 sit
2156 676 2617 761 Harmodium,
2660 678 2815 742 dum
2856 696 2994 761 pro-

612 779 993 847 ficisceretur
1037 782 1116 847 ad
1165 782 1443 865 bellum,
1490 803 1680 847 usum
1726 784 1920 848 fuisse
1956 782 2086 848 filio
2124 786 2353 849 sororis
2400 804 2550 848 suae
2589 784 2993 848 consobrinae

607 908 721 974 pro
790 888 1028 954 calone.
1125 887 1217 953 At
1286 891 1457 954 enim
1518 887 1982 974 Cephisodotus
2043 910 2115 955 eo
2164 895 2446 974 tempore
2491 895 2626 954 erat
2673 887 2992 974 pupillus,

609 996 824 1078 itaque
871 995 1154 1059 nondum
1202 999 1302 1060 sui
1350 997 1512 1059 iuris
1556 1015 1760 1079 neque
1808 998 2035 1060 aetatis
2080 995 2423 1068 militaris,
2474 995 2643 1060 unde
2692 997 2993 1079 sequitur,

608 1101 848 1186 opinor,
921 1121 1070 1166 eum
1140 1102 1218 1166 ad
1289 1100 1532 1166 bellum
1600 1104 1857 1167 omnino
1918 1105 2096 1167 mitti
2155 1122 2279 1167 non
2337 1101 2617 1186 potuisse
2674 1104 2799 1166 nisi
2860 1101 2994 1164 ἀντ’

608 1206 969 1291 ἀκολούθου,
1023 1213 1086 1272 et
1137 1207 1300 1271 nihil
1348 1206 1524 1272 aliud
1572 1207 1763 1271 scribi
1815 1211 2093 1292 potuisse
2143 1208 2220 1271 ab
2269 1207 2461 1273 Isaeo.
2512 1206 2673 1272 Rem
2719 1213 2995 1272 atrocem

608 1333 741 1377 esse
789 1319 853 1378 et
899 1314 1230 1400 indignam
1281 1318 1345 1377 et
1393 1314 1749 1377 inauditam
1797 1316 1934 1398 ipse
1982 1321 2222 1388 orator,
2268 1316 2378 1397 qui
2416 1315 2770 1378 mentiatur
2806 1334 2997 1377 necne

607 1438 729 1483 nou
801 1440 985 1496 curo,
1052 1417 1367 1505 sig-nificat
1431 1418 1716 1485 addendo
1782 1415 1866 1490 εἰς
1928 1425 2107 1483 τοῦτο
2170 1417 2459 1497 ὕβρεως
2509 1421 2629 1482 καὶ
2680 1422 2995 1497 μιαρίας

608 1528 896 1606 ἀφίκετο.
990 1525 1276 1609 Insuper,
1351 1528 1404 1588 si
1478 1546 1625 1589 vera
1696 1527 1853 1589 foret
1925 1525 2157 1590 Naberi
2224 1524 2527 1608 suspitiO,
2594 1527 2749 1588 satis
2795 1527 2999 1589 otiosa

608 1639 770 1698 esset
834 1631 1168 1697 Harmodii
1241 1632 1500 1696 mentio.
1597 1631 1731 1697 Nec
1780 1632 2040 1697 fortasse
2091 1639 2327 1696 temere
2370 1630 2619 1696 codices
2665 1639 2999 1697 servarunt

606 1740 1004 1818 συνέπεμψε.
1084 1759 1203 1802 non
1279 1737 1747 1817 συνεξέπεμψε,
1814 1738 1977 1822 quod
2041 1759 2183 1802 cum
2246 1736 2495 1802 Dobreo
2556 1736 2840 1803 malebat
2901 1739 2997 1804 vir

606 1844 1035 1910 doctissimus.
1085 1843 1182 1909 of.
1236 1845 1435 1909 Aesch
1515 1842 1736 1928 Suppl.
1792 1840 1944 1919 488,
1993 1842 2143 1906 Eur.
2193 1841 2242 1905 Ι.
2291 1840 2363 1905 Τ.
2419 1840 2613 1917 1208,
2664 1842 2820 1907 Her.
2848 1842 2997 1908 VIII

609 1951 761 2017 103.
811 1952 1050 2017 Locum
1101 1951 1206 2016 Fr.
1255 1950 1381 2015 XII
1428 1953 1463 2035 ξ
1512 1948 1573 2027 3,
1623 1951 1701 2014 de
1748 1969 1872 2035 quo
1918 1950 2025 2035 egi
2073 1969 2130 2032 p.
2185 1946 2336 2032 398,
2385 1969 2489 2012 me
2534 1948 2788 2014 felicius
2835 1955 2997 2015 trac·

603 2058 767 2125 tavit
814 2059 1141 2143 Naberus,
1191 2059 1372 2122 cuius
1420 2057 1769 2141 disputatio
1816 2076 1922 2121 me
1968 2055 2252 2141 fugerat,
2301 2074 2451 2141 pag.
2502 2053 2658 2120 411.

2469 2204 2556 2270 H.
2604 2223 2663 2270 v.
2726 2205 2806 2273 H.

1636 2569 1945 2616 GALRNUS.

689 2771 870 2837 Tom.
935 2769 1110 2834 VIII.
1177 2787 1322 2853 pag.
1391 2764 1542 2832 7¹74.
1608 2767 1701 2836 τίς
1751 2766 2020 2845 ἀκριβῶς
2069 2769 2178 2839 τὴν
2227 2763 2393 2829 ἰδέαν
2440 2765 2666 2831 ὲκάςου
2716 2773 2833 2829 τῶν
2887 2768 2987 2829 ἀν-

596 2878 837 2958 θρώπων
899 2875 1143 2951 διδάξαι
1209 2872 1377 2952 λόγῳ
1442 2870 1734 2946 δύναται;
1788 2870 1910 2935 οὐδ’
1963 2867 2046 2942 εἷς
2102 2869 2410 2944 δήπουθεν.
2463 2869 2614 2934 ἀλλ’
2666 2866 2825 2947 ὅμως
2885 2871 2984 2935 καὶ

594 2983 733 3055 τοὺς
797 2977 1354 3057 ἀποδιδράσκοντας
1420 2975 1665 3047 οἰκέτας
1729 2977 2118 3054 κηρύττουσιν
2164 2974 2456 3055 ὁσημέραι
2507 2976 2683 3040 κατὰ
2731 2977 2817 3040 τὰ
2870 2984 2979 3050 τῆς

591 3089 756 3160 ἰδέας
845 3087 1275 3165 γνωρίσματα.
1370 3081 1748 3146 Ridiculum
1836 3088 1932 3146 est
2015 3102 2305 3166 praesens
2390 3079 2981 3158 ἀποδιδράσκοντας.

592 3194 967 3278 Requiritur
1036 3188 1372 3253 manifesto
1442 3186 1790 3272 perfectum
1864 3188 2505 3265 ἀποδεδραΚΟΤΛΟ.
2601 3185 2697 3252 Of.
2768 3188 2980 3252 locum

593 3301 772 3367 Tom.
837 3297 959 3363 XI.
1025 3317 1172 3382 pag.
1238 3291 1402 3357 796:
1467 3292 1809 3369 ὁμοιότατοι
1879 3302 2003 3363 τοῖς
2073 3291 2314 3372 κήρυξιν
2362 3292 2511 3357 εἰσὶν
2560 3289 2684 3357 ὅσοι
2734 3293 2821 3356 τοὶ
2871 3298 2979 3363 τῆς

592 3407 758 3477 ἰδέας
806 3404 1222 3483 γνωρίσματα
1263 3400 1653 3477 κηρύττουσιν
1698 3402 2408 3464 ἀποΔΕΔΡΑΚΟΤΟΟ
2455 3397 2865 3477 ἀνδραπόδου.

686 3622 869 3688 Tom.
916 3617 1095 3685 VIII.
1143 3638 1287 3703 pag.
1337 3613 1503 3680 868:
1554 3615 1656 3680 διὰ
1704 3614 1767 3678 τί
1812 3615 2010 3679 καίτοι
2059 3615 2191 3694 περὶ
2242 3613 2488 3679 πάντων
2536 3611 2689 3680 οὕτω
2753 3617 2975 3694 πικρῶς

594 3729 886 3802 ἀλλήλοις
951 3725 1239 3805 ἐρίζοντες
1304 3721 1435 3801 περὶ
1496 3723 1721 3785 τούτων
1770 3720 1899 3786 οὐδὲ
1949 3720 2226 3800 ζητοῦσιν
2274 3718 2426 3788 ὅλως
2475 3721 2661 3784 ἀλλΛ
2718 3728 2978 3785 ΤΛλαι-

594 3837 801 3917 πώρως
866 3830 1399 3911 παρατρέχουσιν;
1459 3827 1534 3892 δι’
1603 3828 1765 3892 οὐδὲν
1829 3825 1987 3892 ἄλλο
2036 3828 2069 3902 ἢ
2120 3824 2209 3891 ὅτι
2259 3825 2705 3906 πεφυρῙ-Ῑμένον
2754 3852 2825 3892 τε
2876 3826 2974 3891 καὶ

592 3942 991 4021 ἀδιάρθρωτον
1056 3937 1304 4018 ἔχοντες
1364 3938 1466 4001 τὸν
1528 3939 1658 3999 νοῦν
1728 3935 1812 3998 ἑνί
1867 3958 1947 4012 γε
1995 3937 2079 4013 τῷ
2128 3935 2337 4012 πρώτῳ
2385 3932 2698 4011 σΦαλέντι
2748 3934 2980 4006 πάντες

603 4044 1030 4123 ἠκολούθησαν.
1099 4041 1325 4107 Monui
1390 4043 1518 4106 iam
1589 4045 1773 4104 antea
1835 4041 1988 4102 ἀλλ’
2054 4038 2539 4119 Ἀταλαιπώρως
2584 4060 2719 4105 esse
2769 4061 2983 4104 emen·

593 4152 872 4218 dandum
901 4197 915 4224 ,
966 4153 1284 4233 praeterea
1334 4147 1535 4210 scribe
1583 4145 2042 4227 πεΦυΡΜένον,
2089 4145 2153 4208 id
2204 4152 2299 4209 est
2345 4144 2834 4222 τεταραγμένον.

2455 4294 2528 4361 Ο.
2580 4293 2664 4362 G.
2715 4295 2792 4363 C.
