3192 5017
584 251 722 323 2⁶70
1663 272 1903 328 mosao.

591 467 743 514 cum
787 445 962 513 idem
1009 466 1089 513 ex
1129 445 1352 515 eadem
1396 446 1811 515 conductione
1857 452 1995 520 <ea
2037 447 2353 515 mortua>
2393 443 2587 509 fuerit
2624 445 2695 509 in
2728 442 2932 526 fundo,

592 552 859 618 dubium
920 558 1016 617 est
1060 554 1213 637 quin
1233 602 1251 636 ‚
1301 555 1356 616 si
1404 549 1751 619 Caesennia
1799 564 1940 617 tum
1987 550 2381 637 possidebat,
2428 571 2574 615 cum
2624 555 2757 614 erat
2799 548 2937 614 colo-

584 677 713 729 ,nus
756 659 825 723 in
870 657 1065 722 fundo
1082 705 1100 741 ,
1147 661 1291 742 post
1335 660 1473 723 eius
1537 663 1810 725 mortem
1861 658 2040 749 heres
2094 656 2313 723 eodem
2361 655 2499 720 iure
2549 650 2940 739 possederit?

591 762 918 829 Sententia
984 762 1113 828 sere
1182 763 1465 847 postulat
1533 763 1698 829 illud
1772 786 1841 829 ca
1911 770 2160 828 mortua.
2251 762 2471 826 Eodem
2516 761 2653 824 iure
2698 757 2940 824 secludit

586 888 738 935 cum
810 866 1263 956 Tegernseensi
1332 868 1610 956 Kayser3
1687 870 1904 934 minus
1972 874 2179 943 recte;
2239 866 2603 951 possidebat
2665 861 2940 939 Caecina,

589 972 759 1059 quod
803 972 1104 1039 similiter
1149 979 1340 1058 atque
1387 970 1731 1040 Caesennia
1775 973 2072 1040 colonum
2120 974 2189 1036 in
2226 972 2423 1037 fundo
2460 971 2776 1044 habebat‚·
2796 967 2940 1051 quod

589 1077 761 1143 idem
829 1098 943 1162 pro
1010 1098 1078 1144 se
1147 1078 1369 1145 afferre
1435 1081 1668 1164 potuit.
1760 1077 2134 1144 Similitudo
2205 1080 2371 1142 inter
2432 1072 2836 1142 Caesenniam
2888 1077 2941 1135 et

591 1181 865 1251 Caecina
924 1183 1201 1250 breviter
1265 1190 1330 1250 et
1377 1186 1561 1268 quasi
1608 1183 1801 1252 verbo
1846 1185 2185 1249 indicatur.
2276 1181 2567 1265 Denique
2611 1180 2733 1246 sub
2776 1176 2942 1242 finem

589 1289 929 1355 manifesto
981 1294 1277 1374 corrupta
1333 1295 1518 1354 sunt:
1587 1291 1762 1375 „ipse
1821 1308 2007 1374 porro
2070 1287 2343 1354 Caecina
2403 1307 2517 1351 cur
2573 1306 2644 1351 se
2689 1283 2943 1350 moribus

591 1394 821 1459 deduci
880 1392 1135 1460 volebat
1192 1393 1381 1478 idque
1443 1394 1565 1458 tibi
1620 1393 1699 1459 de
1759 1396 2111 1459 amicorum
2178 1394 2253 1457 de
2311 1393 2409 1455 bis
2450 1392 2525 1454 de
2572 1389 2791 1474 Aquili
2829 1407 2945 1453 sen·

590 1500 795 1565 tentia
837 1498 1244 1584 responderat
1288 1499 1578 1564 etaeumss’
1633 1499 1737 1565 Sic
1785 1499 1952 1577 Erf.;
2001 1499 2339 1586 Tegerns.:
2389 1497 2462 1560 de
2511 1499 2611 1558 1ιὺ
2654 1495 2729 1559 de
2763 1494 2945 1574 quibu

594 1608 692 1669 et:
764 1613 824 1667 et
881 1626 1163 1684 aequum,
1208 1604 1439 1689 reliqui
1485 1608 1827 1690 posteriore
1873 1604 2011 1670 loco
2057 1611 2114 1668 et
2160 1604 2245 1667 ad
2286 1625 2435 1667 eum.
2525 1600 2736 1666 Locus
2782 1601 2945 1663 inter·

591 1708 912 1794 polatione
970 1716 1319 1795 corruptus.
1415 1709 1944 1776 Restituendum:
2022 1709 2253 1794 „idque
2314 1708 2438 1773 tibi
2497 1707 2579 1772 de
2624 1707 2946 1772 amicorum

596 1817 909 1882 sententia
953 1815 1376 1900 responderat.

1240 1919 1341 1986 Dr
1385 1922 1581 1991 mem}
1627 1925 1862 1996 Aoum
1906 1919 2322 1988 emma?

595 2024 843 2111 Nempe
888 2026 1092 2092 fusius
1140 2032 1359 2115 egerat
1405 2026 1626 2094 Cicero
1673 2028 1751 2094 de
1790 2026 2014 2112 Aquili
2055 2027 2132 2093 de
2174 2028 2391 2091 eisdem
2429 2027 2606 2090 rebus
2641 2021 2948 2103 sententia,

597 2152 760 2216 quae
815 2153 961 2218 pars
1007 2136 1242 2219 scripta
1286 2153 1410 2201 non
1459 2135 1742 2211 exstitit,
1791 2132 2088 2199 similiter
2133 2138 2325 2217 atque
2367 2134 2435 2196 in
2479 2129 2854 2196 Mureniana
2896 2130 2948 2189 et

596 2234 754 2302 alibi
777 2237 1108 2321 quaedam
1160 2238 1440 2304 indicata
1486 2245 1636 2304 sunt
1679 2259 1716 2303 a
1764 2234 2062 2304 Cicerone
2081 2285 2099 2321 ,
2146 2257 2271 2303 non
2318 2238 2574 2321 scripta.
2645 2233 2724 2299 In
2765 2244 2821 2296 et
2857 2248 2949 2295 u-

594 2358 777 2417 omm
835 2344 920 2428 (et
978 2364 1174 2409 aecum
1194 2390 1212 2420 ,
1278 2354 1338 2408 et
1395 2345 1590 2429 mm)
1635 2343 1897 2409 fortasse
1942 2342 2103 2408 latet
2149 2343 2328 2408 varia
2370 2340 2563 2406 lectio
2613 2339 2695 2406 ad
2737 2352 2943 2413 Aoum.

594 2445 724 2513 Sed
784 2453 1044 2533 apparet
1104 2449 1259 2515 haec
1319 2450 1532 2514 omnia
1550 2495 1567 2525 ,
1634 2468 1795 2532 quae
1841 2447 1922 2514 ad
1966 2446 2181 2513 locum
2228 2447 2308 2512 de
2351 2448 2743 2531 possessione
2780 2442 2945 2527 perti·

592 2558 748 2621 nent
763 2601 778 2630 ,
854 2553 1133 2621 breviter
1199 2553 1513 2620 delineata
1573 2574 1707 2619 esse
1769 2558 1834 2618 et
1894 2552 2115 2618 affecta
2174 2554 2389 2637 potius
2434 2570 2631 2635 quam
2679 2547 2943 2634 perfecta.

592 2657 730 2729 Nec
790 2658 1061 2723 dubium
1123 2662 1221 2725 est
1239 2707 1275 2749 ,υ
1322 2662 1477 2743 quin
1524 2661 1722 2725 etiam
1772 2658 1849 2723 de
1893 2660 2033 2722 iure
2078 2656 2483 2739 hereditatis,
2531 2675 2661 2740 quo
2706 2651 2946 2719 Caecina

593 2783 745 2829 cum
806 2762 1232 2831 Volaterranis
1292 2766 1600 2840 caruerit,
1665 2762 1850 2848 plura
1897 2761 2123 2827 deinde
2170 2763 2456 2846 exposita
2500 2760 2773 2835 fuerint,
2759 2778 2773 2793 ·
2817 2772 2943 2821 nam

594 2887 756 2952 quae
789 2869 1080 2953 proximo
1114 2871 1323 2954 capite
1362 2866 1505 2954 (33)
1544 2868 1622 2933 de
1662 2888 1736 2933 eo
1776 2873 2153 2955 argumento
2192 2874 2446 2943 extant,
2487 2853 2616 2931 non
2649 2869 2795 2930 sunt
2815 2860 2945 2926 satis

590 2977 962 3057 praeparata
1006 2975 1090 3038 iis
1134 2994 1294 3058 quae
1340 2974 1377 3057 ᾖ
1427 2973 1510 3039 18
1559 2973 1638 3039 de
1685 2973 1908 3039 eodem
1954 2974 2136 3058 quasi
2181 2971 2387 3037 obiter
2435 2965 2943 3036 dicuutur.11e·

592 3083 839 3164 guntur
896 3076 941 3142 1.
981 3076 1028 3142 l.
1093 3079 1129 3162 ς
1177 3076 1262 3142 95
1320 3078 1509 3143 haec:
1562 3077 1699 3155 „At
1744 3079 1917 3143 enim
1965 3076 2144 3144 Sulla
2191 3076 2405 3163 legem
2453 3072 2675 3140 tulitss’
2764 3069 2944 3139 Mani-

590 3182 755 3248 festo
800 3184 1111 3248 omissum
1158 3189 1254 3249 est
1299 3182 1543 3268 aliquid
1590 3185 1660 3247 in
1706 3184 1868 3249 hanc
1916 3185 2326 3248 sententiam:
2382 3202 2461 3247 ne
2501 3184 2646 3266 quis
2685 3177 2942 3245 Volater-

588 3306 888 3355 ranorum
937 3290 1179 3354 civium
1226 3288 1305 3353 R.
1354 3288 1736 3355 hereditates
1781 3295 2048 3374 caperet.

682 3390 988 3478 Pergitur
1047 3391 1367 3478 deinceps:
1435 3398 1553 3471 „ut
1607 3391 1772 3457 nihil
1818 3393 1895 3459 de
1940 3391 2056 3458 illo
2103 3400 2415 3477 tempore,
2469 3391 2635 3457 nihil
2683 3392 2758 3456 de
2801 3387 2942 3454 cala·

591 3495 821 3559 mitate
865 3496 956 3560 rei
1002 3495 1295 3580 publicae
1340 3518 1565 3582 querar
1581 3547 1597 3573 ,
1645 3499 1765 3563 hoc
1812 3499 1932 3563 tibi
1980 3498 2323 3583 respondeo
2343 3543 2359 3573 ‚
2408 3499 2765 3581 ascripsisse
2810 3513 2939 3558 eun·

588 3598 737 3665 dem
805 3597 1057 3666 Sullam
1118 3602 1188 3665 in
1249 3603 1469 3694 eadem
1528 3602 1702 3690 lege
1734 3622 1790 3668 s1
1855 3620 2006 3677 omn
2052 3620 2158 3669 ms
2202 3619 2329 3668 non
2371 3618 2568 3668 assiu·
2615 3614 2936 3669 Romam,

591 3720 738 3771 mus
781 3722 866 3770 m
909 3722 1076 3771 mes
1120 3724 1399 3773 mmmm
1443 3725 1769 3774 nocuum.
1869 3707 2155 3792 „Ecquid
2203 3716 2300 3773 est
2342 3706 2690 3794 (Pluygers
2705 3726 2722 3784 ;
2783 3700 2935 3768 codd·

589 3810 740 3891 quid
782 3811 893 3893 est)
940 3810 1108 3894 quod
1153 3814 1255 3877 ius
1302 3832 1428 3878 non
1475 3816 1561 3878 sit
1579 3864 1596 3886 .
1648 3813 1815 3898 quod
1857 3812 2133 3898 populus
2177 3812 2395 3878 iubere
2442 3819 2556 3877 aut
2588 3818 2796 3879 vetare
2832 3825 2934 3872 non

589 3918 792 4002 possit
805 3912 874 3981 ?‘’
897 3914 936 3944 ’'
1031 3914 1105 3980 ln
1167 3917 1270 3981 his
1314 3940 1432 3981 non
1479 3927 1625 3983 ante
1664 3918 1853 4002 possit
1897 3917 2179 3984 alienum
2227 3923 2323 3983 est
2369 3938 2406 3983 a
2450 3919 2792 3992 sententia3
2846 3910 2933 3977 ad·

590 4024 908 4087 versarius
957 4021 1280 4087 contendit
1324 4022 1490 4088 nihil
1526 4044 1661 4088 esse
1700 4031 1918 4089 contra
1956 4025 2058 4089 ius
2097 4027 2405 4109 scriptum
2443 4024 2510 4086 in
2551 4022 2693 4110 lege
2724 4015 2930 4106 populi,

590 4125 901 4210 populum
964 4126 1125 4191 nihil
1189 4147 1369 4213 posse
1413 4129 1632 4194 iubere
1680 4129 1845 4214 quod
1893 4132 2208 4194 iniustum
2259 4131 2345 4193 sit
2359 4148 2377 4206 ;
2429 4130 2645 4193 omnia
2687 4130 2844 4192 iussa
2879 4123 2931 4185 et

591 4231 929 4297 interdicta
988 4234 1055 4297 in
1113 4234 1336 4318 populi
1396 4233 1542 4321 lege
1587 4255 1806 4319 reapse
1853 4235 1982 4299 iuri
2029 4253 2396 4321 congruere.
2489 4231 2673 4298 Hanc
2718 4233 2930 4296 senten·

594 4335 756 4400 tiam
802 4355 935 4402 esse
980 4343 1242 4429 apparet
1296 4358 1374 4407 ex
1418 4359 1747 4433 responso:
1797 4346 1913 4421 „ut
1959 4360 2038 4405 ne
2080 4339 2339 4433 longius
2389 4337 2643 4419 abeam,
2690 4332 2931 4402 declarat
