3192 5017
1187 306 1575 359 sornocmu.
2443 274 2577 357 213

223 496 403 542 serum
463 478 680 546 debuit
739 478 1110 546 Tecmessae
1155 480 1357 545 videri
1379 531 1397 565 ‚
1446 482 1707 547 Aiacem
1758 500 1927 546 nunc
1976 482 2167 565 ipsvm
2212 481 2574 565 vociferari,

220 605 355 667 quae
395 585 542 651 olim
589 608 670 652 ne
716 589 1128 652 sustinuisset
1172 587 1426 670 quidem
1479 587 1743 651 audire?
1789 585 1987 673 Saepe
2033 588 2364 654 observavi
2399 586 2574 653 lacu-

216 690 370 756 uulas
411 699 473 756 et
518 714 707 758 omne
755 693 1259 779 corruptelarum
1307 715 1509 781 genus
1556 694 1725 778 apud
1773 692 2152 778 Sophoclem
2192 697 2259 759 in
2298 695 2573 759 est-tremis

214 799 440 861 senariis
505 805 573 864 et
635 797 782 883 plus
841 800 1028 865 nobis
1090 799 1347 864 concedi
1407 807 1616 885 potest
1661 802 1729 864 in
1775 805 1952 865 sexto
1999 800 2154 886 pede
2201 799 2570 887 corrigendo

214 921 373 986 quam
418 906 485 969 in
537 905 707 970 aliis.
760 904 1103 993 Eleganter
1148 911 1335 991 poeta
1382 906 1591 971 dedit:

534 1008 580 1074 ὦ
629 1010 1013 1090 δυςοὶλαινοε,
1064 1011 1257 1077 τοιοίδ’
1305 1010 1493 1090 ἄνδρα
1541 1013 1844 1091 χρήσιμον

534 1125 807 1201 φωνεῖν,
859 1114 902 1182 ἃ
953 1115 1218 1196 πρόσθεν
1266 1119 1372 1181 οὐκ
1420 1115 1569 1192 ἔτλη
1620 1118 1760 1182 ποτ’
1809 1116 1885 1181 ἂν
1937 1118 2291 1204 (κλύειν).

284 1326 498 1395 Itidem
550 1328 861 1418 languent
906 1328 1124 1395 Aiacis
1170 1330 1364 1395 verba
1408 1350 1502 1394 vs.
1550 1330 1722 1395 455:

536 1444 715 1502 κεῖνοι
764 1437 817 1501 δ’
864 1436 1291 1513 ἐπεγγελῶσιν
1340 1437 1809 1518 ἐκπεφευγότες
1834 1483 1849 1513 ,

540 1542 687 1620 ἐμοῦ
738 1543 854 1621 μὲν
901 1546 1019 1624 οὐχ
1068 1542 1427 1614 ἑκόντος·
1479 1545 1529 1607 εἰ
1577 1542 1644 1607 δέ
1689 1566 1784 1614 τις
1832 1542 1988 1607 θεῶν

536 1649 858 1732 βλάπτοι,
908 1649 1105 1728 Φῦγοι
1153 1647 1271 1714 τᾶν
1315 1651 1417 1729 χώ
1466 1648 1655 1720 κοικὸς
1703 1650 1806 1713 τὸν
1854 1649 2194 1728 κρείσσονα.

280 1752 432 1831 Quid
492 1755 615 1821 hoc
663 1762 761 1820 est
808 1755 975 1840 quod
1021 1756 1187 1820 Aiax
1233 1755 1425 1832 dicit,
1474 1778 1538 1818 se
1583 1755 1773 1818 invito
1818 1754 2113 1841 effugisse
2162 1756 2456 1818 inimicos
2504 1760 2569 1817 et

206 1856 383 1924 salvos
427 1858 745 1926 evasisse?
793 1859 1063 1937 Debuit,
1119 1862 1374 1945 opinor,
1427 1874 1705 1944 perstare
1752 1860 1818 1924 in
1869 1879 1942 1924 ea
1990 1860 2391 1944 metaphora,
2441 1879 2578 1943 qua.

207 1961 291 2027 hic
342 1967 576 2045 utitur,
627 1974 694 2031 et
741 1965 1097 2054 significare
1145 1987 1211 2031 se
1260 1966 1581 2053 fugientes
1627 1968 1925 2032 inimicos
1971 1985 2096 2031 non
2142 1968 2423 2050 potuisse
2469 1986 2568 2029 as-

206 2074 371 2154 sequi.
476 2073 648 2138 Bene
718 2073 960 2137 {actum
1034 2073 1199 2157 quod
1273 2071 1632 2138 Scholiasta
1700 2074 1955 2137 scribit:
2027 2071 2387 2151 γράφεται·
2458 2072 2565 2136 οὐκ

207 2172 442 2255 ἔχοντος.
536 2178 717 2244 Haec
778 2177 969 2243 lectio
1030 2199 1229 2243 manu
1276 2178 1453 2243 ducit
1503 2179 1581 2242 ad
1631 2179 1696 2243 id
1744 2179 1912 2262 quod
1959 2200 2181 2245 verum
2233 2183 2362 2243 est:
2415 2178 2562 2255 ἐμοῦ

208 2280 297 2354 μὲν
349 2286 410 2348 οὐ
472 2283 672 2367 κιχό
686 2309 716 2348 ν
737 2308 819 2349 το
840 2308 886 2353 ς.
956 2283 1116 2349 Vide
1180 2306 1325 2349 eum
1393 2287 1702 2349 aoristum
1765 2287 1986 2350 statim
2054 2292 2195 2371 post
2251 2305 2341 2348 vs.
2395 2281 2558 2349 657:

206 2388 367 2465 χῶρον
412 2387 537 2454 ἔνθ’
588 2391 666 2455 ἂν
717 2389 911 2466 οέςιβῆ
963 2391 1125 2471 κίχω
1177 2394 1241 2454 et
1289 2388 1445 2454 Oed.
1494 2389 1648 2476 Tyr.
1703 2388 1897 2465 1257,
1947 2390 2099 2455 Eur.
2151 2390 2384 2454 Alcest.
2434 2389 2559 2467 22,

212 2490 337 2570 447,
402 2494 666 2583 Hippol.
743 2495 937 2573 1444,
1011 2494 1231 2581 Suppl.
1302 2495 1498 2573 1069,
1562 2494 1791 2560 Helen.
1845 2496 1996 2563 597.
2046 2496 2193 2562 Jam
2240 2495 2563 2562 Homerus

207 2595 373 2662 dixit:
416 2603 505 2678 μή
552 2627 625 2667 σε
673 2601 847 2681 γέρον
897 2605 1163 2683 κοίλῃσιν
1211 2601 1333 2679 ἐγὼ
1383 2600 1557 2682 παρὰ
1608 2601 1776 2674 νηυσὶ
1826 2604 2065 2705 κιχείω.

277 2805 663 2877 Incommode
710 2812 953 2877 dictum
1001 2818 1097 2877 est
1143 2812 1210 2877 id
1260 2812 1428 2897 quod
1476 2811 1758 2899 legimus
1804 2831 1894 2875 vs.
1949 2808 2113 2874 488:

616 2918 740 2995 ἐγὼ
790 2917 843 2982 δ’
889 2916 1210 2997 ἐλευθέρου
1258 2920 1372 2995 μὲν
1424 2916 1649 2997 ἑξέφυν
1697 2919 1955 2995 πατρὸς,

616 3022 783 3105 εἴπερ
829 3025 984 3096 τινὸς
1033 3022 1347 3095 σθένοντος
1394 3027 1458 3088 ἐν
1506 3023 1830 3102 πλούτῳ
1880 3028 2149 3100 Φρυγῶν.

204 3120 309 3190 Hic
361 3130 727 3215 interpretes
787 3131 1007 3196 sedulo
1070 3130 1393 3196 inculcant
1437 3151 1515 3195 ne
1564 3132 1708 3215 quis
1755 3128 2096 3216 Phrygum
2145 3130 2406 3195 divitias
2452 3133 2552 3196 in-

206 3228 455 3319 telligere
496 3235 687 3302 velit:
737 3238 1250 3323 conjungendum
1301 3239 1474 3301 enim
1522 3256 1654 3300 esse
1703 3235 1871 3314 εἴπερ
1917 3235 2075 3305 τινὸς
2117 3243 2366 3314 Φρυγῶν
2404 3236 2551 3302 σθέ·

206 3351 364 3409 νοντας
418 3343 474 3404 ἐν
538 3344 817 3423 πλούτῳ,
886 3344 1112 3408 deinde
1180 3347 1540 3408 asseverant
1599 3344 1811 3428 magis
1874 3362 2066 3426 quam
2115 3342 2552 3409 demonstrant

205 3448 341 3507 reete
399 3446 516 3512 dici
577 3446 815 3513 σθένειν
877 3449 936 3512 ἐν
1003 3450 1273 3531 πλούτῳ.
1373 3449 1554 3528 Quod
1623 3450 1876 3513 etiamsi
1924 3449 2300 3534 concedam,
2349 3471 2550 3535 quum

206 3551 531 3635 neutiquam
581 3555 1053 3620 concedendum
1099 3558 1223 3631 sit,
1274 3554 1613 3620 Tecmessa
1660 3559 1873 3619 tamen
1917 3574 2042 3618 non
2084 3555 2304 3620 debuit
2344 3558 2549 3622 dicere

206 3649 369 3720 fuisse
423 3666 662 3742 patrem
724 3660 1065 3749 Phrygum
1134 3664 1418 3725 omnium
1481 3659 1978 3735 divitissimum,
2029 3661 2138 3725 sed
2186 3682 2331 3726 eum
2380 3664 2548 3748 apud

207 3775 325 3825 Suos
364 3769 629 3833 tenuisse
675 3770 1044 3851 imperium.
1138 3767 1279 3832 Hoc
1328 3767 1507 3831 decet
1554 3769 1801 3854 regiam
1848 3766 2204 3854 virginem:

614 3874 736 3951 ἐγὼ
786 3874 838 3937 δ’
885 3870 1208 3954 ἐλευθέρου
1256 3875 1371 3950 μὲν
1419 3870 1646 3953 ἐξέφυν
1690 3871 1959 3956 πατρὸς,

609 3978 777 4059 εἴπερ
825 3983 982 4052 τινὸς
1031 3978 1350 4051 σθένοντος
1401 3980 1460 4042 ἐν
1508 3978 1747 4042 πόλει
1798 3984 2068 4057 Φρυγῶν,

620 4091 723 4150 νῦν
770 4087 822 4150 δ’
871 4086 997 4162 εἰμὶ
1049 4085 1257 4160 δούλη.

212 4182 288 4247 Ad
346 4194 700 4258 servitutem
765 4192 1012 4258 redacta
1079 4199 1210 4258 est:
1277 4194 1440 4258 hanc
1505 4197 1740 4257 sortem
1804 4191 2125 4276 deplorat3
2175 4192 2285 4257 sed
2332 4193 2551 4259 Aiacis

217 4293 512 4361 concubina
579 4320 658 4364 ne
726 4319 893 4363 nunc
956 4298 1212 4389 quidem
1280 4299 1358 4363 ad
1420 4303 1856 4384 paupertatem
1917 4297 2170 4364 redacta
2215 4306 2331 4364 est.
2424 4299 2548 4365 Sed

216 4409 321 4458 rem
364 4407 526 4469 extra
570 4405 1060 4471 controversiam
1108 4408 1288 4491 ponit
1334 4404 1488 4469 Oed.
1538 4401 1762 4473 Golon.
1815 4402 1981 4471 456:
