3192 5017
1315 316 1557 371 mmo.
2419 262 2422 265 ’
2483 297 2618 369 269

262 489 412 575 quod
453 490 680 556 dicitur
723 489 1009 556 valebit”
1057 491 1210 578 (non
1258 492 1570 558 sententia
1610 490 1909 577 valebit),
1950 494 2370 579 aequabilitas
2408 516 2613 563 mem-

261 597 492 661 brorum
538 596 847 683 violatur3
897 604 1044 663 ante
1082 605 1346 680 oportere
1385 598 1627 683 aliquid
1662 599 1867 675 deest3
1908 598 2095 687 legot
2141 622 2343 689 „nego
2367 602 2614 685 defendi

260 708 515 786 oportere
535 749 552 779 ,
593 723 759 789 nego
800 703 1073 768 obtineri
1113 723 1294 789 posse
1313 751 1328 781 ,
1370 724 1532 790 nego
1560 703 1764 769 ullam
1790 724 1928 769 rem
1951 725 2085 771 esse
2103 754 2121 790 ,
2146 726 2308 791 quae
2331 707 2476 773 aut'’
2508 745 2612 774 —.

260 804 603 872 Subiectum
652 813 799 873 ante
843 809 1095 895 defendi
1138 814 1203 875 et
1248 815 1510 874 obtinere
1557 810 2006 875 assumendum
2050 823 2145 876 est
2182 832 2259 877 ex
2299 816 2612 898 proximis

259 912 421 976 ullam
475 937 591 978 rom
610 961 627 992 ,
696 934 855 999 sqq„
904 936 1067 1003 quae
1113 922 1372 1003 propter
1415 915 1799 1003 anaphoram
1847 916 2315 1003 quodammodo
2363 921 2611 986 variata

261 1025 415 1085 sunt.

337 1233 436 1300 88.
478 1233 929 1302 Scribendum:
999 1237 1158 1320 „hoc
1204 1240 1376 1304 enim
1420 1235 1853 1324 intellegitur:
1904 1254 2075 1302 unns
2115 1254 2432 1304 munolsn
2471 1240 2610 1305 sive

258 1358 326 1403 ex
377 1360 493 1424 quo
551 1342 689 1407 sive
751 1363 788 1406 a
833 1362 958 1426 quo
1005 1340 1168 1408 loce.
1258 1341 1398 1407 Iam
1444 1343 1564 1408 hoc
1610 1359 1691 1407 no
1745 1360 2097 1409 Rns‘rrrues
2147 1342 2420 1429 simplex
2474 1349 2607 1421 est,

254 1445 314 1507 in
373 1466 509 1510 eum
575 1446 788 1512 locum
850 1446 1214 1513 restituas.”
1284 1446 1540 1535 Vulgo:
1613 1468 1691 1532 „a
1752 1469 1875 1533 quo
1922 1448 2060 1514 loco
2106 1465 2189 1514 1³0
2233 1465 2611 1516 assumus.

253 1547 379 1615 Hoc
431 1550 556 1616 iam
617 1553 893 1637 simplex
957 1552 1119 1619 est.”
1215 1551 1520 1638 Superius
1583 1553 1769 1637 (tmde
1829 1553 2123 1639 deiecisti)
2172 1554 2330 1619 duas
2378 1554 2609 1620 admit-

254 1655 406 1721 tebat
459 1658 1037 1743 interpretationem
1105 1680 1170 1722 eo
1229 1664 1511 1723 restituas
1561 1658 1712 1744 (quo
1756 1661 1889 1724 iam
1938 1660 2190 1744 transit)
2240 1679 2365 1725 non
2411 1661 2612 1726 ambi-

251 1782 435 1847 guum
494 1763 791 1850 (simplex)
848 1769 960 1829 est.
1058 1762 1227 1829 Cum
1274 1764 1354 1830 ad
1400 1766 1990 1849 interpretationem
2039 1762 2356 1850 adscripta
2403 1771 2612 1831 essent

252 1871 375 1948 post
410 1890 447 1929 a
477 1889 589 1953 quo
628 1868 753 1932 loco
791 1868 986 1934 verba
1028 1891 1093 1933 eo
1140 1873 1457 1946 restituae,
1507 1889 1623 1934 suo
1668 1868 1806 1934 loco
1854 1869 2091 1933 omissa
2135 1874 2305 1934 sunt.
2354 1870 2454 1935 Ad
2490 1871 2612 1935 iam

251 1970 343 2035 hoc
383 1971 454 2037 cf.
502 1971 680 2038 Verr.
730 1972 782 2038 Ι.
834 1971 1002 2039 117:
1052 1976 1182 2038 iam
1229 1974 1347 2039 hoc
1392 1973 1735 2039 ridiculum
1782 1981 1898 2038 est.
1947 1972 2039 2038 Ib.
2093 1973 2259 2039 111:
2309 1976 2441 2039 iam
2491 1975 2611 2041 hoc

255 2096 540 2165 magnum
610 2079 925 2145 iudicium
995 2079 1332 2145 hominum
1403 2080 1480 2145 de
1549 2078 1737 2145 istius
1799 2078 2114 2167 singulari
2175 2080 2609 2165 improbitate.

254 2180 461 2271 Agrar.
506 2182 585 2249 11.
637 2183 761 2251 26:
811 2187 943 2251 iam
989 2185 1109 2252 hoe
1154 2184 1519 2251 inauditum
1564 2188 1662 2251 est
1706 2188 1771 2251 et
1815 2184 2002 2270 plane
2044 2204 2210 2252 novo
2254 2205 2454 2252 more.

331 2390 432 2458 90.
492 2391 748 2459 Lacuna
795 2398 892 2460 est
939 2396 1008 2459 in
1051 2396 1187 2461 his:
1236 2416 1309 2461 ac
1355 2396 1642 2483 primum
1689 2393 1855 2459 illud
1902 2392 2190 2469 attende,
2242 2398 2305 2459 te
2349 2395 2484 2459 iam
2529 2414 2608 2460 ex

253 2495 351 2562 illa
420 2498 660 2564 ratione
737 2519 871 2564 esse
946 2500 1285 2585 depulsum
1305 2547 1321 2578 ‚
1403 2499 1570 2585 quod
1636 2499 1916 2587 negabas
1984 2518 2372 2583 quemquam
2443 2498 2608 2565 deici

252 2622 441 2686 posse,
508 2604 634 2669 nisi
706 2605 885 2683 inde,
951 2605 1064 2670 ubi
1128 2611 1269 2671 tum
1330 2612 1526 2684 esset;
1590 2611 1710 2669 iam
1763 2626 1933 2687 poree
1978 2602 2283 2668 concedis.-
2329 2626 2458 2667 eum
2501 2605 2609 2690 qui

252 2730 349 2771 non
387 2711 703 2792 poseideat,
750 2733 931 2793 neque
975 2712 1131 2775 deici
1160 2711 1386 2794 posed'.
1435 2711 1653 2777 Nimis
1697 2709 1948 2776 exiliter
1992 2709 2360 2774 enuntiatur
2402 2707 2600 2788 illud,

251 2813 307 2877 in
366 2834 486 2900 qno
553 2815 740 2881 cardo
807 2816 898 2880 rei
967 2821 1093 2894 est,
1169 2817 1312 2901 quis
1365 2816 1564 2899 poerit
1624 2815 1808 2881 deici.
1902 2813 2360 2879 Soribendum:
2433 2816 2604 2896 „iam

248 2938 404 3002 posse
446 2920 736 2987 concedis
783 2941 930 2985 eum
975 2927 1081 3007 qui
1108 2922 1417 3005 possideat
1434 2969 1452 3005 ,
1500 2922 1612 3006 qui
1658 2940 1781 2985 non
1830 2918 2148 3005 possideat
2192 2938 2388 3007 negas
2435 2920 2600 2986 deici

248 3025 458 3107 posse.'’
549 3023 650 3092 Cf.
711 3029 900 3110 paulo
962 3032 1107 3095 ante
1174 3047 1362 3110 „eum
1424 3026 1586 3091 deici
1634 3046 1814 3110 posse
1832 3074 1850 3108 ,
1898 3023 2007 3109 qui
2057 3029 2197 3087 tum
2246 3023 2601 3110 possideat,

248 3131 340 3213 qui
382 3150 503 3198 non
546 3130 902 3217 possideat,
951 3130 1133 3197 nullo
1182 3132 1371 3197 modo
1417 3132 1663 3216 posse.'’
1699 3222 1706 3229 .

320 3339 606 3408 Breviter
666 3344 875 3406 orator
929 3341 966 3424 ξ
1014 3337 1101 3404 94
1147 3344 1212 3405 et
1256 3360 1347 3425 sq.
1398 3342 1708 3425 percurrit
1755 3342 2163 3426 argumenta,
2213 3339 2448 3424 quibus
2493 3339 2605 3406 de-

244 3448 559 3512 monstrari
627 3448 828 3531 possit
889 3442 1228 3511 Caecinam
1291 3465 1521 3531 agrum
1585 3442 1966 3510 Caesenniae
2015 3442 2365 3528 possedisse
2384 3491 2401 3520 ,
2453 3465 2606 3529 quo-

245 3552 397 3616 niam
450 3551 515 3616 id
578 3553 826 3636 proprie
890 3555 1069 3615 extra
1134 3569 1390 3615 causam
1454 3550 1574 3626 sit,
1622 3548 1732 3614 sed
1779 3555 1994 3613 tamen
2042 3569 2190 3614 eum
2212 3597 2232 3633 ‚
2279 3549 2460 3614 cuius
2506 3570 2606 3616 res

247 3658 472 3742 agitur,
546 3657 690 3723 vult
756 3656 1304 3741 recuperatoribus
1372 3654 1727 3721 conciliare.
1823 3653 2076 3719 Omissa
2143 3660 2294 3719 sunt
2354 3657 2421 3719 in
2486 3656 2606 3721 hac

246 3759 535 3829 brevitate
603 3783 764 3848 quae
833 3764 972 3828 iure
1041 3761 1502 3827 desiderentur:
1571 3762 1874 3838 „tametsi
1933 3765 2113 3825 extra
2171 3779 2424 3826 causam
2478 3764 2574 3826 est
2587 3807 2608 3845 ,

247 3885 581 3948 percurram
644 3873 859 3933 tamen
905 3867 1084 3932 brevi
1104 3914 1121 3943 ‚
1170 3870 1246 3932 ut
1291 3887 1415 3931 non
1461 3868 1678 3931 minus
1725 3865 2055 3931 hominem
2101 3867 2315 3951 ipsum
2364 3866 2609 3941 <resti-

248 3973 502 4042 tutum>
550 3992 740 4057 quam
787 3973 892 4036 ius
935 3991 1274 4036 commune
1314 3971 1646 4037 defensum
1695 3969 1979 4036 velitis.”
2071 3969 2288 4035 Homo
2328 3970 2458 4035 iam
2501 3968 2607 4035 de·

250 4073 625 4153 fendebatur;
691 4076 811 4142 hoc
872 4076 1274 4160 („hominem
1337 4076 1727 4161 defensum”)
1777 4080 1994 4160 optare
2046 4074 2246 4162 (velle)
2296 4093 2421 4138 non
2467 4095 2606 4160 pos-

251 4187 376 4246 sunt
418 4188 918 4268 recuperatores3
965 4184 1182 4266 itaque
1227 4181 1470 4267 aliquid
1520 4182 1790 4248 addatur
1837 4200 2087 4246 necesse
2133 4185 2264 4263 est,
2315 4179 2494 4245 velut
2536 4180 2605 4246 id

251 4287 392 4367 quod
437 4288 604 4355 dedi.
705 4286 1163 4365 „Caesenniam
1209 4288 1561 4373 possedisse
1606 4293 1863 4373 propter
1909 4306 2102 4350 usum
2150 4284 2432 4350 fructum
2481 4305 2604 4351 non

251 4410 456 4480 negas:
526 4395 637 4479 qui
706 4392 967 4460 colonus
1029 4393 1258 4460 habuit
1318 4393 1703 4460 conductum
1767 4393 1846 4459 de
1907 4389 2254 4458 Caesennia
2296 4391 2604 4477 fundum,
