3192 5017
1246 328 1578 377 armanus.
2474 308 2607 375 223

258 510 265 519 '
313 501 454 567 Lib.
502 501 618 569 IV.
670 501 778 569 39.
825 497 934 566 94.
989 500 1023 574 ἧ
1078 500 1132 565 δ’
1182 496 1354 565 ὅπΟΙ
1404 506 1522 578 γῆς
1574 499 1698 567 ἐςὶν
1749 503 1777 564 ὁ
1826 500 1972 580 άνὺρ
2021 500 2380 579 ἐπιγνοῦσα.
2464 501 2602 567 Im-

224 611 411 693 periti
475 610 716 676 scribae
780 603 928 671 ὅπου
989 611 1056 672 et
1101 602 1234 671 ὅποι
1283 604 1663 672 confundere
1711 606 1954 685 solent,
2001 626 2393 691 quamquam
2441 607 2607 673 nihil

226 719 320 778 est
380 714 631 779 facilius
696 734 887 800 quam
952 732 1027 777 ea
1089 712 1439 778 discernere
1459 759 1474 789 ‚
1535 717 1611 776 ut
1658 717 1761 774 ubi
1807 719 1872 778 et
1917 735 2050 798 quo.
2158 713 2268 777 Ubi
2313 720 2608 778 terrarum

225 820 335 882 sim
377 821 573 885 nescio
619 821 855 886 dicitur
901 824 976 884 ut
1028 818 1197 903 apud
1245 818 1736 902 Aristophanem
1785 821 1854 883 in
1900 822 2131 884 Avibus
2173 839 2267 886 vs.
2319 818 2380 884 9.

631 928 781 991 ἀλλ’
829 925 951 990 οὐδ’
1000 922 1036 988 ὅ
1047 946 1194 988 που
1244 932 1359 1002 γῆς
1410 924 1597 1000 ἐσμὲν
1647 920 1756 988 οἶδ’
1807 922 2006 1002 ἔγωγ’
2057 922 2168 989 ἔτι.

227 1031 337 1096 ubi
398 1034 467 1096 in
531 1035 775 1117 optimo
838 1030 1208 1098 Ravennate
1255 1032 1529 1115 pessime
1577 1032 1890 1115 scriptum
1941 1038 2036 1096 est
2081 1030 2261 1095 οὐδὲ
2308 1038 2449 1095 ποῖ
2490 1038 2608 1109 γῆς

227 1136 431 1214 ἐσμέν.

314 1353 452 1419 Lib.
520 1350 624 1415 IV.
691 1351 797 1415 41.
864 1348 970 1415 98.
1023 1354 1305 1414 ’Ὄππιον
1370 1350 1430 1414 δὲ
1478 1349 1505 1413 ὂ
1555 1348 1679 1424 υἱὸς
1731 1349 1845 1414 ὑπὸ
1899 1350 2096 1429 γήρως
2147 1349 2608 1419 άσθενεςάτΟΤ

225 1459 423 1535 μένειν
472 1458 763 1523 ἐθέλοντα
810 1455 1024 1537 ἔφερεν
1071 1457 1171 1520 ἐπὶ
1221 1460 1327 1520 τοῦ
1378 1456 1688 1532 σώματος.
1781 1456 1924 1521 Non
1973 1465 2273 1529 senectus,
2329 1458 2439 1524 sed
2486 1456 2614 1543 Op·

224 1567 366 1648 pius
427 1570 563 1630 erat
624 1561 1027 1632 άσθενέςατος
1047 1610 1065 1646 ,
1129 1562 1543 1646 quamobrem
1608 1562 1853 1649 corrige
1922 1562 2035 1628 ὑπὸ
2105 1564 2301 1644 γήρως
2363 1562 2611 1630 άσθενέ-

226 1678 498 1736 τατΟΝ.

313 1878 459 1946 Lib.
508 1877 618 1944 IV.
669 1878 777 1945 43.
832 1878 938 1945 53.
987 1881 1096 1946 καί
1142 1902 1280 1946 τινα
1321 1880 1679 1960 πρεσβύτην
1719 1879 2171 1947 ΠΡΟοδεύοντα
2196 1883 2613 1964 ΠΡΟδραμὼν

224 1985 576 2051 ἀπέκτεινε.
670 1985 956 2071 Utraque
1004 1988 1384 2072 praepositio
1431 1987 1732 2053 mendosa
1778 1992 1893 2052 est.
1994 1986 2369 2075 Legendum
2420 1998 2615 2056 ΠΛΡ-

228 2091 510 2158 οδεύοντα
579 2092 1064 2172 ΠΡΟΟδραμών.
1159 2090 1387 2159 Senem
1447 2097 1610 2158 forte
1647 2101 2119 2176 praetereuntem
2166 2094 2417 2161 occidit.
2517 2096 2615 2163 De

232 2199 448 2265 eodem
520 2198 758 2263 dicitur
821 2205 963 2283 post
1025 2219 1249 2284 pauca:
1304 2206 1421 2263 τῶν
1469 2199 1736 2263 ὁπλιτῶν
1783 2200 1859 2269 ὥς
1907 2200 2267 2281 άνδροφόνον
2314 2201 2616 2266 ὅδοιπό·

228 2327 353 2384 ρου
398 2304 833 2386 περισχόντων.
906 2305 1117 2369 Viator
1164 2306 1492 2385 παροδίτης
1542 2310 1608 2369 et
1654 2305 1952 2386 ὅδοίπορος
2000 2308 2357 2391 promiscue
2404 2307 2615 2393 appel·
2675 2300 2688 2312 ’

229 2409 399 2477 latur
445 2417 513 2478 et
560 2410 818 2496 perinde
867 2416 964 2476 est
1009 2411 1329 2492 ὁδοιπορεῖν
1376 2418 1440 2476 et
1486 2409 1766 2490 παριέναι
1812 2416 1877 2477 et
1924 2411 2299 2490 παροδεύειν.

198 2626 211 2637 “
320 2619 465 2687 Lib.
516 2619 624 2685 IV.
680 2619 786 2684 46.
841 2621 944 2685 11.
1010 2620 1148 2691 τοὺς
1198 2619 1523 2697 δεσμώτας
1575 2618 1819 2694 ἐξέλυον
1865 2620 1969 2684 καὶ
2018 2622 2158 2693 τοὺς
2206 2621 2618 2701 άποδράΟΑν-

230 2747 344 2797 τας
404 2726 757 2805 συνέλεγον.
853 2726 979 2792 Pro
1042 2727 1268 2791 formis
1330 2729 1610 2810 antiquis
1671 2730 1736 2789 et
1797 2726 2012 2809 probis
2078 2726 2387 2811 άπέδραν,
2455 2731 2618 2793 άπο-

233 2827 482 2907 δρᾶναι,
548 2829 817 2910 άποδράς
869 2833 1103 2897 vitiosa
1150 2833 1426 2906 συνήθεια
1479 2830 1937 2896 Graeculorum
1987 2832 2417 2898 substituebat
2463 2833 2617 2898 άπέ-

232 2935 465 3016 δρασα,
533 2937 921 3017 άποδρᾶσαι,
986 2937 1369 3018 άποδράσας.
1463 2936 1831 3021 Appianum
1882 2939 1992 3020 qui
2029 2939 2276 3021 passim
2324 2940 2618 3023 antiquas

232 3042 467 3109 formas
533 3063 835 3129 usurpare
896 3043 1089 3127 solet,
1162 3052 1225 3107 et
1287 3044 1404 3108 hoc
1452 3042 1589 3108 loco
1637 3040 2027 3121 ἀποδράντας
2076 3045 2398 3127 scripsisse
2443 3044 2618 3110 vide-

233 3153 373 3233 tur,
439 3156 506 3216 et
567 3148 641 3213 V.
709 3148 855 3213 131.
924 3148 1032 3214 28.
1099 3146 1220 3214 ὅσοι
1270 3149 1441 3228 παρὰ
1492 3149 1603 3221 τὴν
1650 3147 1832 3216 τάσιν
1880 3147 2392 3228 ἀποδράντες
2442 3149 2620 3230 ἐτρα-

231 3254 506 3334 τεύοντο,
558 3275 673 3341 pro
718 3254 1203 3334 άποδράσαντες.

324 3464 466 3530 Lib.
517 3463 624 3529 IV.
675 3464 782 3532 47.
833 3464 937 3530 35.
991 3464 1355 3537 Οὐολούσιος
1386 3502 1467 3514 ——
1494 3465 1680 3544 φίλον
1720 3466 2012 3544 ὅργιαςὺν
2050 3465 2416 3539 τῆς.Ἴσιδος
2457 3465 2619 3547 ἔχων

236 3570 425 3650 ᾔτησε
488 3574 598 3645 τὴν
662 3574 845 3646 τολὺν
902 3572 1006 3635 καὶ
1073 3571 1190 3644 τὰς
1239 3571 1446 3643 ὀθόνας
1495 3569 1661 3635 ἐνέδυ
1709 3568 1828 3642 τὰς
1878 3569 2149 3651 ποδήρεις
2198 3570 2304 3636 καὶ
2352 3574 2463 3646 τὴν
2511 3575 2619 3637 τοῦ

237 3676 407 3749 κυνὸς
455 3680 745 3757 κεφαλὴν
791 3676 1118 3743 ’euboea-0.
1168 3676 1433 3744 Veteres
1479 3679 1546 3742 in
1586 3697 1662 3742 ea
1698 3697 1766 3742 re
1804 3698 2158 3762 numquam
2201 3677 2388 3744 aliter
2426 3698 2621 3763 quam

235 3783 601 3849 ΠΕΡῙέθετο
675 3784 1006 3862 dicebant,
1083 3783 1424 3861 περιθέσθαι
1486 3790 1889 3862 προσωπεῖον,
1956 3782 2268 3867 τέφανον,
2331 3784 2496 3880 unde
2558 3789 2622 3849 et

240 3894 494 3969 κεφαλὴ
575 3891 876 3969 περίθετος
941 3891 1197 3955 dicitur.
1295 3890 1627 3974 Sequiores
1692 3890 1884 3956 verbo
1950 3891 2282 3974 aptissimo
2346 3894 2411 3954 et
2473 3909 2620 3954 cum

237 4001 467 4061 natura
513 3998 601 4063 rei
650 3998 1027 4083 congruenti
1077 3996 1477 4061 substituunt
1525 3993 1856 4060 ἐπιθέσθαι.

332 4200 474 4265 Lib.
524 4200 629 4266 IV.
680 4200 782 4265 66.
838 4200 942 4268 27.
996 4225 1171 4285 quum
1226 4202 1469 4268 Caesius
1515 4203 1743 4287 infesto
1791 4202 2052 4266 exercitu
2091 4202 2360 4266 Rhodios
2389 4211 2622 4285 peteret

245 4306 291 4368 oi
343 4307 455 4383 μὲν
502 4309 561 4371 ἐν
614 4308 779 4385 λόγῳ
829 4344 908 4355 -
956 4306 1368 4394 ἐδεδοίκεσαν,
1419 4310 1447 4373 ὃ
1495 4308 1560 4372 δὲ
1607 4307 1758 4380 λεὼς
1808 4307 2392 4388 ἐμεγαλοφρονεῖτο,
2442 4309 2619 4374 ἐπεὶ

247 4411 307 4474 οἱ
385 4411 489 4477 καὶ
563 4418 848 4477 παλαιῶν
916 4410 1104 4493 ἔργων
1177 4415 1320 4494 πρὸς
1391 4416 1512 4495 οὐχ
1588 4413 1825 4490 ὁμοίους
1900 4411 2121 4494 ἄνδρας
2196 4415 2620 4494 ἐμνημόνευον.
