3192 5017
1270 323 1635 373 nmmum.
2533 301 2662 371 125

271 492 436 559 nihil
499 514 536 558 a
593 493 774 559 nobis
840 514 962 559 non
1025 494 1420 579 impetrabis.
1474 494 1854 577 Ἀτυχήσεις
1909 513 1986 558 ex
2034 491 2343 558 seriorum
2391 509 2663 576 pronun-

270 602 535 668 tiatione
583 599 771 667 facile
815 602 882 666 in
930 599 1207 677 ἀδικήσει
1255 603 1524 668 transire
1569 605 1838 687 poterat.

363 852 515 923 970.
772 859 931 942 τάχ’
979 861 1213 927 εἴσεται
1263 861 1497 943 σίδηρος
1548 853 1611 927 ὃν
1661 860 1798 941 πρὶν
1845 862 1907 935 ἐς
1958 860 2209 942 Φρύγας

735 965 979 1047 ἐλθεῖν,
1028 969 1216 1051 φόνου
1264 976 1509 1044 κηλῖσιν
1558 966 1828 1046 αἵματος
1875 972 2087 1050 χρανῶ
2136 968 2266 1032 κτὲ.

268 1066 416 1134 Non
474 1073 692 1138 minus
750 1080 920 1140 reete
982 1073 1221 1142 dieitur
1284 1073 1471 1157 φόνου
1537 1082 1781 1152 κηλῖσιν
1828 1095 2019 1160 quam
2069 1080 2308 1150 κηλῖσιν
2355 1070 2623 1151 αἵματος
2647 1122 2664 1156 ,

270 1174 380 1239 sed
450 1177 649 1243 simul
718 1185 782 1245 et
842 1180 1028 1262 Φόνου
1091 1187 1154 1247 et
1217 1178 1486 1260 αἵματος
1551 1202 1678 1249 non
1746 1180 1931 1248 oredo
1977 1180 2381 1248 substantivo
2426 1186 2666 1256 κηλῖσιν

271 1286 478 1368 aptari
524 1305 725 1370 posse.
820 1288 1042 1374 Itaque
1090 1290 1182 1354 sio
1231 1290 1748 1356 emendaverim:

1466 1387 1526 1459 ὃν
1574 1394 1712 1474 πρὶν
1759 1395 1818 1465 ές
1869 1400 2119 1475 Φρυγῶν

823 1498 1032 1565 ἐλθεῖν
1077 1500 1299 1581 φόνον,
1351 1509 1592 1575 κηλῖσιν
1645 1498 1914 1579 αἵματος
1959 1502 2190 1583 χρανῶ.

367 1753 641 1822 Leviora
664 1806 679 1834 ,
731 1757 841 1823 sed
889 1763 1108 1825 tamen
1151 1779 1277 1825 non
1323 1779 1577 1846 prorsus
1627 1758 1976 1846 spernenda
2021 1758 2177 1825 haeo
2222 1764 2408 1824 sunt:

568 1870 672 1926 ῙΦ.
723 1861 850 1928 εἴθ’
901 1861 971 1939 ἦν
1018 1865 1209 1930 καλόν
1254 1889 1356 1944 μοι
1410 1868 1506 1933 σοι’
1548 1866 1611 1931 τ’
1662 1864 1845 1939 ἄγειν
1893 1864 2218 1944 σύμπλουν
2267 1864 2401 1943 ἐμέ.

363 1964 518 2034 667.
569 1978 700 2034 ΛΓ.
748 1970 945 2063 αἰτεῖς
994 1994 1089 2048 τι,
1140 1972 1244 2036 καὶ
1294 1971 1383 2037 σοὶ
1434 1977 1629 2044 πλοῦς
1677 1969 1772 2038 ἵνα
1822 1972 2040 2048 μνήσει
2088 1970 2342 2051 πατρός.

267 2072 398 2140 Pro
455 2076 671 2159 inepto
717 2077 911 2149 αἰτεῖς
963 2101 1021 2142 τι
1070 2078 1390 2144 Porsonus
1436 2079 1614 2144 dedit
1660 2076 1753 2144 ἔτ’
1805 2077 1974 2154 ἔστη
2021 2077 2130 2143 sed
2176 2078 2475 2163 quoniam
2523 2097 2663 2163 par-

270 2179 508 2246 ticulae
560 2180 649 2245 ἔτι
697 2182 803 2248 hio
848 2182 1024 2249 locus
1068 2205 1193 2251 non
1241 2191 1374 2270 est,
1423 2185 1647 2253 malim

682 2287 813 2353 ἔστ’
860 2288 989 2355 ἔστι
1036 2292 1142 2356 καὶ
1191 2292 1280 2357 σο)
1331 2296 1525 2365 πλοῦς
1573 2289 1674 2356 ἵνα
1722 2294 1937 2369 μνήσει
1992 2288 2246 2369 πατρός.

368 2543 563 2610 1192.
683 2547 835 2625 ἥκων
885 2547 942 2615 δ’
994 2550 1054 2622 ἐς
1096 2553 1333 2629 νΑργος
1383 2559 1717 2631 προςπεσεῖ
1759 2550 2019 2616 τέκνοισι
2069 2558 2232 2627 σοῒς;

681 2656 829 2721 ἀλλ’
878 2657 942 2721 οὔ
990 2654 1175 2734 θέμις
1224 2681 1337 2722 σοι.
1387 2658 1480 2731 τίς
1530 2658 1594 2723 δὲ
1642 2647 1746 2721 καὶ
1799 2655 2267 2746 προςβλέψετοιι

679 2763 912 2828 παίδων
962 2764 1018 2826 σ’
1068 2759 1138 2827 ἵν’
1186 2763 1389 2828 αὐτῶν
1435 2765 1560 2829 κτέ.

266 2867 368 2933 Ne
415 2872 630 2954 pereat
676 2868 1000 2954 emphasis
1046 2870 1509 2957 conjunctionis
1557 2870 1664 2935 καὶ
1715 2868 1968 2935 malim:

1334 2977 1429 3049 τίς
1478 3001 1548 3041 σε
1596 2976 1703 3041 καὶ
1753 2972 2250 3057 προςβλέψεται,

803 3082 1038 3147 παίδων
1087 3080 1158 3147 ἵν’
1208 3083 1411 3148 αὐτῶν
1461 3084 1591 3149 κτὲ.

370 3342 616 3408 Hecuba
662 3340 793 3407 566
815 3344 906 3420 ‘in
952 3344 1308 3409 narratione
1354 3342 1432 3408 de
1476 3341 1844 3428 Polyxenae
1892 3337 2233 3408 sacrificio:

462 3449 489 3513 ό
536 3450 589 3514 δ’
638 3447 1144 3535 (Neoptolemus)
1197 3452 1261 3514 οὐ
1311 3447 1514 3514 θέλων
1559 3473 1633 3513 τε
1682 3449 1786 3514 καὶ
1836 3445 2036 3513 θέλων
2085 3445 2266 3526 οἴκτῳ
2313 3444 2485 3528 κόρης

455 3553 669 3632 τέμνει
717 3555 931 3636 σιδήρῳ
980 3556 1336 3632 πνεύματος
1387 3554 1688 3635 διαρροάς.

270 3662 444 3743 Quid
487 3664 556 3727 in
601 3661 704 3726 his
750 3662 961 3728 verbis
1008 3663 1243 3728 inesset
1287 3663 1547 3729 absurdi
1593 3664 1837 3748 optime
1883 3663 2082 3728 sensit
2122 3660 2511 3737 Rufinus,
2552 3659 2673 3725 ita-

271 3789 398 3855 que
445 3770 734 3854 scripsit:

730 3874 757 3939 ὃ
807 3873 861 3938 δ’
909 3871 1006 3939 οὖν
1056 3872 1255 3940 θέλων
1304 3900 1377 3941 τε
1424 3877 1530 3941 κοῦ
1577 3873 1779 3941 θέλων
1829 3874 2010 3956 οἴκτῳ
2058 3872 2233 3963 κόρης

734 3980 942 4059 τέμνει
993 3982 1207 4063 σιδήρῳ
1255 3981 1614 4060 πνεύματος
1667 3982 1966 4063 διαρροάς.

272 4086 401 4154 Sed
466 4086 573 4154 vel
630 4090 721 4152 sic
785 4107 1036 4173 quoque
1100 4090 1294 4154 verba
1354 4088 1531 4170 οἴκτῳ
1599 4088 1769 4166 κόρης
1819 4088 2007 4174 plane
2056 4086 2376 4153 inutiliter
2424 4091 2488 4152 et
2536 4087 2672 4152 lan·

272 4193 472 4282 guido
535 4193 892 4269 adduntur,
959 4200 1024 4260 et
1065 4215 1322 4261 omnem
1372 4199 1507 4262 vim
1557 4197 1900 4262 verborum
1947 4191 2147 4259 θέλων
2197 4217 2267 4257 τε
2315 4197 2420 4259 κοῦ
2467 4191 2671 4258 θέλων

278 4298 533 4366 tollunt.
630 4300 781 4365 Alia
850 4322 1003 4387 ergo
1072 4301 1347 4378 medela,
1425 4321 1623 4388 eaque
1691 4300 1902 4367 multo
1965 4300 2168 4368 lenior
2230 4300 2397 4366 mihi
2458 4305 2673 4390 magis

275 4404 518 4496 placet:
563 4407 777 4471 omnia
817 4426 931 4473 suo
970 4406 1106 4474 loeo
1146 4407 1470 4498 relinquo,
1512 4413 1576 4474 et
1618 4428 1730 4494 pro
1777 4413 2088 4474 ΟΙΚΤΩΙ
2114 4405 2261 4495 lego
2291 4414 2670 4474 ΘΗΚΤΩΙε
