3192 5017
472 294 605 362 406
1550 312 1782 363 mvms.

556 487 762 567 Quam
834 487 1049 552 infesti
1113 486 1340 553 Perseo
1406 486 1675 552 Romani
1738 490 1865 552 iam
1932 492 2076 553 ante
2137 486 2446 552 Eumenis
2504 486 2855 554 adventum

467 596 701 658 fuerint
769 593 1044 658 ostendit
1115 594 1338 659 Livius
1406 592 1511 677 42,
1578 593 1658 658 6:
1721 593 2060 658 Marcellus
2125 631 2206 642 -
2275 595 2529 659 Achaeis
2588 596 2857 659 edixerat

465 709 820 764 conventum.
880 738 960 747 —
1024 699 1255 781 insiyne
1315 701 1596 763 adversus
1657 705 1881 764 Persea
1939 701 2139 765 odium
2202 700 2598 763 Romanorum
2648 700 2807 785 fecit
2825 745 2842 772 ,

461 808 620 892 quod
665 817 731 869 ut
775 806 1073 869 maturius
1130 815 1452 889 erumperet
1498 808 1787 873 Eumenes
1835 831 1939 873 rex
1985 808 2229 872 Romam
2278 808 2452 870 venit.
2505 805 2844 871 Marcellus

464 913 530 977 id
592 915 728 1000 egit
793 933 953 977 anno
1007 912 1134 978 173
1182 920 1247 979 et
1292 934 1454 979 anno
1501 921 1801 999 sequente
1852 914 1923 979 O.
1973 913 2225 999 Popilio
2273 914 2348 978 P.
2399 911 2577 978 Aelio
2624 932 2851 977 consu·

463 1018 635 1083 libus
696 1018 967 1084 Romam
1035 1022 1210 1084 venit
1272 1018 1589 1085 Eumenes
1651 1022 1919 1085 crimina
1979 1021 2056 1085 de
2115 1019 2346 1085 Perseo
2412 1018 2694 1084 deferens
2740 1017 2850 1083 sed

466 1145 628 1189 vana
698 1130 763 1189 et
831 1124 1025 1202 falsa,
1099 1125 1331 1209 quibus
1401 1146 1466 1190 se
1538 1125 1789 1191 credere
1857 1132 2113 1191 senatus
2175 1124 2483 1190 simulans
2549 1122 2742 1203 (λόγῳ
2801 1119 2849 1187 ἃ

466 1229 807 1308 προῦτεινεν
854 1231 882 1294 ὅ
930 1230 1209 1305 Εὐμένης
1259 1231 1622 1314 αἰτιωμένη)
1682 1231 1924 1296 bellum
1976 1232 2204 1296 Perseo
2251 1230 2421 1295 ultro
2468 1233 2697 1295 inferre
2743 1229 2850 1293 de·

466 1340 688 1403 crevit.
786 1337 1009 1421 Itaque
1057 1339 1090 1410 ἦ
1139 1342 1245 1402 τοῦ
1297 1338 1569 1411 πολέμου
1618 1339 1792 1402 αἰτίαι
1843 1344 2021 1403 erant
2068 1345 2322 1402 senatus
2358 1336 2743 1421 suspiciones
2781 1340 2847 1400 et

467 1444 646 1527 odia,
700 1444 731 1515 ἦ
777 1442 839 1506 δὲ
888 1448 991 1507 τοῦ
1042 1443 1314 1519 πολέμου
1363 1443 1667 1522 πρόφασις
1723 1443 2027 1508 Eumenis
2076 1443 2364 1508 crimina.

557 1550 826 1614 Perseus
889 1548 1059 1614 ultro
1113 1548 1453 1615 lacessitus
1491 1550 1568 1614 de
1616 1549 1784 1614 bello
1831 1549 2137 1615 Romanis
2180 1548 2504 1614 inferendo
2551 1569 2630 1613 ne
2680 1549 2854 1634 cogi-

468 1656 645 1721 tabat
707 1655 964 1738 quidem
989 1702 1004 1731 ,
1066 1675 1214 1719 nam
1279 1657 1329 1720 si
1395 1656 1513 1721 hoc
1570 1656 1896 1720 habuisset
1956 1655 2021 1720 in
2081 1657 2296 1720 animo
2344 1675 2456 1719 cur
2502 1655 2854 1738 septimum

468 1763 595 1825 iam
671 1782 907 1824 annum
974 1766 1115 1845 post
1175 1763 1374 1845 patris
1435 1768 1710 1826 mortem
1761 1762 2122 1846 quiescebat
2167 1763 2483 1825 maximas
2528 1760 2744 1843 copias
2792 1765 2860 1822 et

465 1870 760 1955 ingentes
824 1866 975 1931 belli
1044 1873 1383 1952 apparatus
1446 1873 1698 1953 paratos
1755 1864 2034 1933 babens?
2081 1867 2452 1951 Numquam
2502 1883 2625 1929 non
2674 1883 2857 1949 spem

466 1975 640 2058 pacis
702 1973 987 2038 tentabat
1048 1976 1245 2038 etiam
1314 1994 1511 2057 quum
1560 1974 1994 2040 Romanorum
2044 1973 2355 2038 exercitus
2401 1974 2468 2037 in
2515 1969 2856 2037 Graeciam

470 2079 838 2164 deportatus
912 2086 1095 2145 esset.
1191 2079 1465 2168 Legatos
1533 2082 1645 2165 qui
1705 2083 1973 2146 crimina
2031 2085 2378 2166 purgarent
2439 2087 2503 2144 et
2562 2078 2641 2142 de
2700 2096 2860 2161 pace

468 2192 732 2271 agerent
777 2187 1033 2249 mittere
1080 2206 1204 2249 non
1254 2186 1502 2251 destitit
1549 2194 1613 2251 et
1660 2189 1795 2271 ipse
1842 2208 2050 2251 coram
2092 2206 2237 2250 cum
2275 2184 2507 2272 legatis
2544 2183 2859 2249 Romanis

469 2292 734 2377 agebat,
783 2293 977 2356 etiam
1026 2290 1366 2377 largitione
1414 2290 1756 2358 Consulem
1810 2292 2171 2357 Romanum
2220 2310 2620 2374 corrumpere
2668 2308 2859 2353 cona-

469 2402 575 2462 tus
637 2402 732 2461 est
791 2397 981 2462 modo
1041 2396 1252 2461 multa
1314 2396 1640 2483 pollicitus
1689 2399 1877 2465 modo
1922 2401 2085 2463 iram
2134 2402 2390 2462 senatus
2437 2397 2811 2480 deprecatus
2836 2443 2853 2470 ‚

468 2503 576 2567 sed
640 2502 939 2586 perdebat
1002 2523 1253 2588 operam
1320 2523 1573 2569 omnem
1601 2555 1615 2580 ‚
1668 2507 1818 2588 quia
1865 2504 2167 2569 Romanis
2214 2510 2457 2568 certum
2508 2506 2573 2566 et
2619 2503 2855 2566 consti-

468 2615 681 2672 tutum
752 2613 886 2673 erat
954 2609 1229 2694 suspecti
1302 2611 1420 2674 sibi
1498 2617 1562 2675 et
1634 2611 1832 2677 odiosi
1898 2613 2068 2698 regis
2131 2630 2280 2693 opes
2342 2611 2724 2673 imminuere
2785 2615 2858 2671 et

464 2717 752 2802 frangere
830 2716 1349 2800 proferebantque
1415 2720 1569 2782 satis
1643 2717 2047 2801 impudenter
2116 2716 2423 2781 Eumenis
2494 2713 2852 2779 calumnias

464 2824 645 2906 quasi
692 2821 936 2906 aliquid
984 2822 1276 2906 ponderis
1321 2823 1646 2888 haberent.

552 2928 828 2993 Minime
891 2928 1258 2993 mirandum
1324 2937 1419 2993 est
1468 2927 1708 2994 multos
1756 2935 1893 2993 tum
1947 2929 2140 2993 fuisse
2187 2931 2297 3012 qui
2343 2927 2666 2992 crederent
2713 2924 2854 2991 Eu-

460 3037 666 3099 menis
723 3036 997 3099 crimina
1061 3041 1124 3098 et
1189 3034 1539 3100 calumnias
1587 3056 1843 3100 causam
1894 3034 2044 3100 belli
2097 3035 2479 3119 praebuisse.
2574 3031 2850 3097 Senatus

461 3143 629 3205 enim
679 3142 1065 3225 suspiciones
1112 3146 1176 3204 et
1216 3141 1361 3205 odia
1399 3140 1652 3205 silentio
1690 3140 2204 3217 occultabantur,
2251 3139 2558 3204 Eumenis
2580 3137 2854 3203 crimina

460 3249 753 3313 omnibus
823 3254 1000 3312 erant
1069 3252 1219 3311 nota
1340 3248 1510 3312 Audi
1582 3251 1795 3332 ipsum
1867 3248 2169 3311 Perseum
2235 3267 2380 3310 cum
2445 3245 2691 3310 Marcio
2751 3246 2848 3308 sic

460 3359 753 3437 agentem
828 3352 996 3433 (Liv.
1051 3353 1159 3427 42,
1213 3352 1367 3427 42):
1434 3355 1541 3417 ced
1600 3356 1857 3418 nondum
1905 3353 2150 3416 Romam
2197 3360 2501 3415 accusator
2551 3352 2846 3415 Eumenes

464 3469 737 3535 venerat,
801 3464 906 3541 qui
963 3460 1381 3524 calumniando
1437 3461 1634 3524 omnia
1680 3461 2188 3544 detorquendoque
2234 3465 2498 3539 suspecta
2547 3465 2603 3521 et
2648 3458 2840 3520 invisa

460 3566 724 3647 efficeret.
781 3564 946 3628 Audi
996 3572 1060 3628 et
1109 3565 1393 3653 legatum
1447 3566 1660 3630 Persei
1707 3568 1774 3630 in
1823 3566 2002 3631 curia
2045 3568 2138 3630 ita
2188 3565 2499 3628 dicentem
2539 3564 2836 3648 (Appian.

463 3670 698 3733 Maced.
750 3669 861 3733 IX.
916 3668 1011 3754 3):
1080 3673 1195 3743 τοὶς
1263 3675 1556 3746 συνθήκας
1609 3674 1775 3749 αὐτῷ
1826 3672 2105 3756 (Perseo)
2152 3671 2322 3748 μετὰ
2370 3674 2546 3734 τοῦτο
2594 3672 2843 3734 ἀνενεώ-

460 3777 650 3839 σασθε
718 3774 925 3838 οὔπω
991 3776 1532 3852 διαβαλόντος
1595 3776 2028 3853 Εὐμένους.
2097 3784 2161 3842 et
2221 3782 2365 3861 post
2428 3793 2658 3861 pauca:
2733 3776 2838 3839 καὶ

460 3886 668 3946 ταῦτα
730 3880 863 3958 πρὶν
931 3882 1069 3957 ὑμῖν
1134 3885 1408 3961 ἡμέτεροι
1473 3883 1762 3961 πρέσβεις
1828 3883 2078 3960 ἐμήνυον
2144 3884 2246 3946 καὶ
2311 3883 2418 3947 οὐκ
2482 3882 2844 3962 ἐμέμφεσθε

459 3986 712 4065 μέχρι
786 3996 928 4061 τῆς
999 3989 1415 4064 Εὐμένους
1490 3990 1913 4066 διαβολῆς.
1965 3996 2028 4054 et
2089 3988 2201 4053 IX.
2255 3989 2325 4053 4:
2395 3988 2671 4064 Εὐμένης
2739 3989 2842 4051 ὑπ’

461 4091 687 4172 ἔχθρας
758 4117 827 4154 τε
901 4092 1005 4157 καὶ
1080 4093 1298 4171 Φθόνου
1363 4097 1467 4160 καὶ
1533 4095 1696 4167 δέους
1760 4095 1891 4160 οὐδὲ
1954 4095 2141 4159 ταῦτ’
2190 4096 2447 4169 ὤκνησεν
2495 4094 2841 4172 ἐγκαλέσαι

462 4205 689 4276 Περσεῖ
745 4194 834 4262 ὅτι
900 4201 1023 4263 κτὲ.
1089 4210 1151 4265 et
1214 4204 1277 4266 in
1341 4202 1462 4266 fine
1523 4204 1852 4268 orationis:
1904 4203 1967 4266 οὐ
2016 4203 2141 4282 γὰρ
2191 4201 2357 4276 ἄξιον
2403 4205 2476 4271 ὡς
2533 4201 2836 4275 Εὐμένους

461 4304 565 4367 καὶ
618 4304 805 4380 ὑμῶν,
861 4314 1065 4389 patres
1110 4311 1483 4393 conscripti,
1537 4304 1848 4373 ἅπτεσθαι
1896 4309 2111 4385 Φθόνον
2161 4307 2264 4372 καὶ
2305 4306 2525 4385 Φόβον.
2574 4308 2842 4372 Perseus

460 4430 655 4494 quum
709 4414 1004 4476 sensisset
1048 4432 1114 4477 se
1162 4412 1329 4479 bello
1376 4417 1507 4501 peti
1554 4411 1832 4491 ἔπεμπεν
1879 4415 1938 4487 ἐς
1991 4415 2224 4495 Ῥώμην
2270 4417 2505 4497 ἀπορῶν
2547 4413 2651 4479 καὶ
2692 4436 2841 4477 πυν-
