3192 5017
587 243 722 317 266
1658 258 1903 315 cronno.

584 438 803 505 viebat
861 436 1180 523 proposito
1239 433 1520 503 breviter
1578 433 1898 521 loquendi.
2002 435 2082 500 Ut
2139 440 2286 502 ante
2340 458 2537 501 cervos
2581 441 2678 502 est
2718 435 2806 499 aa
2841 441 2932 520 πός

593 544 759 622 „sibi
819 541 1301 628 proposuerint”
1365 547 1462 608 est
1521 542 1886 629 cogitarint.
1976 540 2167 606 Prius
2228 549 2295 606 ut
2340 540 2715 608 delendum:
2768 561 2928 624 „cum

587 649 711 714 sibi
770 647 890 713 hoo
946 648 1386 733 proposuerint
1451 649 1626 730 „sive
1685 667 1793 713 me
1839 652 1914 711 tu
1960 646 2260 712 deieceris
2307 649 2443 713 sive
2489 654 2745 713 tuorum
2788 649 2935 731 quis-

586 755 761 839 piam
821 754 960 819 sive
1018 771 1347 819 servorum
1406 754 1543 819 sive
1602 754 1953 818 amicorum
1972 750 2035 830 ,’'
2081 757 2159 817 ut
2223 773 2437 819 servos
2504 773 2627 818 non
2695 771 2935 818 numero

587 856 1042 945 distinguant.’'
1086 857 1298 925 Paene
1333 878 1551 923 omnes
1586 857 1736 923 inde
1773 877 1812 923 a
1847 856 2161 924 Lambino
2192 861 2262 924 in
2285 858 2567 925 hocloco
2589 858 2906 924 haeserunt
2923 905 2938 931 ,

586 968 653 1029 et
689 984 840 1029 cum
877 962 1045 1029 nihil
1076 962 1260 1047 plane
1298 965 1391 1030 eis
1426 963 1850 1047 satisfaceret,
1897 983 1971 1028 eo
2016 963 2341 1029 redierunt
2387 963 2557 1030 unde
2602 968 2777 1031 erant
2817 982 2940 1050 pro·

583 1068 737 1135 fecti
789 1105 870 1120 —
918 1068 999 1134 ad
1042 1069 1238 1136 verba
1280 1074 1595 1154 corrupta.

679 1284 789 1352 58.
858 1306 1051 1372 quare
1118 1288 1174 1352 si
1242 1287 1321 1352 ad
1390 1306 1541 1351 eum
1610 1284 2083 1351 restituendum
2105 1331 2121 1364 ,
2184 1286 2298 1369 qui
2366 1285 2436 1351 vi
2497 1283 2780 1349 deiectus
2819 1284 2905 1344 est
2921 1323 2936 1354 ,

586 1393 848 1459 eandem
896 1394 1034 1458 vim
1081 1392 1274 1458 habet
1317 1393 1659 1477 aequitatis
1704 1391 1902 1475 ratic,
1951 1411 2026 1456 ea
2069 1389 2396 1457 intellecta
2441 1395 2610 1456 certe
2654 1384 2820 1452 nihil
2872 1383 2938 1448 ad

582 1519 722 1565 rem
767 1500 1077 1582 pertinet,
1124 1518 1286 1583 quae
1331 1498 1676 1563 verborum
1723 1497 1825 1563 vis
1869 1498 1957 1561 sit
2003 1516 2076 1561 ac
2119 1494 2524 1562 nominum.’'

674 1601 835 1669 Dele
895 1604 1155 1668 eandem.
1217 1601 1620 1691 Significaret
1663 1604 1838 1668 enim
1885 1606 1997 1668 aut
2047 1602 2353 1681 „eandem
2401 1615 2591 1687 atque
2633 1601 2707 1664 in
2749 1597 2940 1664 verbis

574 1719 950 1792 procurator,
1033 1730 1239 1773 cervae
1313 1707 1803 1794 interpretandis
1822 1705 1887 1784 ‚”
1961 1713 2108 1773 aut:
2183 1710 2491 1786 „eandem
2559 1706 2701 1773 vim
2771 1707 2941 1788 atque

582 1813 846 1881 verba.'’
936 1812 1128 1880 Prius
1184 1812 1355 1880 male
1415 1818 1579 1879 esset
1634 1832 2000 1898 expressum
2067 1818 2239 1898 (prox
2289 1813 2368 1878 ad
2411 1808 2940 1896 interpretandum

581 1923 726 2006 quis
776 1919 1207 1985 restituendus
1220 1966 1235 1996 ‚
1290 1920 1433 2003 quis
1479 1918 1761 1984 deiectus
1806 1921 1993 2002 esset)
2043 1923 2109 1983 et
2154 1917 2436 1985 alienum
2484 1919 2789 2003 quoniam
2833 1933 2943 1979 non

580 2026 663 2093 ad
707 2045 939 2092 novam
989 2045 1123 2091 rem
1171 2025 1480 2090 transitus
1523 2021 1599 2087 fit
1615 2071 1633 2108 ‚
1680 2023 1794 2088 sed
1821 2023 2114 2110 pergitur
2150 2025 2218 2088 in
2258 2023 2477 2089 eadem
2519 2020 2945 2107 explicatione.

578 2129 881 2196 Alterum
927 2149 1002 2195 eo
1045 2135 1261 2214 peccat
1307 2129 1471 2215 quod
1532 2149 1658 2195 non
1719 2129 1942 2194 eadem
2001 2128 2110 2194 sed
2171 2130 2378 2195 maior
2432 2134 2529 2194 est
2587 2129 2694 2194 vis
2755 2125 2946 2210 aequi·

585 2238 740 2302 tatis
784 2254 977 2320 quam
1021 2235 1361 2302 verborum
1382 2283 1398 2309 ,
1443 2254 1593 2300 nam
1646 2253 1762 2312 „ea
1821 2237 1866 2299 i.
1915 2254 1970 2300 e.
2034 2236 2375 2319 aequitatis
2436 2234 2718 2317 ratione,
2778 2229 2946 2297 intel·

577 2338 745 2407 lecta
760 2387 779 2420 ‚
826 2336 995 2406 nihil
1040 2340 1119 2406 ad
1162 2361 1301 2407 rem
1345 2342 1624 2426 pertinet
1641 2387 1660 2418 ,
1708 2360 1869 2425 quae
1913 2340 2254 2406 verborum
2299 2341 2402 2406 vis
2444 2338 2596 2406 sit.‘'

670 2545 779 2614 63.
828 2550 1102 2635 „quibus
1146 2550 1315 2615 enim
1361 2548 1550 2616 rebus
1594 2548 1971 2634 plerumque
2020 2550 2118 2616 vis
2163 2547 2238 2614 fit
2282 2548 2596 2617 eiusmodi
2619 2598 2635 2627 ,
2694 2569 2808 2616 eae
2857 2567 2946 2613 res

576 2652 980 2741 appellantur
1036 2656 1105 2720 in
1168 2654 1531 2732 interdict03
1586 2655 1644 2719 si
1687 2674 1799 2740 per
1844 2653 2003 2720 alias
2046 2674 2146 2720 res
2191 2654 2415 2721 eadem
2459 2654 2627 2720 facta
2673 2659 2778 2721 vis
2821 2660 2942 2729 est,

577 2779 651 2826 ea
666 2807 684 2838 ,
746 2760 1003 2826 tametsi
1058 2761 1272 2828 verbis
1334 2759 1659 2826 interdicti
1714 2778 1841 2825 non
1908 2760 2307 2826 concluditur
2320 2807 2339 2840 ‚
2411 2761 2709 2826 amentia
2770 2769 2946 2826 tanen

572 2871 728 2930 iuris
772 2873 950 2952 atque
991 2866 1351 2933 auctoritate
1390 2863 1748 2931 retineam-‚⁹²

670 2971 826 3050 „Vis
884 2973 1198 3038 sententia
1254 2979 1447 3056 atque
1505 2971 1884 3037 auctoritate
1926 2972 2087 3036 iuris
2133 2970 2512 3048 retinetur,’'
2557 2992 2684 3037 non
2733 2977 2943 3057 aptum

576 3083 673 3145 est
683 3098 703 3156 ς
753 3077 991 3143 dicitur
1032 3076 1153 3142 hoc
1201 3078 1381 3162 quasi
1424 3076 1503 3142 de
1548 3096 1617 3142 re
1660 3081 1848 3164 grata
1893 3082 2007 3143 aut
2051 3077 2203 3141 utili
2247 3096 2455 3142 sermo
2504 3081 2689 3143 esset.
2777 3075 2945 3142 Haeo

573 3182 869 3269 intellegi
938 3186 1196 3267 possent
1254 3184 1311 3247 si
1370 3187 1704 3246 continetur
1767 3184 2079 3268 scriptum
2143 3187 2326 3275 esset.
2419 3182 2731 3247 &utentia
2789 3180 2944 3246 nude

575 3289 859 3374 positum
922 3287 1107 3352 credo
1167 3307 1301 3353 esse
1314 3333 1332 3364 ,
1401 3287 1742 3372 opponitur
1785 3292 1992 3352 verbis.
2044 3284 2203 3352 Vult
2224 3334 2241 3363 ,
2291 3287 2545 3373 opinor:
2599 3287 2946 3364 „sententia

576 3398 795 3459 tamen
861 3394 1022 3458 iuris
1081 3392 1421 3458 auctoritas
1480 3390 1857 3458 obtinetur.’'
1948 3390 2024 3456 In
2090 3411 2281 3477 quam
2339 3398 2586 3478 partem
2649 3390 2941 3456 emendo:

582 3499 936 3579 „sententia
1002 3503 1219 3564 tamen
1287 3497 1447 3563 iuris
1512 3502 1605 3562 vic
1672 3507 1864 3583 atque
1923 3497 2267 3563 auctoritas
2331 3497 2698 3563 retinetur.”
2789 3497 2946 3562 Nam

577 3607 839 3672 retinere
893 3624 1018 3670 non
1078 3608 1330 3669 tantum
1398 3603 1635 3668 dicitur
1691 3603 1756 3667 in
1805 3622 1878 3668 eo
1897 3648 1913 3681 ,
1960 3605 2072 3687 qui
2118 3622 2424 3669 evasurus
2467 3603 2764 3670 videatur
2780 3650 2799 3681 ,
2845 3597 2947 3665 sod

578 3715 838 3779 omnino
897 3730 1013 3796 pro
1058 3709 1328 3786 tuendo;
1377 3708 1584 3775 veluti
1629 3707 1796 3774 infra
1841 3710 1878 3793 ξ
1926 3707 2042 3775 73:
2095 3727 2174 3786 „e
2223 3727 2361 3774 rem
2407 3708 2800 3795 praeclaram
2846 3725 2943 3772 vo·

579 3819 803 3903 bisque
848 3817 928 3882 ob
974 3815 1093 3881 hoc
1137 3812 1593 3881 retinendam.”
1644 3811 1811 3880 Cum
1857 3814 1951 3878 vis
1991 3818 2137 3899 post
2172 3814 2329 3878 iuris
2360 3813 2735 3898 excidisset,
2773 3829 2945 3879 casus

578 3924 758 3992 verbi
803 3921 1132 3987 auotoritas
1174 3920 1254 3987 ad
1296 3925 1590 3994 concedit:
1635 3918 2154 3986 accommodatus
2201 3924 2317 3985 est.

671 4133 780 4201 69.
850 4135 1355 4222 Argumentatur
1396 4133 1585 4199 initio
1630 4132 1825 4198 huius
1868 4133 2165 4199 sectionis
2211 4133 2423 4199 verbis
2486 4133 2583 4210 „si
2628 4136 2796 4199 recte
2809 4177 2827 4208 ,
2883 4128 2948 4195 id

579 4243 706 4308 fuit
766 4244 869 4307 ius
885 4290 905 4326 ,
968 4239 1136 4326 quod
1196 4239 1553 4305 iudicatum
1616 4236 1745 4304 est”
1804 4241 1920 4314 sic,
1971 4259 2043 4304 ac
2087 4241 2144 4305 si
2186 4238 2744 4305 demonstrandum
2791 4240 2949 4303 esset

579 4350 683 4421 ius
727 4369 976 4436 semper
1020 4345 1297 4417 valuisse
1312 4365 1330 4429 5
1382 4344 1452 4411 id
1498 4365 1647 4412 vero
1691 4365 1817 4411 non
1862 4345 2204 4433 agebatur,
2253 4345 2364 4411 sed
2408 4350 2630 4411 utrum
2667 4348 2834 4411 recte
2870 4361 2946 4407 au
