3192 5017
1167 302 1668 351 Amsropfflmsss.
2484 282 2614 350 369

234 496 351 540 non
424 480 682 560 possunt
749 474 978 541 salsius
1048 476 1236 540 iocari
1302 494 1494 559 quam
1561 478 1781 559 poetae
1838 476 2157 540 iusserint.
2251 475 2376 541 Sed
2437 476 2614 542 aliud

231 582 505 648 scholion
553 587 650 648 est
697 583 777 648 ad
826 602 1080 648 versum
1133 581 1295 646 541:
1351 584 1476 654 Ὠς
1525 582 1797 653 Εὔπολις
1846 582 1907 645 ἐν
1955 590 2082 653 τοῖς
2130 582 2611 663 Προσπαλτίοις,

231 689 264 763 ἢ
310 691 386 761 ὥς
433 691 518 760 εἰς
565 694 743 754 τοῦτο
795 690 862 754 τὸ
911 687 1088 768 μέρος
1137 689 1495 770 εὐεπίφορον
1543 687 1690 753 ὄντα
1731 690 1835 752 τὸν
1868 686 2245 769 Ἕρμιππον.
2298 689 2466 771 Quid
2507 691 2613 756 hic

228 793 534 861 efficitur?
581 797 829 880 Nempe
875 794 1075 872 illud,
1127 797 1224 859 uti
1266 795 1557 872 arbitror,
1601 798 1797 860 etiam
1843 793 2227 880 Eupolidem
2270 795 2612 881 aliquando

227 908 518 988 questum
584 903 780 968 fuisse
827 903 903 968 de
951 902 1169 967 eodem
1221 899 1472 966 inficeto
1520 902 1768 967 iocandi
1816 921 2047 987 genere
2066 949 2082 978 ,
2132 922 2257 987 quo
2303 901 2611 987 Hermip-

226 1029 341 1093 pus
406 1009 764 1094 plurimum
837 1008 1272 1074 delectaretur.
1368 1008 1522 1074 Fuit
1593 1013 1811 1073 autem
1875 1005 2162 1074 Hermon
2227 1007 2610 1094 Hermippi,

223 1134 341 1179 non
388 1113 750 1201 Eupolidis,
806 1115 1063 1192 histrio,
1116 1134 1266 1179 nam
1311 1116 1577 1179 tertium
1620 1112 1901 1178 scholion
1941 1121 2227 1199 superest
2261 1114 2339 1180 ad
2380 1115 2603 1180 verba:

223 1217 294 1284 ἵν’
355 1218 389 1302 ᾖ
455 1220 694 1299 γέλως·
759 1225 938 1285 τοῦτο
988 1220 1143 1300 Φησὶ
1194 1219 1295 1284 διὰ
1343 1220 1445 1285 τὸν
1487 1220 1883 1300 Ἕρμιππον,
1936 1219 2040 1283 καὶ
2087 1221 2191 1287 τὸν
2237 1219 2606 1302 Σιμέρμωνα

222 1325 321 1391 τὸν
382 1327 598 1393 τούτου
662 1327 1018 1407 ὑποκριτήν,
1081 1347 1230 1393 nam
1291 1347 1510 1392 omnes
1552 1326 1854 1393 viderunt
1902 1326 2007 1392 hic
2050 1327 2343 1405 Ἕρμωνα
2391 1331 2608 1394 rescri-

226 1433 499 1499 bendum
571 1455 706 1500 esse
773 1440 836 1499 et
905 1435 990 1505 εἲς
1046 1435 1339 1512 Ἕρμωνα
1400 1433 1562 1498 forte
1623 1448 1994 1517 corruptum
2057 1434 2252 1499 fuisse
2311 1441 2386 1499 ut
2431 1434 2611 1500 fieret

226 1542 614 1620 Σιμέρμωνα.
708 1541 883 1617 Quas
942 1546 1153 1626 partes
1210 1541 1618 1624 potissimum
1667 1545 1884 1626 ageret
1930 1538 2217 1605 Hermon
2265 1540 2409 1615 ille,
2466 1541 2609 1607 Pol·

220 1649 329 1715 lux
391 1650 647 1716 docebit
705 1648 791 1714 IV
858 1646 1012 1724 143,
1078 1647 1191 1711 ubi
1254 1648 1341 1710 τὰ
1392 1646 1636 1722 κωμικὰ
1686 1645 1984 1726 πρόσωπα
2030 1652 2390 1732 percenset,
2441 1650 2609 1713 inter

215 1776 370 1841 quae
416 1757 772 1836 Ἐρμώνειος
822 1753 1101 1833 πρότερος
1150 1758 1215 1818 et
1259 1755 1613 1832 Ἐρμώνειος
1664 1751 1936 1832 δεύτερος
1983 1752 2344 1818 referuntur
2391 1760 2457 1819 et
2505 1774 2606 1820 ac-

216 1869 423 1929 curate
486 1863 872 1939 ostenditur,
937 1860 1092 1945 quid
1153 1861 1319 1924 inter
1384 1865 1731 1943 utrumque
1798 1860 2068 1923 intersit.
2165 1857 2389 1925 Veluti
2435 1863 2607 1944 prior

217 1971 335 2036 fuit
395 1968 928 2050 ἀναφαλαντίας,
994 1965 1112 2038 τὰς
1174 1967 1364 2045 ὀφρῦς
1427 1964 1891 2042 ἀνατεταμένος
1908 2011 1925 2041 ,
2002 1963 2604 2045 ὑποδύςροπος,

214 2076 355 2145 vide
422 2076 828 2142 Meinekium
893 2075 963 2138 in
1025 2070 1314 2137 Historia
1376 2069 1617 2137 Gritica
1678 2093 1742 2155 p.
1793 2070 1945 2135 562.
2045 2070 2214 2151 Quid
2262 2074 2498 2137 mirum
2550 2075 2606 2137 si

215 2204 398 2249 senex
450 2181 858 2260 ὑποδύςροπος
908 2181 1105 2245 etiam
1153 2178 1279 2242 fuit
1314 2177 1650 2261 playom?
1697 2175 1867 2257 Quin
1914 2182 1978 2242 et
2027 2176 2373 2263 Hermippi
2411 2181 2606 2244 versi-

216 2290 391 2355 culus
456 2294 744 2374 superest
806 2286 1170 2360 desumtus,
1222 2286 1320 2349 uti
1368 2282 1702 2367 credibile,
1751 2304 1830 2348 ex
1877 2303 1950 2349 ea
1996 2284 2134 2368 ipsa
2178 2305 2365 2350 scena
2411 2305 2604 2371 quam

215 2395 479 2483 Eupolis
542 2401 606 2461 et
654 2392 1103 2478 Aristophanes
1150 2396 1578 2476 respexerunt.
1676 2388 1972 2456 Servavit
2023 2394 2487 2477 grammaticus
2533 2394 2602 2457 in

214 2503 555 2569 Anecdotis
617 2500 896 2567 Bekkeri
956 2519 1011 2583 p.
1069 2496 1219 2562 362.
1277 2496 1360 2561 15
1408 2497 1753 2582 Hermippi
1798 2497 2276 2583 fragmentum:
2324 2497 2447 2576 ἐγώ
2497 2521 2602 2563 σου

216 2610 470 2690 σήμερον
555 2609 803 2673 τύπτων
872 2605 941 2668 τὸ
1013 2604 1327 2685 πρόσωπον
1402 2604 1829 2682 αἱμορυγχιοῖν
1898 2604 2162 2679 ποιήσω,
2232 2603 2298 2667 in
2372 2596 2603 2689 quibus

216 2716 419 2782 verbis
485 2714 553 2780 id
618 2720 869 2779 tantum
934 2711 1259 2799 ambigas,
1322 2709 1640 2795 quomodo
1690 2730 1768 2774 ex
1814 2708 2093 2774 disiectis
2131 2715 2352 2793 poetae
2399 2730 2602 2776 mem-

214 2822 340 2886 bris
402 2827 688 2887 metrum
752 2819 1086 2896 restituas,
1147 2838 1297 2882 nam
1360 2818 1726 2882 criticorum
1789 2816 2175 2892 tentamina,
2241 2835 2402 2900 quae
2450 2817 2595 2882 vide

213 2929 372 3014 apud
421 2927 830 2993 Meinekium
879 2947 940 3012 p.
993 2924 1150 3000 414,
1200 2925 1683 2988 nimis-incerta
1729 2927 1900 2986 sunt.

298 3034 507 3101 Venio
566 3054 737 3098 nunc
804 3032 881 3098 ad
942 3034 1079 3117 ipsa
1139 3029 1581 3114 Aristophanis
1644 3027 1871 3105 verba,
1937 3046 2099 3112 quae
2144 3028 2309 3092 mihi
2359 3028 2599 3114 duplici

214 3142 396 3208 modo
471 3145 765 3225 corrupta
833 3139 1149 3206 videntur.
1246 3135 1540 3200 Primum
1603 3155 1727 3218 quo
1789 3154 1979 3199 sensu
2041 3130 2216 3208 τᾶπη
2274 3134 2380 3200 hic
2428 3136 2599 3201 dicta

214 3245 397 3312 sunt?
470 3246 832 3332 Respondet
902 3243 1221 3310 Kockius:
1295 3241 1382 3306 τοὶ
1444 3239 1560 3315 ἔπη
1626 3240 1952 3304 bezeichnet
2011 3241 2091 3303 im
2158 3241 2479 3325 Goymatz
2522 3265 2597 3305 zu

213 3355 322 3418 den
391 3353 770 3421 Chorliedern
835 3349 1054 3436 (μέλη)
1100 3354 1267 3413 meist
1286 3396 1303 3425 ,
1350 3348 1518 3411 nicht
1565 3347 1768 3410 immer
1784 3392 1801 3422 ,
1852 3347 1966 3410 den
2015 3346 2238 3428 Dialoq
2285 3349 2389 3412 dec
2446 3349 2597 3412 Dra·

213 3484 368 3546 mae,
416 3462 519 3546 qft
558 3460 852 3541 qeradezu
899 3458 1000 3521 die
1046 3455 1379 3521 Trimeter.
1428 3454 1743 3520 Provocat
1789 3453 2079 3519 Kockius
2126 3453 2207 3519 ad
2250 3454 2412 3520 Ran.
2460 3452 2595 3520 862

214 3573 275 3632 et
340 3566 475 3633 885
547 3574 611 3631 et
671 3565 764 3632 ibi
825 3586 973 3631 sane
1033 3568 1497 3648 componuntur
1544 3559 1909 3647 tragoediae
1956 3558 2071 3632 ἔπη
2119 3566 2184 3626 et
2229 3561 2391 3640 μέλη
2417 3609 2433 3639 ,
2485 3563 2592 3629 sed

215 3693 408 3758 quum
459 3676 594 3758 ipse
640 3672 1093 3757 Aristophanes
1140 3670 1373 3734 dixerit
1417 3667 1533 3753 Eq.
1586 3664 1757 3733 508:

392 3780 443 3845 εἶ
491 3780 607 3857 μέν
653 3802 748 3850 τις
797 3779 943 3855 ἀνὴρ
989 3784 1105 3842 τῶν
1152 3774 1431 3857 ἀρχαίων
1485 3770 2105 3854 κωμῳδοδιδάσκαλος
2155 3775 2321 3850 ἡμᾶς

392 3883 743 3965 ἠνάγκαζεν
792 3881 1081 3959 λέξοντας
1131 3881 1248 3954 ἔπη
1299 3881 1444 3962 πρὸς
1491 3880 1560 3944 τὸ
1610 3879 1855 3959 θέατρον
1901 3880 2300 3960 παραβῆναι,

212 3994 361 4057 satis
402 3994 803 4077 perspicuum
854 3996 953 4055 est
997 3992 1061 4054 in
1109 3988 1399 4055 Nubium
1448 3988 1736 4072 parabasi
1782 3987 2104 4051 trimetros
2151 4006 2274 4050 non
2324 3986 2592 4053 indicari

214 4098 391 4181 poss'e
457 4117 531 4162 eo
592 4095 900 4163 vocabulo
925 4143 941 4173 ‚
1009 4114 1132 4180 quo
1201 4096 1339 4179 ipsa
1407 4094 1732 4178 parabasis
1798 4091 2116 4156 indicatur
2176 4093 2243 4155 in
2304 4098 2592 4176 parabasi

214 4202 537 4288 Equitum.
591 4200 863 4268 Coactus
909 4208 1123 4267 tamen
1172 4201 1463 4267 Kockius
1510 4220 1581 4265 eo
1629 4197 1954 4284 confugit,
1995 4203 2069 4261 ut
2105 4197 2361 4263 articuli
2398 4220 2590 4267 usum

217 4310 280 4373 in
326 4310 439 4376 tali
484 4313 796 4377 sententia
845 4314 1151 4393 tueretur,
1200 4309 1364 4373 mihi
1412 4312 1627 4372 autem
1669 4305 2025 4370 remedium
2062 4326 2360 4388 quaerere
2396 4306 2592 4374 libuit

218 4415 401 4501 idque
462 4423 683 4504 sponte
744 4438 875 4482 sese
918 4415 1079 4481 mihi
1125 4415 1379 4480 obtulit.
1475 4410 1680 4491 Senex
1728 4411 2106 4477 describitur
2152 4414 2266 4497 qui
2312 4415 2589 4479 conviciis

2228 4533 2293 4582 24
