3192 5017
553 283 679 362 166
940 359 947 364 ,
1537 302 1956 360 ΡΒοοοῬιΛΜ.

544 485 719 551 haud
762 504 903 551 raro
947 483 1326 550 crudeliores
1373 505 1507 551 sese
1544 484 1933 570 praestitisse
1973 488 2037 548 et
2073 482 2436 569 perfidiores
2466 489 2531 549 et
2566 481 2961 569 rapaciores,

543 591 876 678 nequiores
920 598 984 656 et
1027 590 1389 677 ignaviores
1428 611 1626 676 paene
1662 611 1933 676 semper.
1980 590 2125 657 Non
2164 591 2405 656 virtute
2445 611 2521 656 ac
2543 590 2962 673 fortitudine,

547 699 658 765 sed
720 698 917 783 copiis
978 703 1043 763 et
1085 698 1313 783 opibus
1359 702 1425 763 et
1470 697 2081 781 machinationibus,
2130 698 2387 763 tandem
2435 697 2514 762 ad
2561 696 2961 762 internecio-

452 818 462 832 ·
544 826 695 871 nem
757 805 1117 870 ceciderunt
1175 801 1423 871 Gothos
1482 809 1672 888 atque
1715 802 2039 869 Vandalos
2056 852 2071 881 ,
2121 825 2234 870 nec
2283 805 2634 889 quidquam
2687 804 2962 887 turpius

546 912 819 999 cogitari
863 916 1072 997 potest
1121 909 1415 975 Belisarii
1430 958 1447 984 ‚
1496 910 1739 974 summi
1785 909 2031 975 scilicet
2075 910 2501 995 imperatoris,
2546 911 2966 993 aliorumque

551 1016 788 1082 ducum
845 1015 1351 1101 expeditionibus
1417 1021 1632 1081 contra
1677 1016 1904 1080 Persas
1922 1066 1942 1090 ‚
1991 1015 2304 1101 populum
2353 1015 2507 1081 belli
2554 1016 2848 1102 peritum
2899 1021 2966 1080 et

549 1124 706 1190 viris
750 1123 1100 1209 opibusque
1144 1121 1571 1187 abundantem
1590 1169 1607 1197 ,
1646 1120 1835 1199 nihil,
1877 1122 2139 1207 inquam
2156 1170 2173 1199 ,
2216 1122 2710 1210 ignominiosius
2753 1141 2962 1207 quam

548 1250 735 1315 paces
791 1250 864 1294 ac
925 1228 1176 1293 foedera
1234 1230 1423 1293 toties
1481 1226 1686 1311 pretio
1747 1233 1965 1312 empta
2021 1249 2059 1292 a
2121 1228 2440 1304 barbaris,
2488 1228 2652 1293 nihil
2700 1227 2965 1293 foedius

551 1355 747 1421 quam
807 1335 1047 1399 ducum
1111 1339 1176 1398 et
1222 1334 1719 1420 magistratuum
1768 1339 1833 1398 et
1875 1333 2078 1418 ipsius
2127 1334 2443 1419 Principis
2489 1334 2791 1399 certatim
2841 1332 2964 1397 mi-

552 1461 721 1507 seros
782 1440 1070 1505 subditos
1133 1440 1505 1505 vexantium
1567 1438 1876 1505 violentia
1937 1448 2002 1505 et
2066 1441 2377 1525 rapacitas
2396 1488 2413 1518 ‚
2462 1440 2628 1505 nihil
2676 1441 2966 1524 denique

552 1547 820 1613 taetrius
839 1594 855 1626 ,
917 1545 1356 1631 impudentius
1373 1594 1390 1624 ,
1455 1545 1667 1632 mag-is
1729 1545 2224 1612 abominandum
2272 1568 2466 1632 quarn
2513 1568 2774 1614 morum
2829 1567 2964 1612 cor·-

555 1652 808 1738 ruptela
870 1658 937 1719 et
1002 1651 1270 1716 infamia
1330 1672 1474 1716 cum
1533 1653 1603 1715 in
1662 1652 1958 1717 universa
2022 1653 2178 1717 urbe
2243 1659 2308 1718 et
2367 1653 2639 1738 imperio
2686 1660 2843 1717 tum
2893 1652 2960 1716 in

557 1759 706 1824 aula
776 1758 1091 1842 Principis
1110 1807 1128 1841 ‚
1200 1757 1311 1822 ubi
1374 1757 1786 1843 imperatoria
1854 1759 2157 1824 meretrix
2232 1758 2412 1824 nullo
2491 1779 2618 1824 non
2687 1758 2955 1825 sceleris

558 1864 871 1952 flagitiive
939 1863 1240 1929 dedecore
1310 1862 1639 1950 flagrabat.
1737 1862 1918 1928 Adde
1981 1863 2422 1949 turpissimam
2469 1864 2920 1930 adulationem
2937 1912 2954 1938 ,

558 1970 1131 2036 dissimulationem
1151 2015 1169 2047 ,
1209 1968 1761 2053 superstitionem3
1805 1969 1965 2035 adde
2002 1969 2337 2035 audaciam
2352 2017 2370 2047 ,
2411 1970 2550 2037 vim
2566 2018 2583 2047 ,
2623 1971 2926 2036 fraudem
2939 2015 2956 2046 ‚

562 2077 848 2142 insidias:

2237 2188 2438 2247 κακῶν

1009 2283 1100 2351 36⁹
1147 2290 1240 2356 ἐςι
1286 2285 1534 2353 πάντων
1579 2284 1856 2364 ὀνόματ’,
1901 2286 2072 2352 οὐδὲν
2118 2288 2207 2356 εἷς’
2254 2288 2433 2354 αἰτόν.

1518 2592 2002 2601 .--——.——.——-

1633 2844 1856 2894 NEPOS.

655 3046 914 3112 Atticus
969 3040 1070 3105 13.
1123 3041 1186 3104 4.
1235 3061 1423 3125 neque
1470 3050 1675 3103 tamen
1711 3039 1936 3103 horum
1973 3061 2344 3125 quemquam
2375 3043 2500 3105 nisi
2535 3043 2707 3106 domi
2725 3057 2947 3107 nattam

562 3138 846 3239 domique
882 3150 1134 3237 factum
1181 3146 1394 3210 habuit
1410 3170 1430 3209 .·
1477 3148 1643 3231 quod
1686 3157 1775 3210 est
1820 3147 2066 3230 siquam
2110 3169 2234 3210 non
2269 3146 2469 3210 solum
2505 3151 2907 3214 continentiae
2926 3194 2941 3223 ‚

561 3264 667 3327 sed
708 3260 895 3323 etiam
940 3256 1289 3338 diliyentiae
1305 3299 1320 3315 .
1369 3274 1518 3316 nam
1550 3264 1612 3315 et
1648 3274 1772 3315 non
1809 3253 2291 3340 intemperanter
2309 3255 2719 3340 concupiscere
2736 3302 2753 3333 ‚
2781 3254 2944 3341 quod

561 3392 602 3432 a
661 3364 961 3453 plurimis
1028 3363 1262 3435 videas,
1327 3361 1688 3423 continentis
1759 3360 1928 3424 debet
1996 3362 2171 3437 duci,
2235 3372 2292 3424 et
2352 3363 2563 3447 potius
2622 3363 2938 3447 diliqenafa

561 3495 751 3560 quam
790 3470 996 3556 pretio
1035 3488 1273 3554 parare
1315 3487 1438 3529 non
1482 3467 1805 3529 mediocris
1851 3477 1940 3529 est
1985 3468 2348 3531 industm’ae.

658 3577 785 3657 Qui
829 3573 1164 3658 vulgatam
1208 3570 1544 3635 lectionem
1586 3573 2041 3656 interpretatur
2060 3619 2077 3647 ‚
2128 3571 2328 3637 velim
2369 3555 2538 3639 scire
2584 3574 2815 3658 quibus
2852 3593 2941 3639 ar-

562 3662 890 3774 gumentis
952 3680 1058 3744 hic
1119 3678 1509 3742 demonstret
1570 3676 1886 3762 Nepotem
1951 3676 2219 3744 alteram
2278 3680 2585 3764 propositi
2655 3683 2758 3745 sui
2804 3700 2935 3766 par·
3103 3683 3104 3760 1

564 3798 698 3857 tem
759 3787 1041 3874 probare.
1138 3782 1412 3848 Etiamsi
1465 3782 1632 3847 nihil
1691 3784 1965 3869 impedit
2021 3786 2357 3868 quominus
2417 3806 2491 3851 ea
2536 3789 2773 3872 virtus,
2824 3805 2940 3873 qua
3103 3773 3104 3844 ἰ

568 3917 825 3984 operam
874 3893 983 3958 dat
1029 3889 1260 3975 aliquis
1285 3940 1299 3965 ,
1348 3897 1424 3954 ut
1470 3888 1745 3954 famulos
1793 3888 2063 3955 artifices
2108 3893 2354 3956 nonnisi
2401 3893 2578 3957 domi
2623 3901 2803 3959 natos
2842 3895 2937 3958 do·

567 4009 788 4090 mique
848 3999 1044 4064 factos
1106 3996 1338 4060 habeat
1358 4045 1374 4064 ,
1439 3996 1754 4060 industria
1810 3996 2094 4080 dicatur,
2149 4002 2365 4062 tamen
2411 4001 2575 4065 ratio
2621 4000 2745 4066 loci
2788 4002 2938 4067 hanc

566 4108 1122 4193 transpositionem
1179 4104 1480 4187 requirit:
1528 4114 1585 4167 et
1623 4105 1837 4189 potius
1882 4105 2197 4169 industria
2242 4128 2432 4190 quam
2470 4110 2676 4194 pretio
2712 4125 2936 4196 parare

570 4241 693 4284 non
739 4212 1059 4279 mediocria
1102 4221 1191 4273 est
1237 4208 1601 4293 diliyentiae.

2052 4316 2138 4380 H.
2187 4316 2290 4382 W.
2337 4335 2401 4383 v.
2447 4336 2513 4384 1).
2559 4317 2764 4385 MEY.

1613 4477 1904 4488 ——n———u-
