3192 5017
403 208 491 283 12'
1412 235 1775 289 nummum.

397 416 565 476 certe
629 414 881 475 vetusta
940 410 1144 489 fama,
1195 433 1388 497 quam
1437 420 1650 479 tamen
1698 413 1885 479 hodie
1931 412 2224 497 splendor
2272 410 2600 499 Euripidis
2646 420 2774 481 tra-

399 516 665 604 goediae
726 516 1120 601 obscuravit,
1182 516 1546 584 Corinthios
1603 521 1799 583 iratos
1864 524 2119 604 propter
2180 519 2437 585 caedem
2498 518 2774 584 Glauces

399 623 478 688 de
539 622 897 687 insontibus
955 626 1168 707 pueris
1207 644 1471 709 poenam
1523 627 1869 709 sumpsisse
1915 623 2204 710 illudque
2253 624 2581 709 piaculum
2624 646 2781 710 quo-

400 731 609 795 tannis
655 726 978 792 sacrificiis
1024 729 1403 813 quibusdam
1454 730 1676 796 solitos
1723 730 1915 794 fuisse
1962 733 2233 814 expiare.
2329 729 2565 795 Scribit
2621 730 2788 795 Pau·

399 837 606 901 sanias
654 834 715 899 2.
769 836 829 898 3.
882 833 957 898 6:
1023 836 1074 899 οἱ
1124 835 1403 909 Μηδείας
1454 835 1674 906 παῖδες
1724 834 2242 909 καταλιθωθῆναι
2295 835 2409 900 ὑπὸ
2463 833 2784 913 Κορινθίων

399 941 693 1019 λέγονται
756 943 872 1009 τῶν
935 940 1125 1021 δώρων
1173 939 1409 1020 εἵνεκα,
1460 940 1536 1008 ὧν
1582 952 1661 1021 τῇ
1709 943 1962 1021 Γλαύκῃ
2012 943 2264 1018 κομίσσω
2314 943 2514 1020 <Duo-iv
2562 943 2786 1014 αὐτούς

400 1048 670 1132 indeque
708 1044 902 1112 etiarn
945 1068 1120 1113 sacra
1157 1049 1272 1113 illa
1312 1052 1740 1115 anniversaria
1779 1052 2077 1113 instituta
2117 1054 2289 1113 sunt.
2343 1048 2545 1113 Miror
2572 1054 2785 1114 tamen

403 1155 670 1220 verbum
742 1153 1180 1237 προσάψομεν,
1249 1175 1362 1240 pro
1432 1175 1556 1241 quo
1646 1153 2213 1233 προστάξομεν
2297 1153 2564 1237 malim,
2639 1175 2787 1219 cum

401 1263 769 1346 praesertim
820 1263 995 1325 varia
1035 1258 1225 1326 lectio
1272 1259 1656 1341 προστάξομεν
1706 1261 1963 1326 aliunde
2008 1261 2190 1326 nobis
2235 1262 2602 1325 innotuerit.

490 1768 659 1835 Mire
705 1767 1012 1855 languent
1059 1765 1328 1831 Veneris
1374 1766 1567 1831 verba
1613 1766 1681 1828 in
1727 1763 2085 1851 Hippolyto
2134 1785 2226 1831 vs.
2258 1757 2398 1829 v42:

857 1871 1030 1949 δείξω
1082 1872 1145 1937 δὲ
1196 1879 1396 1945 Θησεῖ
1435 1875 1711 1952 πρᾶγμα
1762 1873 2423 1950 κᾶκφωνήσετοιι.

405 1982 574 2062 Quid
635 1982 807 2046 enim
869 1999 1181 2064 umquam
1236 1981 1450 2061 inepte
1514 1977 1896 2053 abundabit,
1959 1979 2012 2040 si
2070 1983 2214 2062 post
2258 1978 2429 2055 δείξω
2479 1978 2543 2044 δὲ
2589 1988 2786 2054 Θησεῖ

404 2091 680 2168 πρᾶγμα
742 2087 1004 2172 probare
1049 2084 1423 2150 debebimus
1471 2080 1994 2162 κοξκφοινήσετωιῗ
2044 2079 2244 2150 Credo
2291 2104 2438 2149 sane
2484 2105 2621 2150 rem
2672 2105 2782 2170 pa-

403 2194 535 2258 lam
601 2193 760 2269 fore,
822 2211 1012 2276 quam
1073 2192 1209 2274 ipsa
1273 2188 1483 2253 Venus
1530 2190 1847 2253 retexerit.
1942 2187 2064 2252 Sed
2112 2189 2231 2254 hoc
2279 2193 2491 2275 potuit
2537 2193 2781 2259 dicere:

404 2299 603 2384 Turpi
657 2297 902 2385 flagitio
950 2296 1202 2379 audit0,
1251 2293 1532 2360 Theseus
1578 2296 1646 2359 in
1692 2294 1970 2360 furorem
2029 2301 2344 2371 vertetur,
2392 2296 2456 2360 h.
2485 2318 2536 2363 e.
2601 2301 2782 2364 καὶκ-

402 2406 890 2483 μοινήσετοοι.
938 2401 1108 2466 Hinc
1155 2402 1454 2466 continuo
1501 2402 1826 2485 sequitur:

948 2506 1052 2572 κω)
1102 2506 1203 2569 τὸν
1250 2506 1364 2583 μὲν
1414 2507 1557 2581 ἡμῖν
1606 2506 1895 2585 πολέμιον
1943 2506 2278 2588 πεφυκότα

948 2619 1151 2678 κτενεῖ
1193 2613 1437 2695 πατήρ,
1485 2613 1618 2677 κτέ.

492 2808 1061 2928 Paulo‘difficilius
1108 2866 1205 2924 est
1251 2858 1457 2923 dicere
1503 2858 1580 2923 de
1629 2878 1722 2925 vs.
1783 2857 1896 2929 79:

764 2964 919 3036 ὅσοις
971 2966 1353 3030 διδακτὸν
1399 2964 1628 3051 μηδὲν,
1675 2966 1824 3029 ἀλλ’
1873 2966 1935 3029 ἐν
1980 2975 2056 3047 τῇ
2103 2967 2291 3049 φύσει

766 3072 836 3137 τὸ
884 3079 1210 3152 σωφρονεῖν
1258 3070 1510 3151 εἴληχεν
1560 3071 1618 3142 ἐς
1665 3070 1751 3135 τὰ
1799 3070 1993 3136 πάνθ’
2041 3073 2242 3158 ὁμῶς,

762 3180 993 3251 τούτοις
1043 3174 1411 3257 δρέπεσθαι·
1460 3185 1586 3250 τοῖς
1637 3185 1878 3243 κακοῖσι
1926 3179 1983 3244 δ’
2031 3182 2097 3245 οὐ
2145 3178 2353 3258 θέμις.

405 3289 566 3356 Fieri
612 3292 819 3373 potest
862 3291 936 3350 ut
982 3285 1052 3348 hi
1097 3282 1395 3350 versiculi
1444 3285 1644 3367 spurii
1693 3282 1857 3368 sint,
1908 3305 2067 3368 quae
2112 3272 2421 3351 Dindorfii
2469 3293 2781 3354 sententia

401 3401 527 3471 est,
572 3416 686 3459 nec
734 3399 945 3458 tamen
991 3392 1203 3455 minus
1249 3394 1542 3474 corrupta
1584 3390 1775 3454 verba
1814 3397 1995 3454 sunt:
2040 3386 2196 3464 ὅσοις
2236 3391 2516 3458 διδακτὸν
2558 3395 2779 3470 μηδὲν·

398 3500 627 3567 Judice
689 3499 959 3563 Adrasto
1020 3499 1088 3560 in
1150 3494 1371 3579 Suppl.
1436 3493 1569 3558 914
1631 3496 1663 3568 ἦ
1714 3495 1997 3573 εὐανδρία
2043 3496 2361 3581 διδακτόν,
2411 3498 2518 3564 sed
2566 3501 2664 3565 fac
2710 3501 2776 3564 in

400 3628 474 3673 ea
522 3627 586 3671 re
633 3602 1063 3689 Hippolytum
1117 3601 1194 3665 ab
1241 3599 1517 3664 Adrasto
1565 3600 1962 3678 dissensisse,
2007 3602 2334 3668 credamus
2378 3604 2532 3669 licet
2578 3609 2777 3672 virtu-

400 3719 533 3779 tem
602 3712 784 3776 nobis
846 3730 881 3773 a
943 3714 1169 3772 natura
1224 3706 1454 3789 tribui,
1520 3705 1853 3790 disciplina
1915 3728 2039 3770 non
2101 3714 2483 3794 comparari,
2548 3711 2779 3798 legerit

399 3819 667 3902 denique
704 3811 1145 3879 Penthesileae
1182 3808 1352 3875 filius
1392 3809 1677 3876 Platonis
1713 3811 2124 3898 Protagoram
2149 3860 2163 3889 ‚
2210 3820 2421 3878 tamen
2465 3815 2776 3883 affirmare

395 3945 519 3990 non
606 3923 839 4008 poterit
909 3917 1308 4002 disciplinam
1380 3919 1610 3981 virtuti
1675 3916 1919 3982 officere
1986 3939 2260 4003 eumque
2328 3942 2476 4004 prae
2549 3926 2775 3988 ceteris

396 4037 718 4110 σωφρονεῖν
790 4027 901 4110 qui
969 4023 1133 4088 nihil
1201 4022 1509 4087 didicerit.
1608 4021 1757 4086 Sero
1821 4026 2040 4108 opinor
2086 4028 2217 4089 nati
2267 4034 2450 4110 sunt,
2502 4049 2768 4112 quorum

389 4135 655 4223 signifer
709 4131 1054 4196 Rossavius
1101 4135 1213 4195 est.
1310 4128 1525 4193 Etiam
1576 4129 1641 4191 in
1689 4128 1950 4212 reliquis
2000 4131 2208 4195 verbis
2256 4152 2416 4215 quae
2464 4133 2764 4209 laudavi,

388 4240 635 4325 aliquid
694 4239 954 4303 fortasse
1015 4246 1297 4300 erratum
1358 4234 1517 4307 fuit,
1581 4233 1688 4298 sed
1737 4241 2015 4310 constat,
2065 4239 2190 4300 nisi
2238 4241 2495 4324 egregie
2546 4239 2772 4317 fallor,

387 4347 464 4413 de
532 4343 888 4431 corruptela
956 4342 1018 4406 in
1095 4341 1335 4407 verbis:
1410 4336 1562 4409 ὅσοις
1636 4339 1933 4405 διδκκτὸν.
2030 4341 2204 4415 Quos
2270 4344 2475 4408 dicere
2538 4345 2760 4410 debuit
