3192 5017
551 214 684 287 296
1301 230 1386 287 An
1432 236 1656 288 novum
1701 232 2195 289 msswmmmm.

547 411 940 493 φοβούμεναι
1009 409 1322 487 μηδεμίαν
1385 412 1662 486 πτόησιν.
1756 411 2150 497 Imperativo
2220 431 2378 495 opus
2445 413 2544 475 est
2616 414 2682 473 et
2748 406 2925 494 lege:

546 514 983 595 γενήθητε.
1076 515 1182 582 Sic
1247 516 1282 581 1
1348 516 1522 582 Petr.
1577 518 1611 582 1
1668 518 1781 583 15:
1832 514 1999 595 ἅγιοι
2048 518 2110 581 ἐν
2157 516 2330 598 πάσῃ
2378 517 2705 597 άναςροφῇ
2757 515 2926 592 γενή-

555 620 739 698 θητε.

641 834 864 901 LVIIL
940 835 997 899 l.
1063 835 1237 902 Petr.
1296 834 1355 900 5.
1423 833 1500 899 8:
1564 836 1592 899 ὅ
1654 834 1954 907 ἀντίδικος
2005 834 2169 911 ὑμῶν
2217 830 2618 910 διάβολος
2669 831 2751 902 ὥς
2798 828 2932 894 λέων

556 941 881 1023 ὦρνὸμενος
930 948 1282 1020 περιπατεῖ.
1328 940 1523 1006 Dele:
1574 940 1988 1018 διάβολος.

641 1155 811 1221 LIX.
885 1158 946 1219 2.
1013 1155 1185 1220 Petr.
1257 1155 1316 1219 1.
1381 1153 1498 1219 15:
1572 1154 1901 1219 σπουδάσω
1963 1152 2026 1217 δὲ
2090 1152 2196 1218 καὶ
2247 1152 2510 1220 ἑκάςοτε
2559 1148 2730 1231 ἔχειν
2780 1150 2932 1228 ὑμᾶς

551 1263 723 1341 μετὰ
769 1261 878 1334 τὴν
928 1263 1077 1338 ἐμὴν
1125 1260 1317 1338 ἔξοδον
1364 1262 1502 1335 τὴν
1549 1260 1780 1325 τούτων
1829 1261 2074 1338 μνήμην
2121 1256 2461 1323 ποιεῖσθαι.
2534 1257 2728 1322 Dele:
2779 1255 2931 1329 τήν.

642 1473 779 1538 LX.
838 1471 869 1535 1
921 1470 1066 1538 Joh.
1121 1469 1186 1535 2.
1234 1470 1357 1536 27:
1407 1471 1512 1535 καὶ
1564 1471 1739 1547 ὑμεῖς
1788 1475 1858 1536 τὸ
1905 1469 2230 1550 χρίσμα
2276 1464 2304 1533 ὃ
2349 1466 2625 1544 ἐλάβετε
2667 1461 2789 1529 άπ’
2833 1461 2930 1525 αὖ·

558 1585 700 1655 τοῦ,
770 1576 936 1655 μένει
1007 1579 1066 1641 ἐν
1131 1577 1273 1653 ὑμῖν
1337 1578 1440 1640 καὶ
1504 1579 1570 1641 οὐ
1629 1579 1850 1658 χρείαν
1907 1575 2096 1657 ἔχετε
2144 1572 2243 1640 ἵνα
2290 1597 2384 1645 τις
2433 1571 2693 1650 διδάσκῃ
2741 1571 2932 1646 ὑμᾶς,

451 1687 457 1693 ’
554 1684 731 1750 άλλοὶ
775 1683 844 1746 τὸ
894 1681 1047 1747 αὐτὸ
1094 1682 1417 1762 χρίσμα
1469 1681 1847 1745 διδάσκει
1901 1682 2064 1755 ὑμᾶς
2106 1682 2241 1761 περὶ
2268 1679 2540 1745 πάντων.
2587 1676 2931 1758 Utrobique

552 1789 777 1855 malim
850 1788 1269 1870 χάρισμα,
1341 1791 1440 1852 uti
1504 1795 1568 1852 et
1625 1809 1717 1853 ve.
1788 1786 1914 1852 20:
1982 1787 2156 1864 ὑμεῖς
2204 1787 2529 1867 χρίσμα
2580 1783 2768 1862 ἔχετε
2813 1781 2929 1845 άπὸ

553 1902 662 1962 τοῦ
710 1897 919 1973 άγίου.
973 1894 1096 1960 Sed
1144 1894 1221 1959 de
1267 1914 1342 1959 ea
1387 1895 1744 1978 suspicione
1793 1913 1983 1978 penes
2030 1892 2390 1981 Theologos
2427 1891 2746 1957 iudicium
2785 1893 2928 1953 esto.

554 2003 841 2069 Conferri
888 2009 1103 2067 tamen
1142 2000 1337 2085 jubeo
1390 2005 1419 2065 l
1475 1998 1761 2066 Corinth.
1816 2000 1877 2066 ’7.
1917 1998 1993 2066 7:
2032 1995 2249 2072 ἕκαςος
2288 2000 2432 2063 ἴδιον
2473 1995 2610 2078 ἔχει
2646 1994 2929 2076 χάρισμα

424 2169 430 2178 .
556 2111 625 2173 ἐκ
671 2107 840 2174 θεοῦ.

644 2320 821 2386 LXI.
894 2319 1277 2385 Rectissime
1340 2318 1629 2384 Venema
1697 2323 1925 2398 πρῶτος
2000 2314 2327 2402 supplevit
2404 2320 2436 2384 1
2506 2318 2652 2385 Joh.
2702 2322 2765 2386 4.
2818 2320 2922 2385 10:

552 2430 671 2509 οὐχ
741 2425 832 2492 ὅτι
899 2427 1077 2500 ἡμεῖς
1141 2426 1568 2503 ἠγαπήκαμεν
1631 2426 1734 2489 τὸν
1780 2423 1954 2501 θεόν,
2006 2427 2156 2490 ἀλλ’
2201 2423 2293 2491 ὅτι
2341 2426 2529 2499 αὐτὸς
2580 2428 2926 2512 (πρῶτος)

553 2533 882 2614 ἠγάπησεν
930 2534 1120 2609 ἡμᾶς.
1170 2530 1341 2596 Vera
1387 2533 1700 2615 scriptura
1747 2537 1997 2597 servata
2042 2538 2139 2597 est
2184 2554 2276 2599 vs.
2332 2532 2436 2597 19.

639 2745 845 2813 LXII.
892 2743 934 2809 2
981 2743 1125 2809 Joh.
1183 2743 1241 2807 1.
1292 2742 1365 2808 2:
1421 2739 1524 2805 διὰ
1572 2742 1683 2814 τὴν
1724 2740 2033 2816 άλήθειαν
2075 2744 2185 2816 τὴν
2222 2743 2629 2820 μένουσαν
2670 2746 2733 2808 ἐν
2774 2748 2926 2826 ἡμῖν,

546 2855 682 2920 καὶ
732 2853 872 2930 μεθ’
924 2853 1092 2927 ἡμῶν
1142 2848 1278 2918 ἔςαι
1324 2849 1409 2919 εἷς
1459 2848 1562 2911 τὸν
1611 2850 1820 2912 αἰῶνα.
1873 2848 2169 2913 Primum
2207 2849 2543 2915 Bentleius
2585 2850 2927 2916 laudandus

542 2970 639 3026 est
686 2961 796 3044 qui
844 2959 1203 3042 suspicatus
1253 2962 1347 3020 est
1391 2974 1505 3038 pro
1549 2953 1852 3030 μένουσαν
1899 2955 2325 3039 reponendum
2375 2976 2510 3022 esse
2575 2959 2924 3021 ἐνοῦσαν.

544 3068 879 3134 Praeterea
941 3059 1369 3147 supplendum
1436 3065 1533 3124 est
1580 3057 1671 3143 (ἢ)
1721 3059 1825 3123 καὶ
1875 3057 2030 3136 μεθ’
2084 3064 2251 3136 ἡμῶν
2298 3059 2474 3139 ἔςαι,
2524 3065 2718 3128 sicuti
2765 3063 2922 3127 idem

542 3192 713 3239 error
772 3168 1153 3236 commissus
1215 3166 1342 3230 fuit
1403 3167 1466 3229 in
1519 3163 1834 3230 Vaticano
1882 3165 2117 3231 Codice
2163 3167 2364 3232 Hebr.
2418 3167 2480 3232 9.
2530 3172 2591 3232 4.
2688 3167 2811 3235 Sed
2855 3168 2922 3232 de

540 3284 675 3343 toto
719 3276 839 3341 hoc
882 3273 1022 3339 loco
1067 3270 1481 3338 conferendus
1525 3283 1622 3335 est
1667 3270 2163 3358 Bakhuyzenius
2208 3293 2272 3358 p.
2326 3272 2480 3338 302.

631 3486 870 3554 LXIII.
919 3485 1237 3571 Apertum
1287 3488 1339 3549 si
1398 3484 1566 3568 quod
1616 3483 1791 3549 aliud
1831 3490 1927 3550 est
1963 3486 2202 3551 vitium
2246 3485 2286 3553 3
2323 3486 2468 3553 Joh.
2517 3491 2580 3553 6.
2619 3489 2920 3555 Venerunt

540 3596 619 3662 ad
686 3593 729 3659 J
732 3593 1044 3660 ohannem
1066 3639 1081 3667 ‚
1154 3594 1265 3675 qui
1335 3598 1475 3654 tum
1550 3589 1787 3673 Ephesi
1852 3591 2155 3679 degebat,
2221 3593 2416 3675 legati
2479 3595 2559 3660 ab
2620 3594 2814 3672 (hic,
2873 3588 2919 3657 οἳ

540 3697 972 3781 ἐμαρτύρησάν
1041 3721 1147 3761 σου
1234 3706 1312 3777 τῇ
1380 3693 1612 3774 ἀγάπη
1679 3697 1921 3761 ἐνώπιον
1994 3698 2347 3772 ἐκκλησίας.
2440 3700 2615 3778 Hos,
2690 3702 2917 3786 inquit,

538 3813 743 3877 καλῶς
792 3805 1172 3876 ποιήσεις
1219 3801 1724 3881 προπέμψας
1768 3800 1953 3877 άξίως
2003 3809 2108 3868 τοῦ
2158 3805 2309 3870 θεοῦ.
2361 3805 2487 3887 Qui
2535 3808 2700 3874 hane
2742 3808 2916 3890 scrip·

534 3920 746 3978 turam
818 3913 1115 3979 tuentur,
1181 3909 1526 3992 conjiciunt
1590 3907 1757 3992 quod
1815 3929 2064 3973 necesse
2113 3915 2244 3993 est,
2294 3910 2544 3999 legatos
2593 3913 2739 3979 illos
2786 3930 2914 3977 mox

534 4022 614 4087 ad
685 4016 926 4085 Gaium
990 4034 1123 4078 esse
1186 4012 1540 4096 redituros,
1607 4020 1681 4077 ut
1742 4014 2037 4098 deinceps
2099 4015 2257 4081 alias
2319 4019 2510 4083 urbes
2559 4020 2820 4102 adeant,
2859 4018 2916 4080 in

532 4127 766 4211 quibus
815 4119 1054 4186 Christi
1100 4138 1330 4182 nomen
1369 4118 1652 4182 nondum
1696 4118 1989 4184 auditum
2037 4120 2140 4185 vel
2183 4127 2350 4188 certe
2392 4124 2782 4191 celebratum
2821 4125 2914 4187 sit.

533 4228 838 4314 Sequitur
908 4231 1120 4290 tamen
1190 4245 1285 4289 vs.
1356 4224 1434 4290 ¹7:
1501 4224 1648 4303 ὑπὲρ
1713 4224 1837 4304 γὰρ
1904 4230 2010 4290 τοῦ
2071 4225 2370 4304 ὀνόματος
2436 4228 2704 4306 ἐξῆλθον
2746 4228 2918 4308 μηδὲν

532 4332 973 4413 λαμβάνοντες
1025 4329 1150 4394 άπὸ
1197 4334 1315 4393 τῶν
1365 4330 1625 4404 ἐθνικῶν,
1679 4332 1746 4394 in
1787 4330 2020 4414 quibus
2061 4334 2275 4400 verbis
2313 4338 2690 4422 scrupulum
2731 4336 2918 4423 injicit
