3192 5017
1430 275 1793 323 nummum.
2721 252 2803 319 13

427 448 653 538 poeta?
726 449 971 534 Nempe
1040 468 1179 523 eos,
1244 449 1312 510 in
1369 448 1602 530 quibus
1662 444 1827 511 nihil
1885 444 2120 532 flagitii
2176 446 2410 509 inesset
2471 446 2707 530 quique
2769 464 2809 509 a

424 564 653 623 natura
725 556 1039 622 eximium
1112 554 1351 619 donum
1411 556 1520 628 τὴν
1582 552 1972 635 σωφροσύνην
2035 554 2372 628 haberent;
2433 552 2807 617 crediderim

428 665 744 749 scriptum
793 662 988 726 fuisse
1035 659 1224 731 olim;
1275 656 1433 732 ὅσοις
1479 658 1795 729 ἅλοις-ον
1844 657 2067 744 μηδέν,
2119 679 2243 743 quo
2289 680 2474 724 sensu
2523 659 2808 726 Theseus

424 770 590 836 infra
653 788 746 836 vs.
812 764 983 833 877:
1048 766 1211 851 βοᾷ,
1277 767 1522 851 inquit,
1569 766 1695 851 βοᾷ
1745 765 1950 839 δέλτος
2001 763 2244 834 ἅλοις-οι.
2293 764 2628 831 Leniorem
2676 786 2808 831 me-

425 876 702 941 dicinam
750 873 922 939 haud
968 871 1155 939 facile
1200 874 1539 939 inveneris.

519 1088 715 1156 Chori
764 1085 1035 1173 parodus
1081 1092 1178 1152 est
1224 1108 1319 1155 vs.
1374 1087 1532 1153 121:

784 1194 1188 1258 Ὠκεανοῦ
1241 1217 1366 1265 τις
1415 1192 1564 1275 ὕδωρ
1613 1192 1889 1274 ςοὶζουσοι
1940 1192 2140 1275 πέτροι
2187 1192 2451 1270 λέγεται

788 1299 1055 1376 βοοκ-τᾶν
1101 1298 1364 1365 κάλπισι
1408 1301 1593 1383 ῥυτάν

786 1405 1011 1485 παγὰν
1057 1410 1333 1487 προϊεῖσα
1381 1412 1676 1488 κρημνῶν.

432 1512 693 1578 Beiskio
752 1516 816 1577 et
880 1510 1342 1578 Valckenaerio
1386 1515 1550 1578 mari
1596 1516 1809 1581 vicina
1852 1534 2042 1599 rupes
2088 1516 2347 1578 ὠκεανοῦ
2394 1510 2591 1593 πέτρα
2641 1514 2812 1581 dicta

431 1619 688 1685 videtur
730 1617 921 1701 idque
967 1619 1473 1706 interpungendo
1517 1619 1928 1686 indicandum
1981 1622 2450 1697 existimarunt,
2507 1641 2586 1685 ne
2648 1641 2812 1706 aqua

435 1724 602 1789 salsa
646 1723 724 1788 de
770 1743 927 1808 rupe
975 1723 1362 1810 destillaret,
1409 1746 1534 1811 qua
1581 1729 1868 1813 virgines
1914 1727 2259 1792 utebantur
2303 1724 2517 1807 φοὶρεοι
2574 1726 2811 1807 πορφύ-

431 1853 537 1911 ρεοι
587 1830 875 1911 ποταμίᾳ
922 1827 1106 1910 δρόσῳ
1152 1830 1524 1908 τέγγουσαι.
1570 1831 1809 1897 Verum
1855 1832 2359 1919 interpungendo
2406 1851 2530 1897 non
2585 1830 2812 1898 efficie-

427 1955 574 2001 mus
597 1983 614 2012 ‚
689 1938 764 1998 ut
832 1955 909 1999 ne
968 1935 1321 2020 impeditus
1386 1938 1726 2023 verborum
1792 1938 1943 2003 ordo
2003 1937 2314 2003 videatur.
2384 1935 2601 2024 Magis
2648 1938 2812 2004 mihi

434 2048 601 2108 certe
663 2039 927 2125 probata
970 2040 1294 2107 Eustathii
1339 2045 1655 2108 sententia
1701 2043 1781 2108 ad
1826 2043 2010 2109 Iliad.
2062 2065 2124 2129 p.
2175 2040 2328 2108 267.
2379 2041 2503 2108 28:
2555 2042 2812 2122 ἐλέγετο

432 2151 560 2213 πᾶν
609 2143 756 2225 ὕδωρ
804 2145 910 2209 καὶ
957 2146 1267 2217 Ὠκεανὸς
1316 2151 1486 2214 κατά
1533 2174 1605 2213 τε
1649 2149 1754 2214 τὸν
1796 2147 2071 2229 Ὅμηρον
2117 2149 2222 2214 xa)
2271 2149 2409 2222 τοὺς
2457 2148 2807 2231 Ὀμηρίζον-

429 2276 591 2331 τοις,
662 2253 721 2315 ἐν
791 2245 876 2322 οἷς
945 2254 1050 2317 καὶ
1116 2255 1445 2334 Εὐριπίδης
1509 2258 1690 2321 εἱσι-ὼν
1755 2258 1831 2329 ὥς
1894 2256 2102 2336 Πέτρα
2148 2279 2242 2326 τις
2296 2254 2609 2321 Ὠκεανοῦ
2658 2255 2840 2343 ὕδωρ,

433 2358 646 2442 ςάζει,
709 2357 950 2425 ‘tovi-bct
1009 2362 1238 2435 πηγήν.
1333 2362 1612 2446 Apparet
1670 2364 1875 2449 igitur
1933 2363 2087 2447 quid
2149 2361 2529 2426 Eustathius
2576 2363 2644 2440 in
2690 2382 2807 2428 suo

431 2465 642 2533 codice
703 2465 1018 2530 invenerit
1070 2465 1261 2549 idque
1305 2468 1653 2534 necessario
1700 2470 2082 2553 accipiemus
2128 2487 2201 2533 eo
2246 2486 2467 2541 sensu.
2517 2488 2641 2552 quo
2687 2466 2812 2533 Ar-

432 2570 863 2657 chiepiscopus
947 2569 1231 2645 invenit,
1304 2570 1498 2637 donec
1570 2572 1813 2658 aliquid
1885 2573 2119 2637 melius
2188 2575 2527 2638 inventum
2596 2573 2812 2638 fuerit.

430 2678 677 2745 Verum
715 2676 968 2741 etiamsi
1005 2673 1327 2740 Homerus
1364 2675 1596 2743 Oceani
1642 2681 1898 2744 nomine
1938 2678 2481 2764 comprehenderit
2506 2677 2814 2763 quidquid

432 2786 668 2870 ubique
712 2782 1078 2847 inveniatur
1125 2800 1203 2845 ex
1251 2781 1648 2870 hydrogenio
1697 2788 1762 2848 et
1806 2785 2133 2870 oxygonio
2181 2788 2468 2849 constans
2497 2834 2512 2861 ‚
2555 2785 2709 2870 quid
2746 2784 2814 2849 id

431 2890 586 2956 facit
632 2888 774 2969 πρὸς
822 2885 924 2951 τὸν
973 2887 1328 2965 Εὐριπίδην,
1382 2908 1530 2953 cum
1576 2910 1767 2955 nemo
1805 2890 2091 2956 docuerit
2127 2890 2544 2956 Athenienses
2580 2888 2814 2956 Oceani

434 2998 689 3062 nomine
754 2997 949 3060 etiam
1017 2994 1342 3060 fontanam
1408 3015 1642 3079 aquam
1707 2996 2304 3081 comprehendisse?
2375 2993 2816 3081 circumspexi

433 3102 744 3187 numquid
804 3096 965 3166 forte
1024 3102 1159 3185 ipse
1221 3108 1407 3185 poeta
1467 3107 1829 3187 suppeteret
1893 3122 2017 3188 quo
2067 3104 2166 3168 uti
2213 3122 2562 3188 possemus.
2654 3101 2817 3167 Ecce

436 3214 650 3274 autem
700 3227 834 3273 sese
878 3208 1045 3272 mihi
1086 3206 1324 3273 obtulit
1373 3208 1750 3273 simillimus
1798 3208 1976 3275 locus
2021 3210 2089 3274 in
2134 3207 2366 3275 Helen.
2426 3207 2592 3276 179:

1159 3314 1494 3384 κυανοειδὲς
1542 3311 1725 3395 ἀμφ’
1776 3311 1925 3395 ὕδωρ

1161 3415 1385 3498 ἔτυχον
1434 3416 1616 3485 ἕλικά
1663 3422 1722 3485 τ’
1768 3421 1890 3486 dv&
1937 3419 2145 3502 χλόαν

1169 3525 1455 3604 Φοίνικας
1504 3524 1684 3591 οὶλίου
1732 3524 2006 3599 πέπλους

1168 3633 1470 3710 αὐγαῖσιν
1520 3632 1581 3695 ἐν
1629 3640 1771 3704 ταῖς
1814 3630 2108 3712 ’χρυσέαις

1164 3737 1664 3819 ἀμφιθάλπουσ’
1714 3738 1774 3804 ἓν
1820 3763 1892 3804 τε
1940 3738 2186 3811 δόνακος
2236 3738 2475 3821 ἔρνεσιν.

442 3845 657 3932 Atque
724 3846 872 3910 hinc
935 3846 1000 3908 in
1065 3844 1445 3931 Hyppolyto
1510 3846 1738 3911 itidem
1803 3846 2245 3932 corrigendum
2313 3867 2446 3912 esse
2493 3845 2824 3912 existimo:

448 3951 937 4023 Κυανοειδὶς
995 3950 1142 4031 ὕδωρ
1191 3948 1470 4032 ςάζουσοι
1518 3951 1718 4030 πέτραι
1765 3950 2052 4031 λέγεται.

539 4162 648 4230 Vs.
703 4158 832 4228 183
878 4163 1096 4227 nutrix
1145 4162 1433 4246 queritur
1477 4160 1556 4226 de
1603 4160 1927 4228 Phaedrae
1973 4162 2425 4227 inconstantia:

860 4268 1045 4349 τάχα.
1096 4266 1152 4332 δ’
1206 4265 1264 4339 ἐς
1315 4264 1649 4342 θαλάμους
1700 4268 2086 4339 σπεύσεις
2136 4267 2206 4332 τὸ
2255 4268 2468 4335 πάλιν.

450 4374 577 4440 Hic
638 4377 906 4440 minime
967 4373 1143 4440 locus
1188 4378 1284 4437 est
1329 4373 1546 4437 futuro
1593 4376 1862 4459 tempori
1909 4380 1974 4440 et
2018 4375 2236 4439 statim
2288 4376 2605 4459 sequitur:
2655 4378 2834 4458 τοοχὺ
