3192 5017
1329 295 1545 354 suros.
2501 273 2632 351 327

342 470 607 541 Timoth.
677 474 791 542 ΙΙΙ.
842 475 919 541 5:
979 477 1250 565 populus
1294 501 1469 564 acer,
1515 479 1806 566 suspicax
1855 513 1937 525 —
1985 478 2173 541 etiam
2211 478 2525 565 potentiae
2569 478 2636 541 in

248 583 462 646 crimen
508 584 912 648 vocabantur.
2632 647 2641 654 .

256 738 264 744 .
327 685 535 753 Locus
581 695 685 754 est
728 689 900 755 lacer
944 694 1010 754 et
1053 710 1198 775 pars
1242 683 1584 756 verborum
1629 691 1822 775 periit
1836 735 1855 766 ,
1904 687 2013 753 sed
2059 685 2295 752 ultima
2341 690 2432 752 sic
2478 688 2634 752 satis

246 794 570 860 commode
635 798 893 861 restitui
954 802 1245 881 possunt:
1303 799 1492 861 etiam
1539 796 1857 860 opulentia
1893 797 1960 858 in
2006 796 2235 859 crimen
2280 793 2632 858 vocabatur.

244 903 310 961 ut
369 901 435 963 in
503 891 794 966 ‘Chabria
853 900 968 966 III.
1034 900 1106 968 2:
1173 902 1405 965 vivebat
1451 901 1616 965 laute
1661 913 1718 965 et
1766 898 2116 984 indulqebat
2162 900 2281 963 san·
2323 897 2634 963 liberalius

243 1025 420 1087 quam
492 1019 570 1068 ut
637 1008 938 1071 invidiam
1000 1007 1170 1092 vulyi
1219 1019 1429 1094 posset
1489 1008 1769 1094 effuqere.
1831 1018 1920 1070 est
1964 1007 2127 1069 enim
2171 1006 2280 1069 hoc
2322 1028 2636 1070 commune

242 1112 449 1173 vitium
510 1115 767 1197 maynis
829 1112 1150 1199 liberisque
1210 1114 1557 1177 civitatibus
1619 1124 1688 1176 ut
1744 1113 1979 1175 invidia
2037 1111 2273 1196 ylo‘n‘ae
2315 1134 2507 1176 comes
2553 1114 2635 1175 sit

245 1252 318 1262 —
365 1239 564 1303 neque
614 1221 826 1283 animo
872 1241 1064 1305 aequo
1102 1241 1412 1306 pauperes
1458 1219 1726 1283 alienam
1773 1217 2151 1305 opulentiam
2194 1218 2575 1282 intueantur.

319 1319 392 1385 In
456 1320 679 1388 Taciti
745 1325 1038 1408 Aqricola
1082 1325 1118 1409 ξ
1169 1324 1228 1389 1
1282 1324 1436 1389 libri
1483 1323 1822 1389 exhibent.
1872 1326 2106 1409 quoties
2149 1345 2378 1408 mayna
2423 1319 2637 1408 aliqua

241 1462 316 1471 —
378 1430 590 1492 virtus
652 1430 795 1494 vicit
856 1453 928 1494 ac
973 1452 1364 1517 superyressa
1410 1442 1499 1495 est
1549 1431 1811 1514 [vitium
1860 1429 2077 1515 parvis
2124 1430 2501 1515 magnisque
2549 1431 2637 1493 ci-

240 1533 551 1598 vitatibus
619 1536 990 1620 commune]
1038 1537 1459 1621 ignorantiam
1505 1538 1657 1600 recti
1698 1547 1756 1600 et
1804 1535 2122 1599 invidiam.
2217 1533 2425 1599 Acute
2473 1533 2639 1599 vidit

241 1634 631 1726 Peerlkamp
696 1641 890 1707 verba
947 1643 1168 1705 vitium
1214 1679 1295 1688 —
1347 1664 1663 1707 commune
1711 1662 1789 1706 ex
1834 1640 1955 1705 hoc
2001 1639 2270 1725 Nepotis
2316 1638 2456 1705 loco
2503 1660 2637 1705 esse

241 1743 644 1828 interpolata.
740 1744 909 1811 Hinc
969 1751 1184 1811 autem
1249 1745 1485 1832 Nepoti
1549 1747 1941 1812 reddendum
2008 1766 2264 1811 censeo:
2325 1769 2639 1811 commune

241 1851 453 1913 vitium
491 1867 733 1917 nnus
772 1855 1140 1937 maqnisoun
1177 1853 1520 1918 civitatibus
1540 1900 1555 1930 ‚
1600 1850 1809 1917 deleto
1833 1851 2179 1937 liberisque,
2206 1870 2353 1916 nam
2379 1851 2637 1936 perinde

242 1955 302 2019 in
349 1962 617 2045 magnis
664 1963 730 2023 et
779 1960 995 2043 parvis
1042 1960 1416 2024 civitatibus
1463 1957 1675 2045 gloria
1718 1955 2032 2022 invidiam
2080 1958 2267 2041 parit.

341 2170 613 2237 Timotk.
675 2171 786 2236 IV.
854 2172 928 2237 1:
994 2195 1145 2259 quos
1205 2196 1355 2236 avus
1427 2169 1638 2238 Conon
1692 2194 1903 2236 mua-os
1962 2194 2036 2236 ex
2082 2172 2350 2236 hostium
2390 2175 2633 2258 praeda

241 2280 485 2362 patriae
533 2282 925 2356 restituerat,
974 2281 1209 2343 eosdem
1257 2302 1444 2366 nepos
1477 2303 1616 2343 cum
1656 2302 1900 2343 summa
1936 2281 2276 2364 iynominia
2297 2276 2632 2367 [familiae]

246 2401 314 2443 ex
357 2406 474 2448 sua
523 2408 593 2450 re
628 2378 955 2471 familiari
999 2386 1243 2471 reficere
1281 2397 1520 2450 coactus
1564 2398 1673 2450 est.

327 2486 697 2555 Delendum
772 2497 867 2555 est
927 2489 1273 2555 molestum
1340 2496 1405 2555 et
1464 2490 1907 2575 importunum
1964 2491 2257 2576 familiae
2317 2513 2395 2558 ex
2442 2492 2634 2558 ditto-

247 2597 513 2679 graphia
557 2603 806 2662 natum.
856 2593 1093 2662 Contra
1135 2598 1202 2660 in
1249 2599 1383 2661 loco
1424 2595 1859 2683 pereleganter
1898 2600 2249 2681 composito
2289 2600 2356 2662 in
2396 2617 2634 2684 magna

250 2702 680 2768 membrorum
721 2704 1143 2767 concinnitate
1180 2701 1488 2767 excidisse
1526 2702 1780 2766 videtur
1818 2700 2061 2785 aliquid
2100 2704 2203 2766 cui
2228 2728 2364 2767 cum
2387 2727 2631 2766 summa

249 2808 610 2874 contumelia
657 2807 1098 2892 respondebat.
1191 2807 1489 2893 Suspicor
1534 2806 1690 2873 olim
1740 2807 1972 2872 fuisse:
2020 2831 2170 2894 quos
2216 2832 2368 2873 avus
2423 2806 2634 2874 Conon

251 2933 452 2978 muros
500 2929 636 2980 olm
679 2930 937 2979 mma
986 2929 1220 2977 GLORIA
1269 2937 1343 2978 ea·
1390 2914 1660 2979 hostium
1692 2916 1937 3001 praeda
1968 2917 2221 3001 patriae
2257 2917 2632 2992 restituerat,

248 3021 475 3083 eosdem
540 3043 726 3108 nepos
784 3043 921 3084 oum
984 3042 1229 3083 summa
1274 3021 1591 3104 iqnomina
1635 3040 1710 3083 eso
1762 3043 1875 3084 sua
1920 3042 1986 3084 re
2019 3020 2349 3106 familiari
2390 3023 2631 3109 reficere

249 3138 478 3191 coactus
526 3139 635 3191 est.

345 3335 613 3403 Timoth.
662 3337 786 3403 111.
840 3337 914 3402 5:
964 3338 1075 3403 hoc
1119 3340 1344 3403 iudicio
1389 3340 1733 3404 damnatur
1790 3337 2160 3404 Timotheus.
2208 3376 2296 3388 -
2342 3339 2442 3405 ille
2487 3341 2628 3405 odio

250 3438 528 3525 inyratae
571 3446 835 3509 civitatis
886 3444 1191 3529 [coactus]
1252 3441 1600 3509 Chalcidem
1646 3467 1706 3509 se
1749 3444 2023 3510 contulit.

336 3546 481 3616 Non
542 3551 701 3615 bene
745 3551 1104 3636 iunguntur
1150 3552 1289 3614 odio
1336 3562 1612 3633 coactus,
1661 3570 1937 3635 namque
1983 3549 2202 3616 odium
2254 3557 2461 3636 potest
2505 3553 2627 3617 im-

251 3652 460 3736 pellere
481 3704 498 3734 ,
537 3657 824 3732 incitare,
862 3656 1159 3719 adducere
1199 3653 1478 3739 aliquem
1503 3701 1518 3732 ‚
1561 3655 1671 3720 sed
1706 3655 1984 3720 invitum
2027 3679 2230 3742 coyere
2252 3678 2375 3723 non
2400 3665 2626 3743 potest.

257 3753 517 3828 Romani
577 3761 782 3827 solent
828 3763 896 3826 in
943 3759 1061 3825 tali
1109 3781 1178 3825 re
1226 3763 1366 3826 odio
1413 3780 1642 3846 ponere
1687 3764 1822 3827 sine
1869 3763 2230 3848 participio·
2322 3763 2629 3829 Horatius

259 3861 450 3951 Epist.
501 3867 554 3932 Ι.
605 3867 709 3932 11.
761 3865 836 3932 6:

609 3999 693 4038 an
738 3972 1047 4038 Lebedum
1093 3973 1314 4037 laudas
1360 3974 1499 4038 odio
1544 3976 1742 4039 maris
1787 3986 1971 4061 atque
2015 3974 2307 4040 viarum?

354 4183 618 4250 Rmoth.
680 4181 791 4247 IV.
854 4182 934 4248 2:
1000 4206 1126 4248 non
1187 4183 1386 4248 solum
1433 4185 1622 4248 amici
1654 4187 2017 4272 privatique
2056 4184 2323 4274 hospites
2367 4189 2451 4252 ad
2495 4210 2632 4254 eum

266 4286 697 4460 (ξςζοοηῗιεῗιᾱωη
780 4301 1183 4353 convenerunt
1202 4336 1218 4365 ,
1288 4290 1394 4354 sed
1460 4292 1649 4354 etiam
1723 4290 1822 4373 [in
1892 4291 1999 4373 iis]
2072 4291 2257 4356 Iason
2333 4305 2636 4377 tyrannus

400 4421 429 4459 ε
490 4417 608 4461 ωε.
