3192 5017
1287 312 1648 359 smm’mna.
2530 291 2658 359 149

275 483 464 550 Musa
530 484 857 549 cothurnis
918 484 1157 550 relictis
1212 485 1441 550 induta
1503 487 1703 549 soccis
1747 483 2003 549 incedit.
2098 481 2341 548 Deinde
2389 485 2661 549 nuncius

275 592 368 655 ita
413 588 767 656 declamare
814 592 1075 675 incipit:

729 696 863 761 ἐπεὶ
915 695 1196 777 Κρέοντος
1246 704 1396 768 παῖς
1446 698 1473 759 ὁ
1520 703 1641 776 γῆς
1692 693 2046 775 ὑπερθανὼν

728 802 978 882 πύργων
1028 804 1126 866 ἐπ’
1174 803 1370 879 ἄκρων
1415 806 1533 872 cde
1583 801 1958 879 μελάνδετον
2006 802 2187 885 ξίφος

725 917 969 985 λαιμῶν
1014 910 1188 984 διῆκε.
1227 912 1371 989 τῇδε
1418 919 1505 988 γῇ
1553 910 1871 986 σωτήριον,
1924 911 2049 973 κτὲ.

272 1014 524 1101 Regina
586 1022 802 1082 autem
853 1016 931 1081 de
976 1017 1189 1080 fratris
1238 1015 1368 1081 filio
1415 1037 1527 1080 cur
1573 1037 1707 1080 sese
1753 1036 1985 1102 magno
2032 1017 2246 1081 animo
2292 1036 2405 1101 pro
2453 1019 2660 1101 patria

275 1120 632 1197 devoverit,
683 1124 956 1187 necdum
1005 1122 1353 1206 quidquam
1404 1124 1664 1186 rescivit
1711 1143 1912 1206 neque
1959 1122 2286 1206 hucusque
2330 1124 2661 1189 resciscere

272 1227 504 1310 potuit.
598 1225 879 1292 Simulat
924 1234 1140 1293 tamen
1185 1249 1251 1293 se
1296 1227 1661 1315 intelligere
1706 1248 1866 1311 quae
1911 1229 2165 1314 ignorat
2213 1234 2278 1292 et
2321 1234 2659 1314 postquam

273 1333 546 1397 nuncius
593 1333 885 1398 versibus
933 1331 1076 1417 plus
1123 1353 1316 1418 quam
1362 1340 1617 1398 centum
1667 1334 2023 1418 peroravit,
2070 1332 2422 1399 exclamat:

731 1438 926 1517 Κρέων
970 1437 1028 1503 δ’
1080 1439 1235 1503 ἔοικε
1282 1446 1400 1503 τῶν
1446 1439 1607 1514 ἐμῶν
1655 1437 2121 1516 νυμφευμάτων

730 1552 848 1610 τῶν
894 1543 956 1608 τ’
1008 1545 1268 1610 Οἰδίπου
1318 1544 1565 1620 ὃύςηνος
1610 1544 1987 1616 ἀπολαύσας
2034 1551 2235 1609 κακῶν

730 1653 947 1722 παιδὸς
998 1649 1311 1734 ςερηὸείς,
1359 1661 1437 1732 τῇ
1486 1652 1665 1717 πόλει
1712 1652 1825 1727 μὲν
1875 1651 2191 1729 εὐτυχῶς,

732 1759 855 1840 ἰδίᾳ
901 1758 964 1822 δὲ
1012 1764 1272 1835 λυπρῶς.

271 1865 468 1932 Vides
531 1886 726 1950 quam
794 1863 1011 1931 hiulce
1065 1864 1221 1928 haec
1269 1865 1623 1949 composita
1668 1866 1833 1938 sint,
1880 1884 2005 1928 neo
2044 1862 2267 1929 dubito
2314 1866 2468 1948 quin
2511 1865 2668 1931 haec

274 1975 572 2057 pericope
636 1991 785 2035 cum
837 1969 983 2035 aliis
1030 1969 1259 2034 multis
1307 1970 1597 2035 versibus
1643 1968 1900 2034 aliunde
1947 1989 2271 2053 perperam
2321 1971 2447 2035 huc
2491 1970 2674 2036 illata

272 2078 360 2142 sit
384 2125 399 2155 ‚
479 2078 733 2143 etiamsi
806 2079 873 2140 in
943 2075 1221 2162 singulis
1286 2076 1893 2140 contaminationem
1963 2077 2333 2159 neutiquam
2406 2095 2671 2163 arguere

272 2204 615 2268 possimus.

364 2396 476 2462 Vs.
524 2394 729 2460 1100:
1340 2395 1683 2476 περγάμων
1735 2394 1791 2460 δ’
1842 2393 1956 2460 ἀπ’
2002 2391 2216 2475 ὀρθίων

814 2502 1161 2568 λεύκασπιν
1209 2502 1533 2580 εἰσορῶμεν
1578 2504 1875 2582 Ἀργείων
1924 2501 2141 2580 ς’ρατόν

825 2608 1153 2686 Τευμησὸν
1202 2608 1446 2671 ἐκλιπ
1467 2607 1596 2671 όντ
1615 2633 1680 2670 α.

273 2714 543 2781 Rectius
590 2720 720 2779 est:
771 2714 1303 2778 ἐκλείποντα.

365 2923 730 3010 Impeditus
773 2923 951 2990 locus
999 2930 1095 2989 est
1141 2923 1218 2989 de
1265 2920 1556 3008 Capaneo
1602 2943 1698 2988 vs.
1755 2918 1961 2985 1184:

907 3028 914 3035 ’
1530 3029 1597 3092 ἐκ
1648 3028 1709 3093 δὲ
1755 3025 2079 3104 κλιμάκων

650 3138 1053 3217 ἐσφενδονᾶτο
1100 3142 1286 3216 χωρὶς
1334 3136 1628 3209 άλλῆλων
1673 3132 1836 3211 μέλη
1861 3183 1876 3210 ,

649 3241 897 3319 κόμαι
946 3242 1061 3318 μὲν
1109 3243 1194 3312 εἰς
1231 3244 1608 3318 ”Ολυμπον,
1662 3236 1826 3316 αἷμα
1874 3240 1927 3303 δ’
1974 3240 2035 3311 ἐς
2082 3236 2329 3318 χθόνα,

649 3357 857 3429 χεῖρες
902 3349 967 3413 δὲ
1014 3348 1119 3413 καὶ
1169 3353 1315 3412 κῶλ’
1362 3348 1438 3416 ὣς
1487 3348 1765 3423 κύκλωμ’
1812 3343 2052 3421 Ἰξίονος

652 3455 983 3520 εἱλίσσετ’·
1036 3455 1095 3527 ἐς
1135 3462 1263 3533 γῆν
1310 3454 1363 3519 δ’
1413 3453 1679 3531 ἔμπυρος
1728 3453 1945 3517 πίπτει
1995 3451 2215 3531 νεκρός.

280 3562 549 3628 Geelius
613 3583 677 3648 p.
740 3560 870 3626 182
932 3567 1196 3626 conatus
1258 3566 1356 3624 est
1402 3559 1764 3636 ostendere,
1813 3560 2169 3624 insiticium
2216 3579 2349 3624 esse
2395 3560 2671 3626 stultum

281 3665 678 3736 versiculum
753 3668 830 3733 de
901 3669 1199 3732 manibus
1263 3674 1329 3731 et
1399 3666 1665 3750 pedibus
1738 3665 2007 3731 turbone
2077 3664 2380 3743 sublatis;
2448 3666 2672 3733 deinde

281 3773 586 3839 Geelium
651 3781 902 3839 secutus
965 3779 1159 3840 etiam
1223 3772 1481 3860 longius
1543 3791 1913 3859 progressus
1971 3779 2067 3836 est
2112 3771 2441 3836 Nauckius
2486 3771 2666 3838 Stud.

281 3879 512 3964 Eurip.
581 3879 614 3944 l
676 3901 737 3964 p.
805 3879 915 3962 87,
978 3884 1080 3946 cui
1149 3882 1354 3944 tribus
1415 3881 1679 3942 senariis
1727 3881 2060 3962 expunctis
2105 3877 2273 3941 nihil
2318 3879 2667 3964 genuinum

283 3992 484 4071 atque
551 3985 969 4071 Euripideum
1040 3992 1134 4050 est
1192 4000 1441 4070 praeter
1502 3987 1710 4068 prima
1770 3985 1964 4048 verba
2024 3989 2089 4048 et
2151 3989 2467 4059 extrema,
2516 4005 2675 4068 quae

283 4093 631 4176 descripsi,
697 4099 770 4156 ut
833 4094 1330 4178 conjungantur:
1390 4091 1459 4154 ἐκ
1505 4092 1566 4155 δὲ
1616 4090 1937 4166 κλιμάκων
1986 4089 2311 4154 εἱλίσσετο.
2407 4087 2674 4156 Comam

284 4199 673 4265 volitantem
736 4204 809 4260 ut
875 4203 1265 4272 removeret,
1325 4194 1589 4262 Geelius
1654 4197 2079 4279 conjecturam
2142 4195 2358 4258 minus
2420 4194 2672 4261 felicem

284 4301 693 4388 periclitatus
738 4307 869 4385 est,
918 4302 1029 4366 sed
1076 4302 1249 4367 idem
1298 4307 1442 4386 post
1487 4299 2015 4365 Valckenaerium
2063 4302 2417 4366 rectissime
2460 4301 2678 4369 docuit

287 4409 581 4475 Statium
627 4409 783 4474 dum
836 4410 1134 4474 scriberet
1180 4406 1379 4471 Theb.
1430 4406 1492 4469 X
1541 4405 1709 4470 922:
