3192 5017
1200 306 1590 360 sornoonm.
2458 286 2592 358 229

237 488 385 548 tatae
426 482 660 547 fuerint
676 530 693 559 ,
733 502 859 547 non
898 486 1110 546 tamen
1150 481 1453 566 decrepiti
1494 500 1673 545 senes
1710 485 1882 545 stant
1918 479 1986 543 in
2025 481 2345 547 orchestra
2381 484 2590 548 otiosi.

233 586 381 652 Hinc
445 588 600 652 οὗτοι
667 590 724 651 α’
787 586 1052 671 ἀφήσω,
1116 588 1354 672 inquit,
1416 584 1599 651 τῶνδέ
1660 587 1727 664 γ’
1786 586 2137 666 έςερημένος
2186 608 2389 673 neque
2436 590 2590 654 adeo

233 692 364 758 satis
422 714 648 760 causae
712 699 842 770 est,
909 713 1023 758 cur
1085 693 1446 778 quindecim
1514 712 1692 757 senes
1747 712 1952 757 unum
2000 712 2213 758 senem
2260 699 2554 761 metuant
2570 715 2587 773 ;

234 799 373 864 dixit
412 806 577 866 certe
624 797 830 866 Creon
874 819 966 865 16.
1018 796 1223 865 8¹75:-

561 906 727 972 οὗτοι
780 903 1025 982 καθέξω
1072 903 1274 982 θυμὸν
1321 906 1473 970 ἀλλ’
1521 902 1653 980 ἄξω
1697 903 1816 987 βίᾳ

566 1013 661 1076 κεί
713 1009 1002 1090 μοῦνός
1051 1013 1208 1090 εἰμι,
1259 1009 1467 1087 τόνδε,
1514 1011 1620 1075 καὶ
1668 1010 1921 1092 χρόνῳ
1966 1010 2252 1091 βαρύς.

233 1113 381 1182 Η1116
435 1138 630 1204 supra
693 1139 886 1183 suum
947 1116 1267 1184 auxilium
1285 1165 1302 1196 ,
1362 1137 1487 1183 non
1532 1115 1814 1182 alienum
1835 1164 1853 1195 ,
1901 1137 2078 1183 senes
2123 1116 2395 1202 polliciti
2442 1126 2592 1185 sunt

229 1219 314 1285 1116
355 1224 594 1289 verbis:

663 1329 902 1415 θάρσει,
952 1330 1253 1410 παρέςαι·
1303 1329 1409 1395 καὶ
1459 1329 1586 1408 γὰρ
1635 1329 1687 1394 εἲ
1734 1328 1926 1409 γέρων
1973 1331 2095 1408 ἐγὼ

662 1439 733 1504 τὸ
779 1437 960 1513 τῆςδε
1005 1437 1278 1518 χειρὸς
1327 1437 1394 1502 οὐ
1438 1435 1794 1516 γεγήρακεν
1844 1433 2080 1508 σθένος.

300 1645 507 1714 Minus
578 1655 755 1715 certa
821 1649 1135 1714 medicina
1203 1666 1334 1723 est,
1406 1668 1530 1732 qua
1601 1648 1940 1715 subvenire
2000 1648 2182 1715 lubet
2250 1648 2590 1737 Oedipodis

233 1752 445 1831 verbis,
499 1776 665 1841 quae
712 1755 1017 1844 leguntur
1062 1776 1155 1822 16.
1208 1753 1376 1821 761:

651 1858 692 1926 ὦ
743 1862 955 1927 πάντα
1002 1863 1248 1939 τολμῶν
1293 1861 1461 1924 κάπὸ
1511 1859 1745 1931 παντὸς
1795 1859 1871 1924 ἄν
1919 1859 2183 1942 φέρων

666 1967 855 2046 λόγου
904 1967 1138 2033 δικαίου
1186 1967 1548 2047 μηχάνημα
1594 1967 1884 2031 ποικίλον.

236 2066 341 2134 Ρ10
401 2073 685 2159 generali
746 2075 941 2140 verbo
1001 2072 1198 2154 φέρων
1258 2073 1364 2137 1116
1424 2074 1676 2158 requiro
1732 2073 1999 2137 verbum
2046 2071 2302 2158 aliquod
2348 2073 2593 2161 signifi-

235 2178 451 2242 cantius
511 2186 579 2246 et
645 2188 866 2265 sponte
920 2200 1055 2247 sese
1100 2180 1267 2244 mihi
1315 2177 1552 2244 obtulit
1597 2179 2006 2264 participium
2058 2180 2394 2245 πλέκων.
2487 2179 2593 2248 Sic

232 2277 543 2368 Euripides
592 2286 761 2351 dixit
804 2285 998 2352 Rhes.
1050 2285 1185 2351 834
1233 2287 1471 2350 πλέκων
1514 2282 1772 2362 λόγους,
1816 2285 2117 2351 Androm.
2161 2284 2247 2351 66
2288 2288 2591 2368 μηχανὰς

234 2387 487 2468 πλέκειν,
554 2392 691 2458 Ion.
756 2390 889 2457 826
938 2396 1179 2464 πλοκὰς
1231 2392 1515 2468 πλέκειν,
1565 2390 1697 2456 Ion.
1759 2391 1929 2457 1280
1977 2392 2043 2457 ἐκ
2091 2393 2316 2473 τέχνης
2363 2392 2593 2474 τέχνην

237 2489 341 2557 οἵαν
382 2495 606 2581 ἔπλεξε
653 2506 718 2564 et
762 2499 830 2564 in
877 2500 1099 2566 eadem
1147 2497 1365 2564 fabula
1410 2519 1504 2564 16.
1557 2495 1732 2562 1410
1781 2503 2025 2563 παῦσαι
2073 2499 2411 2565 πλέκουσα.

310 2703 563 2775 Ρ1016116
611 2713 859 2775 constat
905 2710 983 2774 de
1021 2709 1307 2774 lectionis
1352 2709 1515 2773 vitio
1563 2714 1630 2771 et
1674 2707 1751 2772 de
1797 2706 2078 2772 remedio
2123 2730 2219 2774 16.
2270 2708 2426 2784 774,
2478 2712 2590 2776 ubi

240 2803 491 2896 Oedipus
554 2815 776 2880 acerbe
839 2817 1127 2900 queritur
1192 2812 1526 2879 Creontem
1591 2834 1658 2878 se
1717 2813 1785 2878 11
1846 2813 1913 2877 111
1974 2814 2242 2898 patriam
2294 2816 2591 2882 reducere

240 2913 407 2995 16116;
471 2922 581 2987 sed
646 2924 936 3006 potuitne
997 2922 1117 2987 hoc
1178 2927 1364 3006 poeta
1409 2924 1854 2995 μετασπᾶν
1900 2918 2259 3006 appellare?
2308 2919 2431 3002 Qui
2479 2944 2589 2987 ex·

237 3018 381 3086 811166
439 3029 688 3092 reducit
749 3026 1023 3105 κατάγει
1086 3030 1335 3113 ipsique
1402 3027 1816 3106 κατέρχονται
1877 3027 2093 3111 itaque
2152 3027 2271 3110 βίᾳ
2314 3029 2588 3107 κατάγει

240 3119 412 3193 Creon
472 3139 537 3198 61
597 3153 765 3198 1111116
826 3142 993 3199 16616
1051 3133 1299 3198 dicetur
1343 3136 1720 3208 κατασπᾶν,
1772 3132 1880 3197 sed
1928 3134 2378 3217 praepositioni
2419 3137 2590 3211 μετὰ

237 3228 291 3292 in
333 3235 438 3301 tali
483 3260 551 3304 re
597 3232 818 3305 nullus
866 3239 1042 3304 locus
1090 3242 1202 3303 est.
1301 3237 1518 3303 Scribe
1562 3239 1794 3326 igitur:

567 3352 751 3429 πειρᾷ
798 3348 1290 3422 κατασπᾶν,
1344 3345 1585 3423 σκληροὶ
1632 3342 1984 3422 μαλθακῶς
2033 3342 2256 3422 λέγων.

316 3547 444 3616 Non
485 3555 651 3619 mihi
696 3554 1045 3640 persuadeo
1092 3567 1263 3620 recte
1312 3554 1440 3619 dici
1486 3554 1659 3632 ἀγὼν
1708 3550 1892 3634 ᾑρέθη
1942 3574 2036 3619 16.
2092 3554 2294 3622 1148:

196 3647 203 3653 ’
565 3658 792 3740 χῶπως
840 3659 956 3737 μὲν
1002 3659 1173 3739 οὶγὼν
1223 3657 1444 3744 ᾑρέθη,
1491 3661 1556 3725 τί
1602 3659 1696 3725 δεῖ
1737 3658 1946 3737 μάτην

567 3774 867 3846 κομπεῖν,
918 3762 963 3832 οἳ
1011 3768 1078 3845 γ’
1127 3768 1276 3832 eia-u
1325 3766 1552 3837 καύτὸς
1604 3766 1672 3829 έκ
1718 3765 1953 3831 τούτοιν
1999 3763 2184 3841 ξυνών
2200 3788 2218 3846 ;

245 3856 602 3937 Sententiam
670 3873 887 3950 vides,
951 3874 1060 3938 sed
1104 3872 1420 3959 quomodo
1468 3871 1641 3949 ἀγών
1690 3873 1953 3952 αἱρεῖται
2004 3894 2314 3958 umquam
2363 3878 2595 3958 poterit

245 3968 599 4055 significare:
640 4002 851 4063 puqna
895 3980 1205 4043 dirimitur
1218 3978 1255 4041 .?
1318 3978 1426 4042 An
1472 3977 1813 4064 Sophocles
1859 3981 2114 4066 scripsit
2176 3979 2436 4059 ὃιεκρί
2454 3979 2593 4056 Sn?

321 4178 507 4253 Verba
551 4194 700 4253 sunt
744 4187 1103 4275 Antigones
1149 4186 1230 4251 ad
1275 4186 1574 4261 fratrem,
1624 4206 1720 4251 vs.
1777 4184 1984 4250 1417:

650 4292 876 4376 ςρέψαι
924 4293 1226 4373 στράτευμ’
1274 4293 1333 4365 ές
1377 4296 1611 4372 ’Ἄργος
1664 4292 1741 4363 ὥς
1789 4290 2036 4373 ‘mixte-d
2087 4315 2168 4369 γε

662 4400 801 4463 καὶ
849 4402 938 4478 μὴ
987 4401 1056 4465 σέ
1105 4401 1164 4464 τ’
1209 4400 1395 4466 αὐτὸν
1443 4397 1550 4464 καὶ
1603 4396 1698 4462 πό
1713 4411 1838 4463 λιν
1889 4395 2185 4485 διεργασῃ
