3192 5017
1221 289 1610 346 eoruootm.
2482 270 2618 340 235

680 471 715 535 δ
730 493 758 534 ο
777 495 815 534 κ
831 494 859 534 ο
877 475 911 535 ῢ
930 472 988 535 σ’
1041 436 1304 550 'Opts-nv
1348 466 1583 547 μηκέθ’
1634 465 1797 544 ἥλιον
1843 466 2127 546 βλέπειν.

337 685 556 752 Electr.
609 684 825 763 1457;

637 791 880 872 χαίροις
930 789 1047 868 ἂν,
1097 788 1156 854 εἴ
1198 812 1287 853 σοι
1335 789 1555 870 χαρτὰ
1602 788 2014 869 τυγχάνοι
2061 787 2235 854 τάδε.

258 898 316 964 Si
368 919 487 965 non
543 900 740 965 habes
801 899 1043 981 dicere,
1109 916 1232 981 quo
1278 899 1602 980 optativus
1648 898 1998 981 pertineat,
2048 915 2303 960 mecum
2351 895 2613 960 fortasse

257 1026 364 1069 non
405 1005 722 1071 recusabis
766 1003 1070 1068 seribere:
1119 999 1564 1081 τυγχάνει.

331 1216 530 1281 Nemo
578 1216 834 1281 dubitat
880 1217 1032 1300 quin
1079 1218 1378 1299 corrupta
1420 1214 1616 1279 verba
1661 1213 1790 1277 sint
1835 1211 2059 1278 Traeh.
2111 1209 2279 1276 145:

687 1321 761 1385 τὸ
800 1321 926 1400 γὰρ
975 1318 1183 1400 νεάζον
1231 1320 1291 1383 ἕν
1337 1319 1586 1393 τοιοῖςδε
1632 1316 1937 1396 βόσκεται

686 1425 967 1505 χώροισιν
1017 1428 1302 1509 αὑτοῦ,
1350 1425 1462 1490 καί
1509 1449 1591 1489 νιν
1650 1427 1716 1491 οὐ
1757 1423 2007 1497 θάλπος
2058 1423 2205 1489 θεοῦ

687 1533 810 1598 οὐδ’
856 1531 1125 1612 ὄμβρος,
1176 1534 1307 1597 οὐδὲ
1358 1533 1728 1607 πνευμάτων
1776 1531 1939 1598 οὐδὲν
1986 1541 2208 1597 κλονεῖ.

254 1637 343 1702 Ad
405 1640 573 1705 hune
645 1639 857 1704 locum
922 1638 1120 1704 multi
1179 1639 1306 1705 viri
1352 1639 1521 1704 docti
1568 1659 1715 1704 suas
1763 1641 2150 1723 suspiciones
2194 1637 2617 1723 protulerunt.

248 1743 640 1811 Hermannus
703 1746 884 1810 verbi
950 1765 1139 1810 causa
1203 1746 1423 1810 scribit
1485 1742 1559 1810 ἵν’
1611 1745 1833 1820 αὑτοῦ,
1881 1747 2117 1830 partim
2165 1743 2623 1831 Musgravium

247 1860 485 1916 secutus
504 1873 522 1930 ;
590 1851 953 1916 Wunderus
999 1852 1351 1924 αὐαίνοντοο
1401 1853 1690 1937 reponit,
1742 1850 2120 1937 Blaydesius
2169 1850 2382 1930 χώραις
2433 1847 2504 1913 ἵν’
2553 1851 2620 1915 οὔ

247 1959 436 2035 ψῦχός
506 1982 593 2022 νιν
655 1959 722 2022 οὐ
785 1955 1036 2027 θάλπος
1099 1954 1270 2021 θεοῦ.
1363 1956 1547 2022 Nihil
1610 1956 1841 2021 horum
1901 1956 2217 2022 eiusmodi
2264 1963 2361 2022 est
2404 1964 2478 2022 ut
2527 1977 2624 2022 as-

252 2081 498 2129 sensum
548 2070 918 2149 extorqueat
960 2066 1177 2148 itaque
1218 2062 1383 2128 mihi
1420 2083 1670 2149 quoque
1706 2063 1970 2129 fortasse
2006 2061 2226 2129 licebit
2268 2063 2621 2128 adscribere

254 2170 556 2250 quomodo
600 2170 778 2235 loeus
824 2170 991 2234 mihi
1046 2169 1354 2256 legendus
1399 2169 1727 2246 videatur;

694 2278 764 2339 τὸ
811 2276 938 2354 γάρ
987 2275 1196 2355 νεάζον
1243 2275 1301 2338 ἒν
1351 2275 1601 2347 τοιοῖςδε
1644 2275 1949 2353 βόσκεται

681 2381 930 2462 χώροισι
979 2389 1233 2457 νοοῖον,
1285 2380 1412 2445 ἵνά
1462 2406 1545 2445 νιν
1594 2383 1660 2447 οὐ
1708 2379 1959 2471 θάλπος
2010 2379 2157 2447 θεοῦ

695 2486 820 2552 οὐδ’
869 2485 1098 2568 ὄμβρος
1122 2536 1138 2565 ,
1190 2488 1322 2552 οὐδὲ
1369 2488 1739 2566 πνευμάτων
1788 2488 1953 2554 οὐδὲν
2000 2497 2221 2554 κλονεῖ.

334 2698 634 2785 Sequitur
697 2721 793 2765 vs.
846 2696 1011 2777 161,
1074 2701 1143 2763 in
1188 2719 1315 2785 quo
1358 2699 1585 2766 itidem
1633 2699 1935 2766 notabilis
1981 2700 2336 2785 corruptela
2382 2722 2487 2765 me
2535 2700 2629 2765 of-

255 2804 479 2871 fendit:

610 2919 710 2979 νῦν
759 2911 814 2975 δ’
864 2915 940 2985 ὥς
991 2912 1080 2977 ἔτ’
1130 2914 1237 2978 οὐκ
1284 2911 1361 2976 ὢν
1407 2909 1543 2977 εἶπε
1591 2913 1705 2989 μὲν
1751 2913 2051 2994 λέχους
2104 2912 2195 2979 ὅτι

599 3022 779 3099 χρείη
825 3020 896 3095 μ’
945 3018 1204 3084 ἑλέσθαι
1253 3027 1499 3098 κτῆσιν,
1547 3015 1687 3084 εἶπε
1734 3020 1787 3085 δ’
1835 3016 1904 3094 ἢν
1950 3019 2179 3090 τέκνοις

604 3134 823 3205 μοῖραν
869 3124 1162 3207 πατρῴοις
1213 3133 1332 3203 γῆς
1384 3125 1686 3205 διαιρετὴν
1732 3126 1924 3203 νέμοι.

256 3227 432 3298 Hune
476 3233 691 3297 loeum
738 3231 1156 3319 Musgravius
1202 3234 1295 3297 ita
1341 3235 1565 3297 vertit:
1620 3233 1817 3318 „quid
1865 3253 1972 3299 me
2018 3238 2094 3298 ut
2141 3234 2455 3300 connubio
2492 3254 2637 3318 par-

259 3346 387 3402 tum
457 3341 741 3423 accipere
803 3337 1152 3423 oporteret''
1215 3341 1397 3423 eique
1465 3339 1693 3418 λέχους
1753 3348 1965 3413 κτῆσις
2031 3338 2307 3428 Anglioe
2361 3341 2636 3424 joiuture

261 3442 497 3511 dicitur.
592 3444 666 3509 In
728 3445 990 3510 eandem
1054 3446 1433 3510 sententiam
1482 3444 1542 3509 N
1547 3445 1850 3510 auekius:
1900 3446 2199 3511 Herakles
2241 3449 2407 3512 hatte
2452 3470 2635 3529 anye-

260 3556 419 3629 qeben
436 3602 455 3636 ,
518 3574 641 3616 was
688 3551 989 3614 Deianira
1035 3552 1129 3615 ale
1176 3551 1419 3615 Erwerb
1465 3552 1630 3615 ihrer
1673 3552 1801 3616 Ehe
1816 3599 1834 3630 ,
1886 3552 1949 3618 d.
1973 3552 2037 3616 h.
2088 3554 2182 3617 ale
2228 3554 2341 3617 das
2387 3555 2486 3618 ihr
2530 3555 2638 3619 der

263 3655 523 3743 Ehefrau
591 3658 1000 3721 zukommende
1069 3658 1337 3722 erhalten
1410 3659 1538 3722 und
1607 3658 1718 3722 wie
1779 3680 1845 3722 er
1902 3659 2031 3723 sein
2093 3660 2273 3723 Laud
2315 3667 2493 3725 anter
2538 3662 2638 3725 die

264 3762 432 3828 Siihne
492 3764 773 3828 vertkeilt
831 3769 1038 3828 missen
1095 3764 1310 3827 wollte.
1405 3763 2001 3849 Inter-pretationem
2050 3766 2238 3832 video
2285 3772 2350 3832 et
2396 3766 2593 3851 probo
2617 3813 2638 3845 ,

263 3870 356 3934 sed
412 3891 538 3936 non
603 3889 900 3954 assequor
964 3870 1281 3953 quomodo
1343 3869 1569 3949 λέχους
1632 3880 1850 3944 κτῆσις
1918 3892 2051 3936 esse
2099 3875 2301 3957 possit
2351 3872 2419 3937 id
2468 3872 2637 3957 quod

263 3972 501 4041 dicitur.
599 3975 755 4041 Pars
812 3976 1122 4041 bonorum
1172 3975 1351 4041 cedet
1398 3981 1779 4043 testamento
1827 3976 2164 4043 Deianirae
2210 3999 2410 4064 eaque
2457 3998 2631 4043 acee-

261 4083 381 4163 piet
422 4104 547 4149 non
596 4089 809 4156 κτῆσιν
857 4082 1082 4160 λέχους
1103 4131 1119 4158 ,
1160 4084 1254 4147 uti
1299 4083 1590 4166 arbitror,
1636 4083 1744 4149 sed
1783 4082 2119 4165 λάχους.
2159 4083 2330 4149 Vide
2372 4085 2640 4155 eandem

264 4190 681 4255 confusionem
729 4187 958 4274 Antig.
1017 4185 1215 4253 1303.

348 4401 565 4469 Traeh.
618 4400 781 4476 677;
