3192 5017
694 1047 837 1136 DE
894 1049 2157 1144 BATRACHOMYOMACHIA.

1325 1288 1535 1325 seman·

965 1466 1054 1530 H.
1104 1464 1276 1532 VAN
1322 1464 1902 1534 HERWERDEN.

325 2004 1121 2092 Batrachomyomachiam
1181 2025 1305 2071 non
1352 2027 1485 2071 esse
1533 2007 1878 2071 Maeonium
1924 2029 2156 2072 carmen
2177 2055 2193 2085 ‚
2242 2012 2317 2073 ut
2362 2009 2621 2076 videba-

238 2114 344 2177 tur
387 2109 677 2177 Martiali
726 2108 921 2195 (XIV,
975 2108 1155 2194 183),
1202 2109 1409 2179 Statio
1457 2109 1640 2196 (silv.
1688 2112 1885 2197 praef.
1934 2114 2013 2178 ad
2060 2111 2357 2198 Stellam)
2384 2120 2449 2180 et
2470 2115 2621 2181 Ful-

234 2219 454 2304 gentio
505 2215 813 2303 (Mythol.
860 2214 891 2280 I
934 2216 1108 2301 init.)
1154 2214 1342 2282 hodie
1381 2222 1630 2282 constat
1665 2220 1833 2283 inter
1869 2238 2123 2297 omneS,
2163 2219 2274 2285 sed
2297 2219 2581 2306 plerique
2600 2270 2619 2305 ,

236 2327 311 2387 ut
354 2322 652 2398 videtur,
698 2322 823 2385 viri
870 2322 1039 2387 docti
1077 2319 1265 2386 fidem
1304 2322 1611 2388 habentes
1645 2322 1979 2391 Plutarchi
2022 2327 2424 2404 testimonio,
2452 2326 2620 2411 quod

237 2434 444 2494 exstat
491 2429 556 2492 in
607 2427 815 2493 libelli
860 2429 934 2491 de
978 2427 1353 2508 maliqnitata
1397 2429 1693 2493 Herodoti
1738 2432 1944 2515 capite
1981 2429 2217 2496 ultimo
2236 2478 2253 2509 ‚
2293 2430 2622 2498 confirma-

236 2538 377 2600 tum
396 2582 413 2610 ,
482 2538 558 2598 ut
618 2540 883 2618 putant,
947 2535 1355 2618 inscriptione
1419 2533 1731 2619 deperditi
1790 2535 2056 2613 codicis,
2126 2537 2296 2605 unde
2364 2557 2620 2604 carmen

235 2642 521 2724 primum
585 2639 831 2704 editum
893 2644 989 2704 est
1037 2637 1349 2703 Venetiis:
1404 2640 1673 2717 Ὀμήρου
1720 2641 2401 2725 Βατραχομυομαχία,
2449 2643 2507 2706 ἕν
2555 2643 2619 2709 δέ

233 2769 354 2811 τισι
406 2745 714 2825 Τίγρητος
769 2745 911 2827 (sic)
962 2748 1066 2807 τοῦ
1115 2741 1309 2822 Καρός
1362 2749 1424 2809 et
1473 2765 1511 2810 a
1556 2741 1757 2809 Suida
1804 2765 1855 2808 s.
1902 2766 1966 2809 v.
2015 2746 2289 2830 Πίγρης,
2325 2747 2619 2812 tribuunt

233 2851 519 2941 Pigreti‚
562 2852 816 2916 natione
855 2845 1003 2915 Cari
1044 2870 1122 2914 ex
1159 2848 1636 2927 Halicarnasso,
1685 2852 1945 2917 maioris
1986 2853 2366 2918 Artemisiae
2394 2853 2609 2930 fratri,

232 2960 288 3022 si
333 2956 601 3024 Suidam
653 2956 800 3035 (etsi
844 2953 950 3019 hic
995 2954 1116 3019 sibi
1164 2974 1287 3019 non
1328 2960 1574 3020 constat
1612 2954 2000 3020 confundens
2038 2957 2419 3043 utramque),
2461 2954 2614 3040 filio,

233 3065 289 3127 si
355 3060 783 3129 Plutarchum
841 3062 1197 3144 sequimur,
1263 3058 1479 3144 itaque
1540 3059 1698 3126 belli
1757 3060 2001 3125 Persici
2049 3066 2161 3126 aut
2207 3060 2456 3147 aequali
2504 3067 2617 3128 aut

232 3167 463 3234 saltem
530 3172 735 3232 aetate
781 3167 1077 3250 suppari,
1126 3185 1316 3249 quem
1364 3165 1639 3230 eundem
1685 3164 2040 3253 Margitae‚
2087 3166 2288 3253 vulgo
2334 3165 2616 3234 Homero

231 3274 462 3341 tributi
482 3320 498 3349 ,
562 3274 930 3356 scriptorem
1002 3269 1198 3337 fuisse
1253 3270 1484 3336 fluidas
1545 3276 1766 3336 auctor
1812 3278 1927 3336 est.
2023 3271 2202 3337 Licet
2247 3293 2396 3339 vero
2443 3272 2615 3339 haud

232 3381 364 3445 iam
415 3378 733 3447 defuerint
780 3378 892 3462 qui
934 3381 1216 3440 nostram
1266 3384 1437 3441 certe
1475 3366 2273 3462 Batrachomyomachiam
2314 3382 2616 3445 recentio-

231 3486 321 3551 ris
380 3484 647 3571 originis
709 3503 843 3550 esse
904 3487 1255 3547 statuerent
1276 3530 1293 3565 ‚
1341 3481 1534 3555 huius
1581 3486 1798 3546 tamen
1847 3485 2198 3548 sententiae
2245 3484 2480 3551 veritas
2521 3487 2620 3561 ita

233 3610 461 3675 parum
524 3592 745 3676 agnita
806 3593 902 3653 est
963 3589 1041 3654 ab
1100 3586 1428 3663 omnibus,
1490 3592 1566 3651 ut
1614 3588 1810 3651 trium
1859 3590 2178 3665 virorum,
2230 3609 2499 3674 quorum
2549 3593 2616 3656 in

233 3692 621 3763 Graecarum
669 3695 1026 3759 litterarum
1076 3693 1344 3758 historia
1381 3713 1638 3758 summa
1676 3698 1772 3758 est
1807 3693 1995 3759 hodie
2032 3696 2376 3761 auctoritas
2397 3743 2413 3773 ‚
2456 3694 2617 3762 Odo-

232 3799 480 3867 fredum
545 3799 900 3865 Miillerum
967 3798 1107 3864 dico
1170 3797 1227 3882 (I
1288 3793 1421 3863 263
1485 3799 1632 3883 sq.)‚
1698 3796 2185 3883 Bernhardyum
2236 3799 2324 3882 (II
2374 3799 2434 3877 1,
2484 3799 2617 3867 219

235 3925 402 3990 seqq.
467 3906 562 3972 ed.
629 3904 749 3990 111)
813 3911 877 3970 et
941 3902 1345 3969 Theodorum
1407 3903 1763 3990 Bergkium
1814 3902 1871 3987 (l
1920 3903 2052 3967 263
2100 3905 2240 3989 sq.)‚
2292 3926 2478 3972 nemo
2526 3912 2622 3973 est

236 4014 347 4094 qui
409 4031 665 4097 prorsus
728 4009 1061 4093 amplexus
1125 4010 1248 4082 sit.
1313 4008 1422 4073 sed
1487 4007 1810 4074 Miillerus
1874 4013 1940 4073 et
2003 4008 2324 4096 Bergkius
2391 4011 2471 4077 ad
2515 4012 2623 4077 Pi-

236 4123 481 4201 gretem
547 4120 871 4182 auctorem
935 4135 1093 4198 opus
1154 4114 1458 4186 referant.
1521 4113 1971 4199 Bernhardyus
2029 4118 2325 4199 quamvis
2370 4116 2624 4185 dubita·

240 4218 490 4288 bundus
538 4240 829 4302 carmen,
878 4206 1159 4284 non'dum
1206 4221 1438 4284 misere
1485 4218 1904 4303 depravatum
1952 4239 2156 4304 neque
2191 4222 2624 4307 interpolatio-

246 4325 429 4393 nibus
468 4332 728 4394 auctum
759 4375 774 4402 ,
820 4322 955 4391 fieri
995 4344 1175 4410 posse
1211 4333 1285 4388 ut
1328 4325 1406 4390 ab
1445 4344 1516 4390 eo
1555 4325 1864 4409 scriptum
1902 4325 1987 4389 sit
2027 4326 2287 4392 innuere
2310 4327 2623 4394 videatur.
