3192 5017
629 293 760 359 334
1704 312 1948 362 m‘sus.

628 480 844 550 Multo
908 487 1114 550 acrius
1172 494 1266 552 est
1312 489 1379 552 in
1429 486 1543 552 tali
1590 508 1658 552 re
1704 486 1931 571 quoties
1978 505 2170 571 quam
2218 485 2275 549 εἰ
2321 487 2576 569 quando.
2624 485 2795 550 Illud
2839 486 3005 550 enim

630 588 869 654 indicat
913 612 1086 674 saepe
1133 592 1409 677 aliquem
1460 593 1831 669 dimicasse,
1880 592 1998 657 hoc
2044 592 2377 667 interdum,
2426 614 2874 677 nonnumquam.

719 804 946 870 XXII.
1008 805 1121 869 15:
1185 801 1335 869 ὅταν
1386 806 1513 886 γὰρ
1561 804 1813 883 μάλιςα
1861 806 2030 870 σίτου
2076 803 2450 885 τυγχάνητε
2498 802 2797 881 δεόμενοι,
2848 806 3012 868 ’AN-

635 909 1009 991 αρπάζουσιν
1067 907 1227 976 οὗτοι
1276 912 1378 977 καὶ
1426 913 1532 977 οὐκ
1580 912 1848 977 ἐθέλουσι
1896 918 2143 977 πωλεῖν.

718 1016 1010 1105 Intelligi
1057 1039 1181 1084 non
1230 1022 1438 1104 potest
1487 1019 1637 1103 quid
1690 1022 1773 1082 sit
1817 1018 1918 1082 τὸν
1967 1027 2132 1083 σῖτον
2183 1017 2583 1099 ἀναρπάζειν.
2658 1015 3011 1081 Emendan·

631 1123 785 1189 dum
835 1144 969 1189 esse
1018 1125 1290 1190 arbitror
1339 1125 1906 1206 (ΣΤΝαρπ-άζουσιν,
1957 1123 2085 1201 vel,
2130 1130 2205 1190 ut
2242 1123 2472 1212 Lysias
2510 1123 2783 1189 scribere
2825 1121 3009 1203 solet,

625 1227 1105 1311 ξυναρπάζουσιν
1156 1227 1337 1296 οὗτοι.

715 1442 924 1507 XXII.
997 1442 1110 1508 19:
1176 1445 1215 1483 ³⁸¹²
1263 1445 1302 1483 ³⁸¹²
1350 1447 1711 1523 ἡγούμενοι,
1761 1444 1837 1508 ἂν
1886 1445 2000 1522 μὲν
2046 1444 2305 1510 θάνατον
2353 1446 2551 1510 αὐτῶν
2598 1451 3003 1522 καταγνῶτε,

624 1550 1056 1630 κοσμιωτέρους
1105 1548 1348 1615 ἔσεσθαι
1399 1552 1538 1624 τοὺς
1586 1551 1873 1620 λοιπούς·
1922 1550 2000 1615 ἆν
2047 1552 2100 1617 δ’
2147 1552 2444 1634 άζημίους
2484 1554 2732 1633 άφῆτε,
2777 1553 3007 1625 πολλὴν

620 1654 832 1722 ἄδειαν
882 1659 1090 1727 αὐτοῖς
1142 1657 1590 1737 έψηφισμένΟΙ
1644 1655 1884 1723 ἔσεσθαι
1933 1667 2124 1723 ποιεῖν
2169 1656 2286 1741 3,τι
2333 1659 2412 1724 ἂν
2458 1658 2835 1735 βούλωνται.

711 1763 789 1828 In
849 1764 951 1828 his
1012 1762 1335 1841 ἡγούμενοι
1386 1764 1463 1830 de
1509 1764 1832 1829 iudicibus
1876 1764 2125 1830 dictum
2174 1772 2301 1841 est,
2349 1771 2424 1829 nt
2472 1771 2734 1850 apparet
2781 1786 2867 1830 ex
2909 1784 3000 1830 nc

620 1872 933 1936 minativo
997 1869 1448 1951 ἐψηφισμένΟΙ
1517 1869 1782 1936 ἔσεσθαι.
1876 1871 2101 1957 Itaque
2163 1874 2583 1957 imperativus
2644 1872 2892 1936 excidit
2947 1884 3003 1936 et

618 1980 685 2042 in
731 1978 901 2042 hunc
950 1978 1076 2043 fere
1123 1978 1386 2044 modum
1438 1976 1900 2064 supplendum:
1956 1983 2083 2057 (νῦν
2124 1978 2356 2055 τοίνυν,
2398 1974 2439 2041 ὦ
2482 1976 2688 2057 ἄνδρες
2731 1979 3004 2053 Bana-rai,

623 2083 1223 2164 καταψηφισάμενοι
1268 2089 1383 2148 τῶν
1421 2084 1711 2164 ἐσχάτων
1737 2086 2075 2170 τιμήσατε)
2106 2085 2430 2161 ἡγούμενοι
2457 2084 2585 2148 κτὲ.
2614 2084 2695 2149 cf.
2722 2083 3004 2149 XXVII.

622 2188 697 2256 7:
770 2191 876 2254 ἐὰν
939 2190 1000 2255 δὲ
1062 2189 1662 2270 καταψηφισάμενοι
1726 2191 1990 2256 θανάτου
2053 2192 2395 2268 τιμήσητε.
2456 2201 2531 2271 τῇ
2597 2192 2759 2269 αὐτῇ
2812 2193 3002 2270 ψήφῳ

619 2295 758 2369 τούς
824 2298 882 2359 τ’
944 2296 1174 2368 ἄλλους
1242 2298 1676 2376 κοσμιωτέρους
1727 2299 2012 2372 ποιήσετε
2061 2296 2165 2362 καὶ
2215 2298 2387 2376 παρὰ
2437 2296 2664 2369 τούτων
2711 2296 2879 2368 δίκην
2922 2298 2998 2360 εί·
3118 2364 3119 2389 2

617 2400 892 2481 ληφότες
942 2401 1168 2467 ἔσεσθε.
1219 2408 1284 2467 et
1327 2404 1365 2488 g
1414 2400 1491 2468 8:
1538 2405 1596 2468 ἐἰ
1638 2406 1725 2479 μὴ
1774 2441 1851 2452 -
1899 2402 2501 2486 καταψηφισάμενοι
2549 2408 2665 2466 τῶν
2714 2402 2995 2482 ἐσχάτων
3118 2394 3119 2419 ³

616 2512 973 2587 τιμήσαιτε.
1041 2515 1103 2575 et
1150 2510 1188 2594 g
1244 2508 1363 2574 16:
1414 2515 1515 2574 νῦν
1563 2510 1801 2585 τοίνυν,
1849 2507 1892 2574 ὦ
1941 2508 2148 2589 ἄνδρες
2200 2509 2483 2586 δικαςαί,
2544 2509 2990 2592 καταψηφισά·

614 2640 780 2694 μενοι
833 2615 1239 2695 Ἐπικράτους
1290 2617 1408 2680 τῶν
1456 2617 1744 2698 ἐσχάτων
1790 2617 2122 2695 τιμήσατε.

704 2826 935 2893 XXIV.
990 2826 1062 2891 1:
1113 2830 1180 2892 οὐ
1228 2832 1462 2892 πολλοῦ
1512 2826 1619 2893 δέω
1667 2826 1853 2908 χάριν
1903 2827 2107 2911 ἔχειν,
2156 2824 2197 2890 ὦ
2245 2828 2482 2905 βουλή,
2523 2829 2607 2908 τῷ
2648 2826 2980 2906 κατηγοζρῳ.

703 2932 776 2998 In
839 2936 1025 3000 unico
1073 2933 1305 3000 Codice
1361 2936 1671 3019 scriptum
1721 2939 1850 2999 est:
1903 2939 2135 2998 πολλοῦ
2183 2932 2322 3008 δέω,
2375 2933 2540 3018 quod
2588 2953 2784 3019 quum
2835 2940 2981 2997 esset

617 3040 962 3104 absurdum
1009 3037 1362 3107 Graeculus
1410 3042 1620 3105 nescio
1668 3044 1844 3125 quis,
1902 3043 2010 3125 qui
2060 3038 2497 3105 Florentinum
2549 3035 2845 3105 Codicem
2891 3041 2982 3102 in·

614 3145 983 3231 terpolavit‚
1054 3146 1131 3211 de
1193 3166 1307 3211 suo
1358 3148 1422 3211 οὐ
1472 3145 1652 3211 addit
1699 3154 1763 3210 et
1810 3166 2008 3231 aequo
2058 3148 2273 3211 animo
2322 3144 2607 3231 legimus
2652 3147 2718 3209 οὐ
2765 3147 2979 3208 πολλοῦ

515 3252 521 3256 “
613 3251 746 3317 δέω.
845 3251 969 3317 δρᾶ
1026 3272 1214 3317 nemo
1261 3272 1566 3337 umquam
1619 3254 1684 3315 in
1735 3251 1999 3317 Graecia
2047 3254 2137 3316 sic
2184 3251 2436 3316 locutus
2483 3257 2598 3315 est.
2695 3248 2978 3316 Constan-

613 3360 859 3423 tissime
905 3378 1124 3424 omnes
1176 3357 1468 3423 dicebant
1517 3361 1750 3422 πολλοῦ
1803 3356 1911 3422 δέω
1960 3362 2024 3422 et
2071 3358 2285 3434 ὀλίγον
2333 3355 2463 3422 δέω.
2536 3355 2969 3440 Exemplorum

609 3463 796 3549 plena
841 3470 991 3529 sunt
1036 3466 1271 3529 omnia.
1333 3463 1473 3529 Hoc
1520 3466 1734 3548 ipsum
1785 3466 1988 3551 igitur
2034 3462 2266 3551 Lysiae
2315 3462 2742 3528 reddendum:
2791 3463 2973 3525 ’OM-

613 3578 776 3635 ΓΟΤ
827 3569 935 3634 δέω
982 3568 1167 3649 χάριν
1217 3569 1404 3648 ἔχειν.

700 3675 919 3751 Quum
958 3677 1025 3739 in
1073 3674 1237 3740 libro
1285 3695 1534 3760 petroso
1574 3674 1737 3739 nihil
1773 3672 1950 3740 aliud
1991 3681 2320 3761 appareret
2360 3694 2555 3758 quam
2602 3674 2960 3741 OA**OT‚

611 3780 1015 3870 magistellus
1063 3782 1411 3846 sententiae
1460 3802 1717 3846 securus
1764 3781 1843 3846 de
1889 3801 2003 3846 suo
2052 3784 2287 3845 πολλοῦ
2336 3779 2533 3845 dedit.

699 3992 938 4061 XXIV.
995 3993 1115 4058 15:
1163 3991 1339 4070 λέγει
1391 3991 1443 4056 δ’
1488 3994 1565 4064 ὥς
1618 3991 1867 4071 ὑβριςής
1920 3993 2045 4069 εἰμι
2089 3990 2192 4055 καὶ
2234 3990 2438 4068 βίαιος
2481 3991 2585 4056 καὶ
2629 3992 2766 4056 λίαν
2800 3990 2961 4052 cios).-

610 4107 733 4179 yse
775 4098 1189 4177 διακείμενος,
1231 4096 1428 4179 ὥσπερ
1471 4099 1521 4161 εἰ
1565 4097 1846 4180 φοβερῶς
1888 4095 2186 4175 ὀνομάσαι
2214 4146 2230 4175 ,
2270 4097 2518 4176 μέλλων
2540 4100 2736 4172 άληθῆ
2759 4096 2955 4171 λέγειν.

699 4205 960 4272 Redibit
1021 4208 1087 4270 in
1150 4204 1357 4271 lucem
1422 4206 1738 4270 sententia
1785 4206 1876 4269 sic
1924 4206 2193 4289 scripta:
2241 4202 2478 4287 ὥσπερ,
2528 4206 2578 4269 εἰ
2628 4206 2952 4284 φθονερΟΙΕ

608 4312 883 4389 δνόμαΕῙ
930 4310 1309 4395 (χρήσαιτο),
1360 4310 1607 4388 μέλλων
1659 4309 1902 4396 (δόξειν)
1948 4311 2147 4386 άληθῆ
2199 4310 2425 4388 λέγειν.

699 4415 979 4500 Sequens
1027 4415 1207 4481 ulcus
1253 4438 1378 4482 non
1428 4421 1697 4504 attingo.
