3192 5017
587 245 720 311 200
1563 270 1671 317 mo
1719 269 1995 319 mssms.

582 434 835 501 tonium
920 434 1162 504 Graece
1228 441 1423 505 vertit
1483 439 1675 525 idque
1743 443 1900 508 satis
1970 439 2393 529 negligenter.
2486 439 2860 508 Suetonius
2929 441 2994 506 in

579 542 847 623 Auqusto
907 543 1063 609 haec
1125 544 1413 631 scripsit:
1485 547 1607 629 „Ia
1671 548 2052 632 Asclepiadis
2112 546 2418 612 Mendesii
2464 550 2993 626 Θεολογουμέιω

579 648 757 712 libris
825 650 951 731 leyo
1013 651 1227 717 Atiam
1289 675 1418 715 cum
1477 653 1563 715 ad
1620 655 1873 719 solemne
1935 654 2244 739 Apollinis
2287 676 2516 718 sacrum
2566 656 2779 720 media
2827 664 2996 719 nocte

579 755 837 821 venisset
871 758 1076 840 posita
1124 759 1189 823 in
1237 760 1448 843 templo
1493 760 1705 824 lectica
1752 778 2220 828 OBDORMIVISSE
2268 761 2704 847 draconemque
2749 772 2996 845 repente

577 860 892 946 irrepsisse
939 865 1024 927 ad
1066 888 1192 928 eam
1225 868 1557 952 paulloque
1593 879 1735 950 post
1771 890 2063 949 cyressum
2101 868 2386 953 illamque
2422 885 2996 934 EXPBBGRJAOEAI

573 970 752 1054 quasi
797 993 837 1034 a
884 973 1198 1035 concubitu
1245 974 1452 1038 mariti
1488 977 1847 1057 purificasse
1892 998 1955 1039 ee
1973 1023 1988 1048 ,
2045 1012 2125 1023 —
2171 978 2502 1056 Aayustum
2536 981 2753 1039 natum
2791 997 2996 1039 mense

579 1075 798 1140 decimo
864 1088 925 1142 ct
986 1077 1054 1141 ob
1116 1080 1224 1142 hoc
1283 1080 1595 1162 Apollinis
1619 1081 1831 1164 filiam
1879 1079 2330 1145 minimatum?
2423 1079 2688 1166 Optime
2740 1078 2996 1148 Gasan-

580 1179 783 1247 bonus
846 1182 927 1249 ad
971 1182 1035 1248 h.
1085 1182 1129 1249 l.
1182 1196 1453 1268 „oportet
1499 1187 1786 1251 hominem
1837 1186 2340 1272 (Asclepiadem)
2372 1186 2587 1270 faisse
2628 1198 2993 1269 amatorc-

575 1310 849 1371 maynum
911 1297 968 1354 et
1026 1292 1188 1376 quod
1241 1292 1315 1355 dc
1362 1291 1593 1357 Timaeo
1642 1293 1785 1356 obim
1831 1294 2050 1356 dictam
2091 1290 2663 1373 γραοσυλλέκτριαν
2715 1292 2992 1377 ineptum

571 1399 678 1479 qm*
723 1418 907 1461 aucus
951 1396 1035 1460 sit
1053 1445 1070 1475 ‚
1108 1398 1383 1484 fortasse
1427 1399 1588 1462 solus
1611 1448 1626 1476 ‚
1677 1401 1751 1462 de
1797 1399 2063 1481 Aayusti
2108 1404 2387 1480 conceptu
2416 1398 2716 1483 fabulam
2758 1399 2992 1464 anila

577 1507 648 1564 ut
704 1524 828 1565 rem
896 1525 1092 1567 veram
1154 1504 1463 1568 memoriae
1508 1503 1805 1569 tradcrc.”
1898 1504 2070 1580 Quid
2117 1506 2324 1592 igitur
2369 1503 2571 1570 Dione
2619 1505 2831 1571 facias
2880 1506 2995 1591 qui

584 1605 663 1672 de
707 1610 1053 1694 impostore
1101 1610 1424 1697 Aegyptio
1462 1611 1729 1675 verbum
1767 1632 1970 1676 unum
2008 1629 2132 1677 non
2171 1611 2326 1678 facit
2365 1612 2476 1677 sed
2513 1614 2727 1696 ipsam
2752 1611 2992 1678 Atiam

578 1713 830 1780 inducit
898 1715 1099 1787 δεινῶς
1171 1713 1633 1795 ἶσχυριζομένην
1693 1715 1849 1781 haec
1913 1719 2007 1782 ita
2066 1717 2235 1783 facta
2297 1718 2481 1783 esse?
2544 1715 2667 1782 Sed
2717 1721 2995 1805 gravior

581 1818 770 1905 culpa
829 1822 896 1885 in
950 1824 1090 1908 ipso
1136 1819 1443 1888 Suetonio
1488 1822 1706 1889 haeret
1755 1823 1866 1907 qui
1911 1822 2066 1888 haec
2113 1822 2328 1888 futilia
2376 1828 2746 1889 commenta
2791 1844 2836 1887 a
2885 1824 2991 1890 fu-

581 1925 885 1993 tilissimo
947 1933 1111 1994 teste
1172 1928 1423 2013 prodita
1485 1947 1611 1993 non
1670 1948 1816 1993 cum
1878 1934 2205 1994 contemtu
2253 1934 2316 1994 et
2361 1931 2494 1994 risu
2542 1929 2822 2005 abiecit,
2877 1930 2992 1997 sed

581 2035 746 2099 serio
808 2033 889 2100 ad
951 2035 1344 2119 posteritatis
1391 2035 1773 2099 memoriam
1822 2035 2223 2121 propagavit.
2316 2032 2565 2100 Doctus
2612 2040 2712 2100 est
2760 2035 2990 2102 admo-

580 2139 735 2206 dum
804 2139 1146 2206 Suetonius
1216 2145 1281 2205 et
1346 2138 1631 2224 plurima
1690 2139 1854 2227 legit
1915 2141 2022 2206 sed
2083 2141 2309 2206 iudicii
2367 2146 2431 2206 et
2475 2161 2662 2206 sanae
2709 2144 2990 2208 rationis

584 2252 720 2314 erat
760 2247 948 2334 plane
994 2265 1235 2331 expers.
1328 2243 1629 2310 Absurde
1676 2249 1827 2310 sunt
1870 2246 2025 2311 haec
2070 2266 2233 2331 quae
2279 2246 2599 2325 diximus,
2647 2244 2782 2312 alia
2829 2252 2990 2313 sunt

587 2356 782 2421 etiam
825 2353 1225 2420 absurdiora:
1276 2370 1410 2437 cap.
1454 2349 1543 2415 94
1579 2352 1838 2416 scribit:
1888 2359 2095 2416 auctor
2134 2362 2221 2416 est
2254 2352 2460 2416 Iuliae
2484 2353 2820 2419 Mar-athas
2844 2364 2992 2419 ante

573 2482 802 2544 paucos
861 2482 1036 2545 quam
1087 2457 1475 2544 (Augustus)
1526 2465 1870 2521 nasceretur
1911 2480 2137 2521 menses
2169 2458 2514 2540 prodiqiam
2561 2458 2793 2523 Romae
2821 2460 2990 2543 fac-

578 2573 701 2632 tum
758 2566 1000 2650 publice
1060 2586 1171 2649 quo
1234 2562 1714 2626 denunciabatur
1774 2578 1992 2628 RBGRM
2046 2579 2281 2629 POPULI
2336 2562 2601 2629 Romul
2665 2582 2988 2631 NATURA!

576 2690 966 2738 PABTURIBR:
1022 2671 1297 2735 Senatum
1340 2669 1689 2733 exterritum
1731 2669 1900 2756 (quis
1939 2669 2281 2734 mirabitur
2295 2667 2348 2755 Ἰ)
2387 2670 2684 2735 censuisse
2721 2689 2810 2737 lm
2836 2689 2986 2746 Quls

577 2796 728 2845 nmo
790 2795 959 2843 Auno
1006 2792 1278 2842 eumerus
1324 2793 1766 2842 nouomnrun.
1818 2774 2241 2860 (praeclarum
2294 2776 2620 2842 decretum
2640 2824 2656 2852 ,
2706 2797 2840 2862 quo
2889 2799 2985 2843 re·

579 2906 728 2969 gem
787 2883 1113 2949 Herodem
1173 2880 1377 2947 παῖδα
1443 2880 1816 2959 ἀπέδειξαν,
1865 2881 1974 2947 sed
2022 2886 2239 2947 tamen
2286 2881 2452 2947 nihil
2497 2883 2836 2971 egerunt):
2891 2905 2983 2948 cos

576 2992 685 3077 qui
745 2991 1034 3072 yravidas
1102 3011 1315 3053 uxores
1382 2989 1663 3052 haberent
1721 2989 1880 3072 qaod
1937 2988 2021 3051 ad
2079 3009 2142 3050 se
2202 2993 2447 3073 quicque
2508 3010 2666 3071 spent
2711 2990 2982 3053 trahar&

579 3120 817 3163 curasse
854 3114 938 3161 im
978 3111 1263 3161 summus
1304 3110 1686 3160 consumma
1722 3112 1809 3158 AD
1832 3111 2165 3158 Annaeum
2187 3111 2622 3159 assumimur.
2673 3091 2980 3180 Simplici

576 3204 697 3271 hac
745 3208 810 3270 et
855 3200 1144 3287 perfacili
1187 3202 1432 3265 ratione
1478 3200 1773 3265 effectum
1813 3205 1910 3264 est
1947 3204 2024 3265 ut
2062 3196 2346 3284 plurima
2383 3199 2803 3285 puerulorum
2827 3199 2976 3267 mil·

573 3310 666 3377 lia
710 3312 781 3374 in
826 3310 963 3374 vita
1008 3311 1411 3373 servarentur
1459 3311 1524 3371 et
1567 3307 1904 3392 Augustus
1954 3310 2094 3370 tuto
2136 3311 2520 3373 nasceretur.

941 3421 998 3479 ct
1043 3413 1185 3478 c’ect
1222 3423 1513 3496 pom-tant
1557 3411 1720 3476 ainai
1762 3435 1874 3492 que
1919 3411 2037 3475 l’on
2083 3410 2234 3475 e‘crit
2277 3412 2608 3476 l’kistoirc!

668 3520 964 3607 perpluit
1022 3520 1194 3586 fraus
1256 3523 1321 3584 in
1368 3520 1608 3586 vicinia
1652 3519 1764 3584 ubi
1811 3517 2126 3605 legimus:
2175 3541 2288 3604 quo
2334 3527 2512 3583 natus
2557 3526 2644 3584 est
2691 3538 2804 3587 mu
2849 3544 2974 3585 cun

578 3632 652 3695 de
723 3629 1023 3693 Catilinae
1084 3625 1493 3690 coniuratione
1537 3632 1811 3706 afferetur
1856 3624 1924 3687 in
1980 3629 2163 3687 Curia
2210 3631 2267 3688 et
2324 3625 2606 3688 Octavius
2650 3627 2720 3690 ob
2769 3628 2976 3692 uxoris

564 3741 951 3821 puerperium
997 3739 1189 3797 scrius
1234 3731 1535 3818 adfuisset
1572 3768 1654 3780 —
1698 3731 1779 3795 P.
1829 3730 1902 3794 N
1897 3730 2148 3812 iqidium
2188 3769 2270 3778 —
2307 3733 2630 3815 affirmasse
2675 3749 2978 3799 nmmum

575 3859 928 3911 mmmmm
974 3857 1121 3906 oum
1166 3836 1448 3903 NA‘rtml'
1540 3835 1666 3903 Sed
1731 3839 1881 3922 quia
1941 3857 2129 3903 nemo
2190 3840 2394 3903 nescit
2457 3837 2709 3924 quando
2775 3842 2864 3905 sit
2912 3842 2977 3905 in

579 3948 774 4018 Curia
837 3952 1051 4013 actum
1104 3946 1180 4013 de
1227 3946 1658 4010 coniuratione
1705 3942 2020 4009 Catilinae
2067 3948 2132 4009 et
2178 3947 2321 4029 quis
2370 3945 2457 4009 sit
2502 3944 2796 4033 Augusti
2840 3948 2976 4014 dies

573 4055 808 4123 natalis
868 4056 1174 4138 impostor
1235 4050 1612 4117 manifestus
1661 4055 1929 4115 tenetur.
2028 4049 2369 4137 Augustus
2416 4057 2605 4116 natus
2657 4058 2755 4117 est
2799 4070 2864 4120 a.
2913 4054 2970 4119 d.

572 4164 677 4230 IX
721 4161 868 4229 Kal.
920 4159 1173 4226 Octobr.
1223 4165 1382 4224 teste
1429 4156 1735 4223 Suetonio
1779 4159 1846 4220 in
1895 4159 2049 4237 Any.
2098 4176 2231 4244 cap.
2281 4159 2342 4221 5.
2385 4164 2449 4223 et
2486 4159 2625 4243 ipso
2667 4158 2975 4248 Augusto

575 4271 644 4335 in
709 4266 974 4354 epistola
1034 4266 1202 4352 apud
1251 4263 1536 4330 Gellium
1584 4262 1735 4327 XV.
1790 4259 1851 4329 7.
1898 4264 2138 4329 Actum
2187 4270 2283 4329 est
2325 4265 2393 4328 in
2440 4261 2635 4330 Curia
2680 4265 2761 4330 de
2803 4263 2976 4333 Gati-

573 4376 744 4443 linae
804 4375 1235 4442 coniuratione
1280 4371 1483 4438 Nonis
1530 4368 2014 4437 Decembribus.
2109 4368 2237 4436 Sed
2283 4371 2479 4437 etiam
2530 4376 2755 4458 antea,
2805 4371 2978 4440 dicat
