3192 5017
524 201 612 276 ¹74
1522 219 1909 280 mma,

974 398 1208 481 φέρει
1258 398 1311 464 δ’
1360 399 1467 482 ὑφ’
1516 401 1677 482 αὐτῇ
1725 402 1913 482 φῶτα
1963 399 2286 478 Καδμείων
2334 393 2459 462 ἕνα.

519 503 796 591 Operose
844 505 997 572 haec
1040 508 1494 593 interpretatur
1538 506 1970 574 Hermannus.
2063 506 2236 572 Mihi
2285 509 2474 589 poeta
2521 501 2768 568 dedisse
2817 502 2926 568 vi·

521 610 709 785 gztur
749 611 1140 785 gcplyyst.
1187 615 1385 681 Amat
1424 612 1788 701 Aeschylus
1834 613 1996 680 tales
2041 610 2494 700 etymologias,
2547 608 2766 676 Prom.
2798 606 2921 684 86,

607 723 700 805 pt.
797 718 904 788 78.

613 929 851 997 Itidem
897 930 1042 998 leve
1085 931 1394 997 mendum
1442 934 1610 997 inest
1652 932 1720 997 in
1769 927 1963 1017 Chori
2007 929 2221 995 verbis
2269 949 2358 995 vs.
2411 926 2567 1004 812,
2616 927 2728 993 ubi
2769 932 2922 1013 post

519 1039 740 1103 nuncii
803 1038 1030 1104 verba:
1096 1035 1282 1112 οὕτως
1332 1038 1649 1120 ἀδελφαῖς
1695 1036 1908 1118 χερσὶν
1956 1034 2253 1116 ἧναίροντ’
2304 1032 2477 1114 ἄγαν
2524 1036 2619 1099 ita
2663 1035 2921 1120 pergit:

977 1141 1225 1218 οὕτως
1274 1145 1302 1208 ὁ
1351 1143 1587 1223 δαίμων
1635 1145 1821 1217 κοινὸς
1873 1136 1940 1218 ἦν
1987 1144 2229 1225 ἀμφοῖν
2278 1141 2325 1205 ἅ
2341 1166 2481 1220 μα.

523 1249 689 1317 Malo
735 1249 1072 1337 equidem:
2329 1323 2336 1330 ,

975 1355 1219 1429 ὅντως
1269 1357 1297 1421 ὃ
1343 1357 1581 1435 δαΙμων
1630 1358 1816 1431 κοινὸς
1866 1352 1934 1431 ἦν
1979 1356 2221 1439 ἀμφοῖν
2267 1353 2445 1436 ἀρα.

522 1462 597 1529 In
641 1462 913 1552 vulgata
958 1462 1228 1530 lectione
1273 1466 1579 1530 iteratum
1627 1461 1813 1537 οὕτως
1862 1465 2038 1529 omni
2085 1464 2155 1529 vi
2201 1468 2393 1528 caret.

615 1664 759 1731 Non
806 1662 1082 1730 difficilis
1100 1635 1109 1652 ἱ
1129 1665 1296 1729 mihi
1343 1663 1603 1732 videtur
1640 1666 1943 1730 correctio
1988 1684 2082 1729 vs.
2135 1660 2344 1728 1022:

899 1772 1004 1838 καὶ
1052 1772 1198 1851 μήθ’
1245 1771 1537 1851 ὁμαρτεῖν
1583 1768 1930 1852 τυμβοχόα
1975 1769 2485 1851 χειρώματα.

522 1875 654 1944 Hic
712 1898 860 1944 sane
906 1899 1053 1943 cum
1101 1876 1484 1944 Blomfieldo
1529 1897 1655 1942 non
1700 1876 2065 1963 intelligam
2112 1877 2330 1940 tumuli
2379 1876 2743 1958 aqqestiom
2789 1897 2921 1938 ma-

523 1983 701 2048 nibus
734 1985 966 2072 factas.
1013 1988 1079 2050 et
1124 1985 1320 2049 miror
1366 1982 1681 2068 quomodo
1729 1983 1950 2048 doctus
1997 1983 2304 2067 interpres
2343 1981 2508 2047 illud
2540 1983 2916 2062 χειρώματα

521 2091 804 2177 potuerit
826 2110 1227 2175 concoquere.
1279 2088 1497 2155 Unum
1531 2086 2108 2162 novilvocebulum
2127 2135 2145 2166 ,
2190 2088 2358 2173 quod
2396 2088 2553 2154 bene
2589 2088 2696 2154 hic
2733 2108 2916 2153 usur-

522 2200 662 2284 pari
707 2199 954 2284 potuit,
993 2197 1340 2262 nimirum:
1381 2194 1738 2275 τυμβοχόα·
1765 2194 2328 2274 μειλίγματα.
2368 2192 2463 2261 Cf.
2492 2192 2773 2280 Choeph.
2805 2193 2908 2261 15.

615 2408 944 2492 Quantum
1003 2406 1299 2493 equidem
1348 2407 1683 2473 observavi
1696 2454 1711 2485 ,
1765 2403 2024 2473 insolita
2071 2413 2168 2472 est
2211 2407 2450 2474 locutio
2497 2407 2558 2472 ἕν
2604 2415 2757 2490 τιμῇ
2805 2404 2912 2471 σέ-

521 2516 657 2596 βειν
704 2517 773 2581 in
823 2514 1044 2581 hisce:
1088 2512 1263 2579 Pers.
1321 2510 1489 2581 166:

793 2618 1005 2686 ταῦτά
1049 2642 1151 2699 μοι
1198 2620 1387 2692 διπλῆ
1433 2617 1677 2699 μέριμν’
1724 2616 2009 2700 ἀφραςός
2056 2620 2177 2689 ἕςιν
2228 2619 2289 2683 ἐν
2333 2619 2550 2702 φρεσίν
2573 2669 2590 2697 ,

800 2726 962 2806 μήτε
1010 2724 1353 2807 χρημάτων
1399 2724 1702 2806 ἀνάνδρων
1757 2722 1999 2800 πλῆθος
2048 2726 2122 2791 ἐν
2170 2735 2366 2809 τιμῇ
2414 2725 2698 2806 σέβειν

798 2832 950 2912 μήτ’
995 2831 1419 2913 ἀχρημάτοισι
1468 2831 1749 2909 λάμπειν
1792 2833 1927 2912 φῶς
1976 2827 2110 2898 ὅσον
2156 2830 2355 2906 σθένος
2407 2829 2600 2914 πάρα.

524 2941 907 3029 Suspectum
971 2938 1357 3007 vocabulum
1421 2944 1519 3005 est
1577 2938 1862 3021 ἄφραςος
1885 2988 1904 3025 ,
1961 2960 2075 3025 pro
2138 2959 2263 3025 quo
2325 2959 2451 3005 non
2497 2938 2699 3006 habeo
2745 2938 2913 3026 quod

523 3045 937 3136 probabiliter
981 3066 1278 3131 reponam
1299 3093 1315 3123 ,
1360 3066 1478 3112 nec
1524 3049 1680 3112 satis
1726 3051 1823 3111 est
1863 3045 2133 3113 scribere
2173 3045 2444 3126 μέριμνα
2484 3043 2722 3127 φραςός
2763 3066 2910 3111 cum

523 3153 916 3232 HermannO,
984 3154 1094 3238 qui
1158 3154 1407 3238 copiose
1465 3151 1635 3218 hunc
1696 3151 1911 3219 locum
1972 3155 2309 3219 tractavit:
2357 3173 2483 3218 non
2532 3154 2737 3218 dicam
2787 3171 2909 3237 quo

525 3268 777 3330 eventu.
873 3258 997 3326 Sed
1051 3279 1164 3345 pro
1228 3259 1286 3323 ἐν
1349 3268 1503 3340 τιμῇ
1567 3259 1776 3338 σέβειν
1838 3258 2203 3346 intelligam
2267 3259 2609 3337 ἐντίμως
2658 3257 2907 3338 ἔχειν.

525 3367 704 3436 Malo
750 3367 871 3432 hoc
923 3385 1116 3452 quam
1163 3365 1579 3432 Herwerdeni
1626 3366 1899 3447 πρέπειν.
2536 3407 2539 3411 Δ

618 3576 934 3645 Continuo
979 3579 1300 3663 sequitur:

711 3684 802 3754 ἔςι
848 3684 975 3765 γὰρ
1024 3683 1289 3756 πλοῦτός
1337 3684 1404 3762 γ’
1453 3685 1800 3765 ἀμεμφὴς,
1849 3684 2024 3766 ἀμφὶ
2074 3686 2127 3751 δ’
2174 3682 2536 3768 ὀφθαλμοῖς
2586 3685 2815 3766 φόβος·

710 3790 933 3870 ὄμμα
980 3789 1105 3869 γὰρ
1153 3789 1350 3867 δόμων
1396 3791 1616 3873 νομίζω
1667 3789 1968 3857 δεσπότου
2012 3791 2371 3871 παρουσίαν.

527 3897 869 3966 Offensioni
926 3902 1022 3962 est
1079 3896 1462 3964 vocabulum
1512 3895 1691 3976 ὄμμα
1739 3898 1906 3984 quod
1949 3898 2123 3964 haud
2166 3901 2321 3964 satis
2365 3898 2690 3986 eleganter
2732 3919 2910 3963 usur-

525 4013 752 4092 patum
814 4007 948 4088 est,
1009 4008 1346 4089 postquam
1409 4006 1663 4089 proprio
1726 4025 1912 4069 sensu
1957 4006 2245 4089 proxime
2291 4006 2630 4090 praecessit
2676 4005 2909 4082 ὀφθαλ-

527 4118 686 4191 μοῖς.
747 4109 992 4177 Deinde
1058 4109 1138 4175 ad
1194 4106 1583 4175 locutionem
1631 4110 1937 4176 tuendam
1979 4131 2108 4176 non
2155 4112 2309 4177 satis
2356 4118 2452 4176 est
2496 4111 2796 4196 praesidii
2842 4111 2906 4176 in

526 4216 685 4283 locis
745 4236 900 4302 quos
960 4214 1378 4281 Blomfieldus
1441 4217 1811 4305 adscripsit,
1873 4238 2025 4283 nam
2102 4213 2382 4302 Cboeph.
2458 4216 2589 4282 932
2661 4217 2908 4284 Orestes

528 4322 786 4414 quidem
851 4322 1087 4388 dicitur
1142 4322 1487 4420 dcpe9aemaebae‚·⁸
1525 4320 1699 4388 οἴκων
1758 4344 1961 4407 neque
2021 4324 2377 4408 infrequens
2423 4324 2528 4389 hic
2573 4345 2727 4390 usus
2775 4331 2905 4410 est,
