<?xml version="1.0" encoding="UTF-8"?>
<!DOCTYPE html PUBLIC "-//W3C//DTD XHTML 1.0 Transitional//EN"
    "http://www.w3.org/TR/xhtml1/DTD/xhtml1-transitional.dtd">
<html xmlns="http://www.w3.org/1999/xhtml" xml:lang="en" lang="en">
 <head>
  <title>
</title>
<meta http-equiv="Content-Type" content="text/html;charset=utf-8" />
  <meta name='ocr-system' content='tesseract 3.04.00' />
  <meta name='ocr-capabilities' content='ocr_page ocr_carea ocr_par ocr_line ocrx_word'/>
</head>
<body>
  <div class='ocr_page' id='page_1' title='image "./mnemosynebiblio14servgoog_0259.png"; bbox 0 0 3192 5017; ppageno 0'>
   <div class='ocr_carea' id='block_1_1' title="bbox 1309 301 2632 375">
    <p class='ocr_par' dir='ltr' id='par_1_1' title="bbox 1309 301 2632 375">
     <span class='ocr_line' id='line_1_1' title="bbox 1309 301 2632 375; baseline -0.005 0"><span class='ocrx_word' id='word_1_1' title='bbox 1309 323 1552 375; x_wconf 72' lang='lat' dir='ltr'><strong>monuo.</strong></span> <span class='ocrx_word' id='word_1_2' title='bbox 2499 301 2632 370; x_wconf 79' lang='lat'><strong>255</strong></span> 
     </span>
    </p>
   </div>
   <div class='ocr_carea' id='block_1_2' title="bbox 242 493 2637 4505">
    <p class='ocr_par' dir='ltr' id='par_1_2' title="bbox 242 493 2637 4505">
     <span class='ocr_line' id='line_1_2' title="bbox 266 493 2631 580; baseline 0.001 -19"><span class='ocrx_word' id='word_1_3' title='bbox 266 493 481 562; x_wconf 81' lang='lat' dir='ltr'><strong>tuisse?</strong></span> <span class='ocrx_word' id='word_1_4' title='bbox 552 496 662 580; x_wconf 80' lang='lat' dir='ltr'><strong>„Si</strong></span> <span class='ocrx_word' id='word_1_5' title='bbox 728 518 832 564; x_wconf 91' lang='lat' dir='ltr'><strong>me</strong></span> <span class='ocrx_word' id='word_1_6' title='bbox 889 497 1123 564; x_wconf 85' lang='lat' dir='ltr'><strong>vilicus</strong></span> <span class='ocrx_word' id='word_1_7' title='bbox 1168 503 1322 563; x_wconf 90' lang='lat' dir='ltr'><strong>tuus</strong></span> <span class='ocrx_word' id='word_1_8' title='bbox 1366 497 1538 564; x_wconf 89' lang='lat' dir='ltr'><strong>solus</strong></span> <span class='ocrx_word' id='word_1_9' title='bbox 1585 498 1949 574; x_wconf 82' lang='lat' dir='ltr'><strong>deiecisset,</strong></span> <span class='ocrx_word' id='word_1_10' title='bbox 1994 517 2122 564; x_wconf 90' lang='lat' dir='ltr'><strong>non</strong></span> <span class='ocrx_word' id='word_1_11' title='bbox 2164 496 2413 565; x_wconf 83' lang='lat' dir='ltr'><strong>familia</strong></span> <span class='ocrx_word' id='word_1_12' title='bbox 2455 497 2631 564; x_wconf 86' lang='lat' dir='ltr'><strong>deie-</strong></span> 
     </span>
     <span class='ocr_line' id='line_1_3' title="bbox 262 603 2633 692; baseline 0.001 -25"><span class='ocrx_word' id='word_1_13' title='bbox 262 604 430 668; x_wconf 84' lang='lat' dir='ltr'><strong>cisset</strong></span> <span class='ocrx_word' id='word_1_14' title='bbox 445 649 463 680; x_wconf 89' lang='lat'><strong><em>,</em></strong></span> <span class='ocrx_word' id='word_1_15' title='bbox 526 609 604 669; x_wconf 90' lang='lat' dir='ltr'><strong>ut</strong></span> <span class='ocrx_word' id='word_1_16' title='bbox 666 607 887 690; x_wconf 87' lang='lat' dir='ltr'>opinor</span> <span class='ocrx_word' id='word_1_17' title='bbox 909 653 928 687; x_wconf 91' lang='lat'>,</span> <span class='ocrx_word' id='word_1_18' title='bbox 991 605 1102 670; x_wconf 87' lang='lat' dir='ltr'><strong>sed</strong></span> <span class='ocrx_word' id='word_1_19' title='bbox 1162 604 1395 690; x_wconf 89' lang='lat' dir='ltr'><strong>aliquis</strong></span> <span class='ocrx_word' id='word_1_20' title='bbox 1455 605 1534 671; x_wconf 89' lang='lat' dir='ltr'><strong>de</strong></span> <span class='ocrx_word' id='word_1_21' title='bbox 1589 603 1866 681; x_wconf 78' lang='lat' dir='ltr'><strong>familia3</strong></span> <span class='ocrx_word' id='word_1_22' title='bbox 1929 609 2098 670; x_wconf 84' lang='lat' dir='ltr'><strong>recte</strong></span> <span class='ocrx_word' id='word_1_23' title='bbox 2140 603 2348 692; x_wconf 81' lang='lat' dir='ltr'><strong>igitur</strong></span> <span class='ocrx_word' id='word_1_24' title='bbox 2393 603 2633 671; x_wconf 84' lang='lat' dir='ltr'><strong>diceres</strong></span> 
     </span>
     <span class='ocr_line' id='line_1_4' title="bbox 254 706 2632 798; baseline 0 -25"><span class='ocrx_word' id='word_1_25' title='bbox 254 712 308 773; x_wconf 75' lang='lat' dir='ltr'><strong>te</strong></span> <span class='ocrx_word' id='word_1_26' title='bbox 342 714 668 775; x_wconf 67' lang='lat' dir='ltr'><strong>munisse</strong></span> <span class='ocrx_word' id='word_1_27' title='bbox 681 710 752 774; x_wconf 80' lang='lat'><strong>?’&#39;</strong></span> <span class='ocrx_word' id='word_1_28' title='bbox 789 712 826 796; x_wconf 66' lang='grc' dir='ltr'><strong>ξ</strong></span> <span class='ocrx_word' id='word_1_29' title='bbox 873 709 996 776; x_wconf 86' lang='lat'><strong>60:</strong></span> <span class='ocrx_word' id='word_1_30' title='bbox 1048 711 1245 796; x_wconf 83' lang='lat' dir='ltr'><strong>„quid</strong></span> <span class='ocrx_word' id='word_1_31' title='bbox 1291 706 1540 798; x_wconf 79' lang='lat' dir='ltr'><strong>igitur?</strong></span> <span class='ocrx_word' id='word_1_32' title='bbox 1586 712 1643 774; x_wconf 90' lang='lat' dir='ltr'><strong>si</strong></span> <span class='ocrx_word' id='word_1_33' title='bbox 1688 709 1897 798; x_wconf 82' lang='lat' dir='ltr'><strong>glebis</strong></span> <span class='ocrx_word' id='word_1_34' title='bbox 1935 722 2049 775; x_wconf 87' lang='lat' dir='ltr'><strong>aut</strong></span> <span class='ocrx_word' id='word_1_35' title='bbox 2086 712 2256 776; x_wconf 84' lang='lat' dir='ltr'><strong>saxis</strong></span> <span class='ocrx_word' id='word_1_36' title='bbox 2295 714 2408 775; x_wconf 91' lang='lat' dir='ltr'><strong>aut</strong></span> <span class='ocrx_word' id='word_1_37' title='bbox 2442 709 2632 775; x_wconf 87' lang='lat' dir='ltr'><strong>fusti·</strong></span> 
     </span>
     <span class='ocr_line' id='line_1_5' title="bbox 258 813 2630 902; baseline 0.001 -24"><span class='ocrx_word' id='word_1_38' title='bbox 258 813 361 878; x_wconf 88' lang='lat' dir='ltr'><strong>bus</strong></span> <span class='ocrx_word' id='word_1_39' title='bbox 423 813 710 901; x_wconf 89' lang='lat' dir='ltr'><strong>aliquem</strong></span> <span class='ocrx_word' id='word_1_40' title='bbox 774 815 852 883; x_wconf 93' lang='lat' dir='ltr'><strong>de</strong></span> <span class='ocrx_word' id='word_1_41' title='bbox 906 817 1103 884; x_wconf 85' lang='lat' dir='ltr'><strong>fundo</strong></span> <span class='ocrx_word' id='word_1_42' title='bbox 1165 818 1575 902; x_wconf 80' lang='lat' dir='ltr'><strong>praecipitem</strong></span> <span class='ocrx_word' id='word_1_43' title='bbox 1639 818 1848 902; x_wconf 80' lang='lat' dir='ltr'><strong>egeris</strong></span> <span class='ocrx_word' id='word_1_44' title='bbox 1888 818 2225 900; x_wconf 89' lang='lat' dir='ltr'><strong>iussusque</strong></span> <span class='ocrx_word' id='word_1_45' title='bbox 2269 817 2358 880; x_wconf 91' lang='lat' dir='ltr'><strong>sis</strong></span> <span class='ocrx_word' id='word_1_46' title='bbox 2373 860 2391 892; x_wconf 82' lang='lat'><em>,</em></span> <span class='ocrx_word' id='word_1_47' title='bbox 2441 835 2630 900; x_wconf 90' lang='lat' dir='ltr'><strong>quem</strong></span> 
     </span>
     <span class='ocr_line' id='line_1_6' title="bbox 253 918 2629 1006; baseline 0.001 -22"><span class='ocrx_word' id='word_1_48' title='bbox 253 918 604 988; x_wconf 86' lang='lat' dir='ltr'><strong>hominibus</strong></span> <span class='ocrx_word' id='word_1_49' title='bbox 675 926 942 989; x_wconf 88' lang='lat' dir='ltr'><strong>armatis</strong></span> <span class='ocrx_word' id='word_1_50' title='bbox 1009 923 1345 1006; x_wconf 85' lang='lat' dir='ltr'><strong>deieceris,</strong></span> <span class='ocrx_word' id='word_1_51' title='bbox 1415 925 1752 989; x_wconf 86' lang='lat' dir='ltr'><strong>restituere</strong></span> <span class='ocrx_word' id='word_1_52' title='bbox 1771 970 1789 1000; x_wconf 87' lang='lat'><em>,</em></span> <span class='ocrx_word' id='word_1_53' title='bbox 1857 923 2211 988; x_wconf 79' lang='lat' dir='ltr'><strong>restituisse</strong></span> <span class='ocrx_word' id='word_1_54' title='bbox 2269 926 2335 987; x_wconf 91' lang='lat' dir='ltr'><strong>te</strong></span> <span class='ocrx_word' id='word_1_55' title='bbox 2383 921 2554 987; x_wconf 89' lang='lat' dir='ltr'><strong>dices</strong></span> <span class='ocrx_word' id='word_1_56' title='bbox 2566 918 2629 986; x_wconf 72' lang='lat' dir='ltr'><strong>‘l”</strong></span> 
     </span>
     <span class='ocr_line' id='line_1_7' title="bbox 252 1024 2631 1116; baseline 0.001 -28"><span class='ocrx_word' id='word_1_57' title='bbox 252 1027 285 1108; x_wconf 60' lang='grc' dir='ltr'><strong>ᾗ</strong></span> <span class='ocrx_word' id='word_1_58' title='bbox 323 1024 405 1089; x_wconf 85' lang='grc'><strong>92</strong></span> <span class='ocrx_word' id='word_1_59' title='bbox 453 1031 614 1113; x_wconf 85' lang='lat' dir='ltr'><strong>„qui</strong></span> <span class='ocrx_word' id='word_1_60' title='bbox 659 1050 727 1094; x_wconf 91' lang='lat' dir='ltr'><strong>se</strong></span> <span class='ocrx_word' id='word_1_61' title='bbox 771 1032 1127 1095; x_wconf 81' lang='lat' dir='ltr'><strong>restituisse</strong></span> <span class='ocrx_word' id='word_1_62' title='bbox 1170 1029 1367 1112; x_wconf 80' lang='lat' dir='ltr'><strong>dixit,</strong></span> <span class='ocrx_word' id='word_1_63' title='bbox 1416 1049 1655 1116; x_wconf 82' lang='lat' dir='ltr'><strong>magna</strong></span> <span class='ocrx_word' id='word_1_64' title='bbox 1700 1048 1854 1095; x_wconf 81' lang='lat' dir='ltr'><strong>voce</strong></span> <span class='ocrx_word' id='word_1_65' title='bbox 1899 1048 2086 1113; x_wconf 89' lang='lat' dir='ltr'><strong>saepe</strong></span> <span class='ocrx_word' id='word_1_66' title='bbox 2132 1025 2421 1093; x_wconf 87' lang='lat' dir='ltr'><strong>confiteri</strong></span> <span class='ocrx_word' id='word_1_67' title='bbox 2467 1026 2631 1094; x_wconf 89' lang='lat' dir='ltr'><strong>solet</strong></span> 
     </span>
     <span class='ocr_line' id='line_1_8' title="bbox 251 1133 2633 1222; baseline 0.001 -25"><span class='ocrx_word' id='word_1_68' title='bbox 251 1151 308 1197; x_wconf 87' lang='lat' dir='ltr'><strong>se</strong></span> <span class='ocrx_word' id='word_1_69' title='bbox 346 1135 413 1197; x_wconf 80' lang='lat' dir='ltr'><strong>vi</strong></span> <span class='ocrx_word' id='word_1_70' title='bbox 461 1134 834 1201; x_wconf 87' lang='lat' dir='ltr'><strong>deiecisse.&#39;&#39;</strong></span> <span class='ocrx_word' id='word_1_71' title='bbox 884 1135 1027 1202; x_wconf 90' lang='lat' dir='ltr'><strong>Hoc</strong></span> <span class='ocrx_word' id='word_1_72' title='bbox 1072 1138 1279 1222; x_wconf 82' lang='lat' dir='ltr'><strong>igitur</strong></span> <span class='ocrx_word' id='word_1_73' title='bbox 1322 1135 1560 1203; x_wconf 81' lang='lat' dir='ltr'><strong>recedit</strong></span> <span class='ocrx_word' id='word_1_74' title='bbox 1596 1136 1677 1201; x_wconf 85' lang='lat' dir='ltr'><strong>ab</strong></span> <span class='ocrx_word' id='word_1_75' title='bbox 1718 1155 1875 1212; x_wconf 88' lang='lat' dir='ltr'><strong>usu;</strong></span> <span class='ocrx_word' id='word_1_76' title='bbox 1918 1133 2119 1222; x_wconf 81' lang='lat' dir='ltr'><strong>vulgo</strong></span> <span class='ocrx_word' id='word_1_77' title='bbox 2168 1136 2279 1218; x_wconf 90' lang='lat' dir='ltr'><strong>qui</strong></span> <span class='ocrx_word' id='word_1_78' title='bbox 2303 1134 2633 1199; x_wconf 62' lang='lat' dir='ltr'><strong>reatinum</strong></span> 
     </span>
     <span class='ocr_line' id='line_1_9' title="bbox 249 1237 2631 1330; baseline 0.001 -29"><span class='ocrx_word' id='word_1_79' title='bbox 249 1260 304 1301; x_wconf 76' lang='lat' dir='ltr'><strong>ae</strong></span> <span class='ocrx_word' id='word_1_80' title='bbox 341 1239 499 1305; x_wconf 86' lang='lat' dir='ltr'><strong>dicit</strong></span> <span class='ocrx_word' id='word_1_81' title='bbox 517 1290 536 1324; x_wconf 90' lang='lat'>,</span> <span class='ocrx_word' id='word_1_82' title='bbox 585 1242 709 1307; x_wconf 88' lang='lat' dir='ltr'><strong>hoc</strong></span> <span class='ocrx_word' id='word_1_83' title='bbox 757 1247 1011 1307; x_wconf 90' lang='lat' dir='ltr'><strong>tantum</strong></span> <span class='ocrx_word' id='word_1_84' title='bbox 1058 1240 1379 1330; x_wconf 81' lang='lat' dir='ltr'><strong>significat</strong></span> <span class='ocrx_word' id='word_1_85' title='bbox 1425 1262 1493 1307; x_wconf 90' lang='lat' dir='ltr'><strong>se</strong></span> <span class='ocrx_word' id='word_1_86' title='bbox 1538 1263 1658 1305; x_wconf 72' lang='lat' dir='ltr'><strong>non</strong></span> <span class='ocrx_word' id='word_1_87' title='bbox 1707 1240 2002 1305; x_wconf 70' lang='lat' dir='ltr'><strong>deiecisoe.</strong></span> <span class='ocrx_word' id='word_1_88' title='bbox 2055 1238 2204 1324; x_wconf 76' lang='lat'><strong>§23</strong></span> <span class='ocrx_word' id='word_1_89' title='bbox 2257 1237 2631 1316; x_wconf 73' lang='lat' dir='ltr'><strong>„Dolabella</strong></span> 
     </span>
     <span class='ocr_line' id='line_1_10' title="bbox 249 1344 2633 1429; baseline -0.001 -18"><span class='ocrx_word' id='word_1_90' title='bbox 249 1352 485 1429; x_wconf 81' lang='lat' dir='ltr'><strong>praetor</strong></span> <span class='ocrx_word' id='word_1_91' title='bbox 538 1347 878 1413; x_wconf 78' lang='lat' dir='ltr'><strong>interdixit</strong></span> <span class='ocrx_word' id='word_1_92' title='bbox 926 1384 1010 1397; x_wconf 91' lang='lat'><strong>-—</strong></span> <span class='ocrx_word' id='word_1_93' title='bbox 1062 1354 1135 1412; x_wconf 90' lang='lat' dir='ltr'><strong>ut</strong></span> <span class='ocrx_word' id='word_1_94' title='bbox 1180 1347 1347 1414; x_wconf 90' lang='lat' dir='ltr'><strong>unde</strong></span> <span class='ocrx_word' id='word_1_95' title='bbox 1387 1348 1722 1413; x_wconf 89' lang='lat' dir='ltr'><strong>deiecisset</strong></span> <span class='ocrx_word' id='word_1_96' title='bbox 1765 1350 2154 1413; x_wconf 88' lang='lat' dir='ltr'><strong>restitueret.</strong></span> <span class='ocrx_word' id='word_1_97' title='bbox 2249 1344 2633 1411; x_wconf 87' lang='lat' dir='ltr'><strong>Restituisse</strong></span> 
     </span>
     <span class='ocr_line' id='line_1_11' title="bbox 249 1450 2632 1539; baseline 0 -25"><span class='ocrx_word' id='word_1_98' title='bbox 249 1470 308 1514; x_wconf 91' lang='lat' dir='ltr'><strong>se</strong></span> <span class='ocrx_word' id='word_1_99' title='bbox 349 1450 534 1518; x_wconf 82' lang='lat' dir='ltr'><strong>dixit.</strong></span> <span class='ocrx_word' id='word_1_100' title='bbox 634 1453 902 1539; x_wconf 82' lang='lat' dir='ltr'><strong>Sponsio</strong></span> <span class='ocrx_word' id='word_1_101' title='bbox 947 1454 1114 1520; x_wconf 83' lang='lat' dir='ltr'><strong>facta</strong></span> <span class='ocrx_word' id='word_1_102' title='bbox 1160 1460 1291 1531; x_wconf 85' lang='lat' dir='ltr'><strong>est,</strong></span> <span class='ocrx_word' id='word_1_103' title='bbox 1334 1454 1454 1520; x_wconf 86' lang='lat' dir='ltr'><strong>hac</strong></span> <span class='ocrx_word' id='word_1_104' title='bbox 1499 1453 1579 1520; x_wconf 93' lang='lat' dir='ltr'><strong>de</strong></span> <span class='ocrx_word' id='word_1_105' title='bbox 1615 1456 1950 1539; x_wconf 86' lang='lat' dir='ltr'><strong>sponsione</strong></span> <span class='ocrx_word' id='word_1_106' title='bbox 1988 1453 2177 1519; x_wconf 81' lang='lat' dir='ltr'><strong>vobis</strong></span> <span class='ocrx_word' id='word_1_107' title='bbox 2216 1450 2632 1518; x_wconf 89' lang='lat' dir='ltr'><strong>iudicandum</strong></span> 
     </span>
     <span class='ocr_line' id='line_1_12' title="bbox 249 1556 2637 1646; baseline -0 -25"><span class='ocrx_word' id='word_1_108' title='bbox 249 1556 391 1621; x_wconf 88' lang='lat' dir='ltr'><strong>est.&#39;’</strong></span> <span class='ocrx_word' id='word_1_109' title='bbox 447 1596 525 1608; x_wconf 91' lang='lat'><strong>—-</strong></span> <span class='ocrx_word' id='word_1_110' title='bbox 578 1559 801 1645; x_wconf 85' lang='lat' dir='ltr'><strong>Itaque</strong></span> <span class='ocrx_word' id='word_1_111' title='bbox 836 1569 981 1645; x_wconf 87' lang='lat' dir='ltr'><strong>post</strong></span> <span class='ocrx_word' id='word_1_112' title='bbox 1013 1561 1429 1627; x_wconf 90' lang='lat' dir='ltr'><strong>interdictum</strong></span> <span class='ocrx_word' id='word_1_113' title='bbox 1472 1562 1817 1646; x_wconf 83' lang='lat' dir='ltr'><strong>praetoris:</strong></span> <span class='ocrx_word' id='word_1_114' title='bbox 1861 1564 2145 1624; x_wconf 70' lang='lat' dir='ltr'><strong>restituae</strong></span> <span class='ocrx_word' id='word_1_115' title='bbox 2183 1559 2344 1623; x_wconf 71' lang='lat' dir='ltr'><strong>unde</strong></span> <span class='ocrx_word' id='word_1_116' title='bbox 2364 1557 2637 1621; x_wconf 66' lang='lat' dir='ltr'><strong>deiecisti</strong></span> 
     </span>
     <span class='ocr_line' id='line_1_13' title="bbox 248 1663 2636 1754; baseline 0 -28"><span class='ocrx_word' id='word_1_117' title='bbox 248 1665 576 1747; x_wconf 87' lang='lat' dir='ltr'><strong>respondet</strong></span> <span class='ocrx_word' id='word_1_118' title='bbox 634 1668 747 1751; x_wconf 89' lang='lat' dir='ltr'><strong>qui</strong></span> <span class='ocrx_word' id='word_1_119' title='bbox 801 1669 1011 1731; x_wconf 90' lang='lat' dir='ltr'><strong>iussus</strong></span> <span class='ocrx_word' id='word_1_120' title='bbox 1070 1674 1200 1731; x_wconf 86' lang='lat' dir='ltr'><strong>est:</strong></span> <span class='ocrx_word' id='word_1_121' title='bbox 1255 1668 1426 1754; x_wconf 81' lang='lat' dir='ltr'><strong>(ego)</strong></span> <span class='ocrx_word' id='word_1_122' title='bbox 1477 1683 1795 1731; x_wconf 70' lang='lat' dir='ltr'><strong>anrrrm.</strong></span> <span class='ocrx_word' id='word_1_123' title='bbox 1845 1664 2014 1731; x_wconf 84' lang='lat' dir='ltr'><strong>&#39;Pum</strong></span> <span class='ocrx_word' id='word_1_124' title='bbox 2064 1663 2329 1732; x_wconf 90' lang='lat' dir='ltr'><strong>alterius</strong></span> <span class='ocrx_word' id='word_1_125' title='bbox 2374 1663 2636 1751; x_wconf 78' lang='lat' dir='ltr'><strong>litigan-</strong></span> 
     </span>
     <span class='ocr_line' id='line_1_14' title="bbox 242 1767 2636 1857; baseline 0.001 -26"><span class='ocrx_word' id='word_1_126' title='bbox 242 1767 399 1832; x_wconf 75' lang='lat' dir='ltr'><strong>u‘um</strong></span> <span class='ocrx_word' id='word_1_127' title='bbox 474 1773 769 1856; x_wconf 87' lang='lat' dir='ltr'><strong>sequitur</strong></span> <span class='ocrx_word' id='word_1_128' title='bbox 839 1774 1128 1857; x_wconf 86' lang='lat' dir='ltr'><strong>sponsio:</strong></span> <span class='ocrx_word' id='word_1_129' title='bbox 1198 1790 1264 1838; x_wconf 79' lang='lat' dir='ltr'><strong>m</strong></span> <span class='ocrx_word' id='word_1_130' title='bbox 1328 1789 1411 1837; x_wconf 73' lang='lat' dir='ltr'><strong>&#39;ru</strong></span> <span class='ocrx_word' id='word_1_131' title='bbox 1476 1790 1567 1837; x_wconf 74' lang='lat' dir='ltr'><strong>un</strong></span> <span class='ocrx_word' id='word_1_132' title='bbox 1631 1806 1720 1820; x_wconf 90' lang='lat'><em>-</em></span> <span class='ocrx_word' id='word_1_133' title='bbox 1781 1787 2215 1844; x_wconf 72' lang='lat' dir='ltr'><strong>nas&#39;rirms‘m,</strong></span> <span class='ocrx_word' id='word_1_134' title='bbox 2286 1786 2459 1835; x_wconf 77' lang='lat' dir='ltr'><strong>nm</strong></span> <span class='ocrx_word' id='word_1_135' title='bbox 2519 1767 2636 1834; x_wconf 80' lang='lat' dir='ltr'><strong>HS</strong></span> 
     </span>
     <span class='ocr_line' id='line_1_15' title="bbox 245 1874 2631 1962; baseline 0 -22"><span class='ocrx_word' id='word_1_136' title='bbox 245 1874 559 1942; x_wconf 67' lang='lat' dir='ltr'><strong>eronus?</strong></span> <span class='ocrx_word' id='word_1_137' title='bbox 621 1876 983 1962; x_wconf 88' lang='lat' dir='ltr'><strong>Respondet</strong></span> <span class='ocrx_word' id='word_1_138' title='bbox 1046 1877 1208 1943; x_wconf 90' lang='lat' dir='ltr'><strong>alter</strong></span> <span class='ocrx_word' id='word_1_139' title='bbox 1272 1894 1579 1944; x_wconf 63' lang='lat' dir='ltr'><strong>sponnno.</strong></span> <span class='ocrx_word' id='word_1_140' title='bbox 1675 1877 1760 1942; x_wconf 83' lang='lat' dir='ltr'><strong>Et</strong></span> <span class='ocrx_word' id='word_1_141' title='bbox 1819 1876 1898 1943; x_wconf 91' lang='lat' dir='ltr'><strong>de</strong></span> <span class='ocrx_word' id='word_1_142' title='bbox 1960 1897 2035 1942; x_wconf 89' lang='lat' dir='ltr'><strong>ea</strong></span> <span class='ocrx_word' id='word_1_143' title='bbox 2097 1877 2432 1961; x_wconf 91' lang='lat' dir='ltr'><strong>sponsione</strong></span> <span class='ocrx_word' id='word_1_144' title='bbox 2499 1877 2631 1941; x_wconf 91' lang='lat' dir='ltr'><strong>iam</strong></span> 
     </span>
     <span class='ocr_line' id='line_1_16' title="bbox 242 1978 2632 2069; baseline 0.001 -26"><span class='ocrx_word' id='word_1_145' title='bbox 242 1978 572 2047; x_wconf 86' lang='lat' dir='ltr'><strong>iudicatur.</strong></span> <span class='ocrx_word' id='word_1_146' title='bbox 643 1981 769 2063; x_wconf 82' lang='lat' dir='ltr'><strong>Qui</strong></span> <span class='ocrx_word' id='word_1_147' title='bbox 815 1983 1076 2068; x_wconf 89' lang='lat' dir='ltr'><strong>obsequi</strong></span> <span class='ocrx_word' id='word_1_148' title='bbox 1121 1985 1428 2069; x_wconf 89' lang='lat' dir='ltr'><strong>praetoris</strong></span> <span class='ocrx_word' id='word_1_149' title='bbox 1474 1983 1815 2049; x_wconf 85' lang='lat' dir='ltr'><strong>interdicto</strong></span> <span class='ocrx_word' id='word_1_150' title='bbox 1862 1988 2150 2055; x_wconf 86' lang='lat' dir='ltr'><strong>recusat,</strong></span> <span class='ocrx_word' id='word_1_151' title='bbox 2199 2000 2390 2047; x_wconf 89' lang='lat' dir='ltr'><strong>causa</strong></span> <span class='ocrx_word' id='word_1_152' title='bbox 2432 1984 2632 2059; x_wconf 86' lang='lat' dir='ltr'><strong>cadit,</strong></span> 
     </span>
     <span class='ocr_line' id='line_1_17' title="bbox 243 2086 2632 2175; baseline 0.001 -26"><span class='ocrx_word' id='word_1_153' title='bbox 243 2086 448 2171; x_wconf 77' lang='lat' dir='ltr'><strong>itaque</strong></span> <span class='ocrx_word' id='word_1_154' title='bbox 488 2110 615 2155; x_wconf 89' lang='lat' dir='ltr'><strong>non</strong></span> <span class='ocrx_word' id='word_1_155' title='bbox 664 2096 915 2155; x_wconf 83' lang='lat' dir='ltr'><strong>recusat</strong></span> <span class='ocrx_word' id='word_1_156' title='bbox 959 2090 1068 2154; x_wconf 90' lang='lat' dir='ltr'><strong>sed</strong></span> <span class='ocrx_word' id='word_1_157' title='bbox 1115 2110 1183 2155; x_wconf 89' lang='lat' dir='ltr'><strong>se</strong></span> <span class='ocrx_word' id='word_1_158' title='bbox 1229 2100 1523 2175; x_wconf 68' lang='lat' dir='ltr'><strong>quatenu</strong></span> <span class='ocrx_word' id='word_1_159' title='bbox 1566 2096 1835 2173; x_wconf 69' lang='lat' dir='ltr'><strong>oporteat</strong></span> <span class='ocrx_word' id='word_1_160' title='bbox 1881 2090 2238 2154; x_wconf 86' lang='lat' dir='ltr'><strong>restituisse</strong></span> <span class='ocrx_word' id='word_1_161' title='bbox 2286 2087 2632 2154; x_wconf 81' lang='lat' dir='ltr'><strong>contendit.</strong></span> 
     </span>
     <span class='ocr_line' id='line_1_18' title="bbox 246 2186 2635 2281; baseline 0.002 -26"><span class='ocrx_word' id='word_1_162' title='bbox 246 2186 399 2257; x_wconf 83' lang='lat' dir='ltr'><strong>Sunt</strong></span> <span class='ocrx_word' id='word_1_163' title='bbox 453 2194 577 2261; x_wconf 88' lang='lat' dir='ltr'><strong>hae</strong></span> <span class='ocrx_word' id='word_1_164' title='bbox 624 2194 939 2261; x_wconf 86' lang='lat' dir='ltr'><strong>formulae</strong></span> <span class='ocrx_word' id='word_1_165' title='bbox 985 2197 1167 2281; x_wconf 92' lang='lat' dir='ltr'><strong>quasi</strong></span> <span class='ocrx_word' id='word_1_166' title='bbox 1215 2197 1506 2272; x_wconf 92' lang='lat' dir='ltr'><strong>nummi,</strong></span> <span class='ocrx_word' id='word_1_167' title='bbox 1556 2197 1626 2259; x_wconf 93' lang='lat' dir='ltr'><strong>in</strong></span> <span class='ocrx_word' id='word_1_168' title='bbox 1671 2195 1907 2279; x_wconf 87' lang='lat' dir='ltr'><strong>quibus</strong></span> <span class='ocrx_word' id='word_1_169' title='bbox 1953 2215 2113 2280; x_wconf 89' lang='lat' dir='ltr'><strong>quae</strong></span> <span class='ocrx_word' id='word_1_170' title='bbox 2159 2194 2355 2260; x_wconf 81' lang='lat' dir='ltr'><strong>verba</strong></span> <span class='ocrx_word' id='word_1_171' title='bbox 2399 2193 2635 2280; x_wconf 88' lang='lat' dir='ltr'><strong>scripta</strong></span> 
     </span>
     <span class='ocr_line' id='line_1_19' title="bbox 247 2298 2633 2386; baseline 0.001 -25"><span class='ocrx_word' id='word_1_172' title='bbox 247 2299 396 2376; x_wconf 80' lang='lat' dir='ltr'><strong>sint,</strong></span> <span class='ocrx_word' id='word_1_173' title='bbox 461 2321 650 2367; x_wconf 92' lang='lat' dir='ltr'><strong>nemo</strong></span> <span class='ocrx_word' id='word_1_174' title='bbox 714 2306 931 2367; x_wconf 88' lang='lat' dir='ltr'><strong>curat:</strong></span> <span class='ocrx_word' id='word_1_175' title='bbox 998 2301 1187 2367; x_wconf 90' lang='lat' dir='ltr'><strong>modo</strong></span> <span class='ocrx_word' id='word_1_176' title='bbox 1256 2321 1475 2367; x_wconf 89' lang='lat' dir='ltr'><strong>omnes</strong></span> <span class='ocrx_word' id='word_1_177' title='bbox 1521 2301 1727 2366; x_wconf 85' lang='lat' dir='ltr'><strong>sciant</strong></span> <span class='ocrx_word' id='word_1_178' title='bbox 1775 2301 1924 2386; x_wconf 90' lang='lat' dir='ltr'><strong>quid</strong></span> <span class='ocrx_word' id='word_1_179' title='bbox 1974 2321 2096 2367; x_wconf 89' lang='lat' dir='ltr'><strong>usu</strong></span> <span class='ocrx_word' id='word_1_180' title='bbox 2142 2298 2415 2367; x_wconf 81' lang='lat' dir='ltr'><strong>valeant.</strong></span> <span class='ocrx_word' id='word_1_181' title='bbox 2511 2299 2633 2366; x_wconf 84' lang='lat' dir='ltr'><strong>Sed</strong></span> 
     </span>
     <span class='ocr_line' id='line_1_20' title="bbox 249 2406 2636 2494; baseline 0 -24"><span class='ocrx_word' id='word_1_182' title='bbox 249 2410 536 2487; x_wconf 84' lang='lat' dir='ltr'><strong>quamvis</strong></span> <span class='ocrx_word' id='word_1_183' title='bbox 602 2406 923 2491; x_wconf 82' lang='lat' dir='ltr'><strong>frequenti</strong></span> <span class='ocrx_word' id='word_1_184' title='bbox 980 2413 1159 2473; x_wconf 88' lang='lat' dir='ltr'><strong>tactu</strong></span> <span class='ocrx_word' id='word_1_185' title='bbox 1221 2410 1430 2472; x_wconf 81' lang='lat' dir='ltr'><strong>attriti</strong></span> <span class='ocrx_word' id='word_1_186' title='bbox 1493 2406 2025 2494; x_wconf 81' lang='lat' dir='ltr'><strong>intellegentibus</strong></span> <span class='ocrx_word' id='word_1_187' title='bbox 2071 2409 2441 2472; x_wconf 87' lang='lat' dir='ltr'><strong>testimonia</strong></span> <span class='ocrx_word' id='word_1_188' title='bbox 2486 2413 2636 2473; x_wconf 91' lang='lat' dir='ltr'><strong>sunt</strong></span> 
     </span>
     <span class='ocr_line' id='line_1_21' title="bbox 250 2512 2634 2600; baseline 0.002 -26"><span class='ocrx_word' id='word_1_189' title='bbox 250 2512 542 2596; x_wconf 79' lang='lat' dir='ltr'><strong>temporis</strong></span> <span class='ocrx_word' id='word_1_190' title='bbox 603 2513 855 2579; x_wconf 89' lang='lat' dir='ltr'><strong>remoti.</strong></span> <span class='ocrx_word' id='word_1_191' title='bbox 949 2512 1144 2600; x_wconf 79' lang='lat' dir='ltr'><strong>Legis</strong></span> <span class='ocrx_word' id='word_1_192' title='bbox 1204 2516 1486 2579; x_wconf 84' lang='lat' dir='ltr'><strong>actiones</strong></span> <span class='ocrx_word' id='word_1_193' title='bbox 1536 2520 2008 2599; x_wconf 83' lang='lat' dir='ltr'><strong>repraesentant</strong></span> <span class='ocrx_word' id='word_1_194' title='bbox 2052 2514 2235 2579; x_wconf 89' lang='lat' dir='ltr'><strong>nobis</strong></span> <span class='ocrx_word' id='word_1_195' title='bbox 2282 2512 2464 2579; x_wconf 90' lang='lat' dir='ltr'><strong>illam</strong></span> <span class='ocrx_word' id='word_1_196' title='bbox 2527 2534 2634 2580; x_wconf 87' lang='lat' dir='ltr'><strong>ae-</strong></span> 
     </span>
     <span class='ocr_line' id='line_1_22' title="bbox 248 2618 2637 2705; baseline 0.002 -25"><span class='ocrx_word' id='word_1_197' title='bbox 248 2618 437 2683; x_wconf 83' lang='lat' dir='ltr'><strong>tatem</strong></span> <span class='ocrx_word' id='word_1_198' title='bbox 452 2666 470 2696; x_wconf 86' lang='lat'>‚</span> <span class='ocrx_word' id='word_1_199' title='bbox 532 2638 661 2705; x_wconf 87' lang='lat' dir='ltr'><strong>qua</strong></span> <span class='ocrx_word' id='word_1_200' title='bbox 722 2620 1029 2684; x_wconf 73' lang='lat' dir='ltr'><strong>transitus</strong></span> <span class='ocrx_word' id='word_1_201' title='bbox 1088 2639 1126 2685; x_wconf 94' lang='lat' dir='ltr'><strong>a</strong></span> <span class='ocrx_word' id='word_1_202' title='bbox 1170 2619 1339 2685; x_wconf 85' lang='lat' dir='ltr'><strong>facto</strong></span> <span class='ocrx_word' id='word_1_203' title='bbox 1385 2619 1466 2685; x_wconf 88' lang='lat' dir='ltr'><strong>ad</strong></span> <span class='ocrx_word' id='word_1_204' title='bbox 1513 2619 1781 2685; x_wconf 85' lang='lat' dir='ltr'><strong>verbum</strong></span> <span class='ocrx_word' id='word_1_205' title='bbox 1799 2668 1818 2702; x_wconf 91' lang='lat'>,</span> <span class='ocrx_word' id='word_1_206' title='bbox 1867 2638 1905 2684; x_wconf 94' lang='lat' dir='ltr'><strong>a</strong></span> <span class='ocrx_word' id='word_1_207' title='bbox 1951 2618 2238 2704; x_wconf 88' lang='lat' dir='ltr'><strong>rapiendi</strong></span> <span class='ocrx_word' id='word_1_208' title='bbox 2285 2619 2637 2704; x_wconf 86' lang='lat' dir='ltr'><strong>cupiditate</strong></span> 
     </span>
     <span class='ocr_line' id='line_1_23' title="bbox 250 2720 2636 2812; baseline 0.002 -25"><span class='ocrx_word' id='word_1_209' title='bbox 250 2720 319 2787; x_wconf 77' lang='lat' dir='ltr'><strong>ad</strong></span> <span class='ocrx_word' id='word_1_210' title='bbox 372 2726 534 2790; x_wconf 90' lang='lat' dir='ltr'><strong>iuris</strong></span> <span class='ocrx_word' id='word_1_211' title='bbox 596 2744 888 2791; x_wconf 89' lang='lat' dir='ltr'><strong>normam</strong></span> <span class='ocrx_word' id='word_1_212' title='bbox 950 2725 1219 2791; x_wconf 87' lang='lat' dir='ltr'><strong>rudibus</strong></span> <span class='ocrx_word' id='word_1_213' title='bbox 1282 2727 1480 2791; x_wconf 90' lang='lat' dir='ltr'><strong>etiam</strong></span> <span class='ocrx_word' id='word_1_214' title='bbox 1548 2731 1687 2790; x_wconf 90' lang='lat' dir='ltr'><strong>tum</strong></span> <span class='ocrx_word' id='word_1_215' title='bbox 1746 2725 2078 2791; x_wconf 89' lang='lat' dir='ltr'><strong>hominum</strong></span> <span class='ocrx_word' id='word_1_216' title='bbox 2143 2724 2420 2812; x_wconf 78' lang='lat' dir='ltr'><strong>ingeniis</strong></span> <span class='ocrx_word' id='word_1_217' title='bbox 2480 2725 2636 2791; x_wconf 89' lang='lat' dir='ltr'><strong>satis</strong></span> 
     </span>
     <span class='ocr_line' id='line_1_24' title="bbox 250 2824 2630 2916; baseline 0 -22"><span class='ocrx_word' id='word_1_218' title='bbox 250 2824 514 2897; x_wconf 85' lang='lat' dir='ltr'><strong>difficilis</strong></span> <span class='ocrx_word' id='word_1_219' title='bbox 583 2833 820 2897; x_wconf 89' lang='lat' dir='ltr'><strong>sensim</strong></span> <span class='ocrx_word' id='word_1_220' title='bbox 889 2829 1331 2916; x_wconf 86' lang='lat' dir='ltr'><strong>perficiebatur</strong></span> <span class='ocrx_word' id='word_1_221' title='bbox 1400 2834 1647 2897; x_wconf 90' lang='lat' dir='ltr'><strong>actione</strong></span> <span class='ocrx_word' id='word_1_222' title='bbox 1710 2830 1984 2915; x_wconf 90' lang='lat' dir='ltr'><strong>quadam</strong></span> <span class='ocrx_word' id='word_1_223' title='bbox 2052 2832 2436 2916; x_wconf 81' lang='lat' dir='ltr'><strong>imaginaria</strong></span> <span class='ocrx_word' id='word_1_224' title='bbox 2483 2851 2630 2895; x_wconf 92' lang='lat' dir='ltr'><strong>cum</strong></span> 
     </span>
     <span class='ocr_line' id='line_1_25' title="bbox 251 2933 2630 3021; baseline 0.001 -23"><span class='ocrx_word' id='word_1_225' title='bbox 251 2933 653 3003; x_wconf 87' lang='lat' dir='ltr'><strong>sollemnibus</strong></span> <span class='ocrx_word' id='word_1_226' title='bbox 698 2938 910 3004; x_wconf 82' lang='lat' dir='ltr'><strong>verbis</strong></span> <span class='ocrx_word' id='word_1_227' title='bbox 938 2939 1195 3009; x_wconf 82' lang='lat' dir='ltr'><strong>iuncta.</strong></span> <span class='ocrx_word' id='word_1_228' title='bbox 1289 2936 1725 3004; x_wconf 85' lang='lat' dir='ltr'><strong>Bibliothecas</strong></span> <span class='ocrx_word' id='word_1_229' title='bbox 1764 2940 2056 3002; x_wconf 90' lang='lat' dir='ltr'><strong>omnium</strong></span> <span class='ocrx_word' id='word_1_230' title='bbox 2103 2934 2630 3021; x_wconf 89' lang='lat' dir='ltr'><strong>philosophorum</strong></span> 
     </span>
     <span class='ocr_line' id='line_1_26' title="bbox 250 3041 2635 3127; baseline 0 -21"><span class='ocrx_word' id='word_1_231' title='bbox 250 3056 402 3108; x_wconf 87' lang='lat' dir='ltr'><strong>unus</strong></span> <span class='ocrx_word' id='word_1_232' title='bbox 467 3043 721 3109; x_wconf 87' lang='lat' dir='ltr'><strong>libellus</strong></span> <span class='ocrx_word' id='word_1_233' title='bbox 783 3042 921 3108; x_wconf 87' lang='lat' dir='ltr'><strong>XII</strong></span> <span class='ocrx_word' id='word_1_234' title='bbox 983 3042 1351 3109; x_wconf 89' lang='lat' dir='ltr'><strong>tabularum</strong></span> <span class='ocrx_word' id='word_1_235' title='bbox 1417 3041 1709 3110; x_wconf 84' lang='lat' dir='ltr'><strong>Ciceroni</strong></span> <span class='ocrx_word' id='word_1_236' title='bbox 1772 3061 2069 3127; x_wconf 90' lang='lat' dir='ltr'><strong>superare</strong></span> <span class='ocrx_word' id='word_1_237' title='bbox 2130 3043 2511 3107; x_wconf 89' lang='lat' dir='ltr'><strong>auctoritate</strong></span> <span class='ocrx_word' id='word_1_238' title='bbox 2568 3048 2635 3108; x_wconf 90' lang='lat' dir='ltr'><strong>et</strong></span> 
     </span>
     <span class='ocr_line' id='line_1_27' title="bbox 252 3146 2634 3233; baseline -0 -20"><span class='ocrx_word' id='word_1_239' title='bbox 252 3163 360 3213; x_wconf 86' lang='lat' dir='ltr'><strong>usu</strong></span> <span class='ocrx_word' id='word_1_240' title='bbox 435 3149 791 3215; x_wconf 84' lang='lat' dir='ltr'><strong>videbatur.</strong></span> <span class='ocrx_word' id='word_1_241' title='bbox 887 3149 973 3214; x_wconf 81' lang='lat' dir='ltr'><strong>Et</strong></span> <span class='ocrx_word' id='word_1_242' title='bbox 1049 3169 1197 3214; x_wconf 91' lang='lat' dir='ltr'><strong>sane</strong></span> <span class='ocrx_word' id='word_1_243' title='bbox 1269 3151 1565 3233; x_wconf 85' lang='lat' dir='ltr'><strong>quamvis</strong></span> <span class='ocrx_word' id='word_1_244' title='bbox 1627 3149 1815 3232; x_wconf 85' lang='lat' dir='ltr'><strong>paulo</strong></span> <span class='ocrx_word' id='word_1_245' title='bbox 1881 3146 2233 3211; x_wconf 83' lang='lat' dir='ltr'><strong>ferventius</strong></span> <span class='ocrx_word' id='word_1_246' title='bbox 2302 3148 2634 3212; x_wconf 89' lang='lat' dir='ltr'><strong>enuntiata</strong></span> 
     </span>
     <span class='ocr_line' id='line_1_28' title="bbox 250 3251 2633 3336; baseline 0.002 -22"><span class='ocrx_word' id='word_1_247' title='bbox 250 3271 361 3318; x_wconf 87' lang='lat' dir='ltr'><strong>non</strong></span> <span class='ocrx_word' id='word_1_248' title='bbox 422 3256 753 3321; x_wconf 89' lang='lat' dir='ltr'><strong>immerito</strong></span> <span class='ocrx_word' id='word_1_249' title='bbox 821 3253 963 3319; x_wconf 92' lang='lat' dir='ltr'><strong>laus</strong></span> <span class='ocrx_word' id='word_1_250' title='bbox 1029 3256 1267 3320; x_wconf 86' lang='lat' dir='ltr'><strong>eximia</strong></span> <span class='ocrx_word' id='word_1_251' title='bbox 1338 3254 1440 3319; x_wconf 89' lang='lat' dir='ltr'><strong>his</strong></span> <span class='ocrx_word' id='word_1_252' title='bbox 1509 3254 1820 3319; x_wconf 86' lang='lat' dir='ltr'><strong>tribuitur</strong></span> <span class='ocrx_word' id='word_1_253' title='bbox 1884 3251 2154 3336; x_wconf 89' lang='lat' dir='ltr'><strong>aliisque</strong></span> <span class='ocrx_word' id='word_1_254' title='bbox 2215 3254 2409 3336; x_wconf 90' lang='lat' dir='ltr'><strong>prisci</strong></span> <span class='ocrx_word' id='word_1_255' title='bbox 2472 3253 2633 3318; x_wconf 91' lang='lat' dir='ltr'><strong>iuris</strong></span> 
     </span>
     <span class='ocr_line' id='line_1_29' title="bbox 254 3356 2630 3446; baseline 0.001 -25"><span class='ocrx_word' id='word_1_256' title='bbox 254 3363 703 3437; x_wconf 88' lang='lat' dir='ltr'><strong>monumentis,</strong></span> <span class='ocrx_word' id='word_1_257' title='bbox 769 3360 936 3446; x_wconf 90' lang='lat' dir='ltr'><strong>quod</strong></span> <span class='ocrx_word' id='word_1_258' title='bbox 999 3360 1236 3426; x_wconf 88' lang='lat' dir='ltr'><strong>habent</strong></span> <span class='ocrx_word' id='word_1_259' title='bbox 1298 3360 1649 3445; x_wconf 89' lang='lat' dir='ltr'><strong>plurimam</strong></span> <span class='ocrx_word' id='word_1_260' title='bbox 1718 3359 2122 3442; x_wconf 76' lang='lat' dir='ltr'><strong>antiquitatis</strong></span> <span class='ocrx_word' id='word_1_261' title='bbox 2191 3356 2471 3445; x_wconf 83' lang='lat' dir='ltr'><strong>effigiem</strong></span> <span class='ocrx_word' id='word_1_262' title='bbox 2537 3361 2630 3424; x_wconf 90' lang='lat' dir='ltr'><strong>in·</strong></span> 
     </span>
     <span class='ocr_line' id='line_1_30' title="bbox 254 3465 2632 3553; baseline 0 -23"><span class='ocrx_word' id='word_1_263' title='bbox 254 3473 726 3553; x_wconf 80' lang='lat' dir='ltr'><strong>corruptamque</strong></span> <span class='ocrx_word' id='word_1_264' title='bbox 804 3487 990 3552; x_wconf 89' lang='lat' dir='ltr'><strong>saepe</strong></span> <span class='ocrx_word' id='word_1_265' title='bbox 1057 3466 1299 3534; x_wconf 77' lang='lat' dir='ltr'><strong>vetusti</strong></span> <span class='ocrx_word' id='word_1_266' title='bbox 1367 3468 1512 3531; x_wconf 85' lang='lat' dir='ltr'><strong>aevi</strong></span> <span class='ocrx_word' id='word_1_267' title='bbox 1582 3466 1961 3531; x_wconf 85' lang='lat' dir='ltr'><strong>memoriam</strong></span> <span class='ocrx_word' id='word_1_268' title='bbox 2032 3465 2374 3529; x_wconf 83' lang='lat' dir='ltr'><strong>continent.</strong></span> <span class='ocrx_word' id='word_1_269' title='bbox 2487 3465 2548 3532; x_wconf 88' lang='lat' dir='ltr'>N</span> <span class='ocrx_word' id='word_1_270' title='bbox 2552 3485 2632 3530; x_wconf 92' lang='lat' dir='ltr'><strong>on</strong></span> 
     </span>
     <span class='ocr_line' id='line_1_31' title="bbox 255 3570 2634 3658; baseline 0.002 -24"><span class='ocrx_word' id='word_1_271' title='bbox 255 3573 478 3638; x_wconf 90' lang='lat' dir='ltr'><strong>mirum</strong></span> <span class='ocrx_word' id='word_1_272' title='bbox 576 3581 795 3639; x_wconf 87' lang='lat' dir='ltr'><strong>autem</strong></span> <span class='ocrx_word' id='word_1_273' title='bbox 823 3622 842 3656; x_wconf 88' lang='lat'>,</span> <span class='ocrx_word' id='word_1_274' title='bbox 935 3573 1103 3657; x_wconf 92' lang='lat' dir='ltr'><strong>quod</strong></span> <span class='ocrx_word' id='word_1_275' title='bbox 1185 3593 1298 3658; x_wconf 92' lang='lat' dir='ltr'><strong>per</strong></span> <span class='ocrx_word' id='word_1_276' title='bbox 1378 3571 1734 3638; x_wconf 91' lang='lat' dir='ltr'><strong>multorum</strong></span> <span class='ocrx_word' id='word_1_277' title='bbox 1822 3590 1930 3637; x_wconf 90' lang='lat' dir='ltr'><strong>ora</strong></span> <span class='ocrx_word' id='word_1_278' title='bbox 2016 3570 2311 3656; x_wconf 84' lang='lat' dir='ltr'><strong>deinceps</strong></span> <span class='ocrx_word' id='word_1_279' title='bbox 2397 3571 2634 3639; x_wconf 88' lang='lat' dir='ltr'><strong>tradita</strong></span> 
     </span>
     <span class='ocr_line' id='line_1_32' title="bbox 255 3676 2632 3766; baseline -0.004 -15"><span class='ocrx_word' id='word_1_280' title='bbox 255 3676 496 3766; x_wconf 74' lang='lat' dir='ltr'><strong>singula</strong></span> <span class='ocrx_word' id='word_1_281' title='bbox 582 3679 779 3746; x_wconf 80' lang='lat' dir='ltr'><strong>verba</strong></span> <span class='ocrx_word' id='word_1_282' title='bbox 862 3688 929 3746; x_wconf 90' lang='lat' dir='ltr'><strong>et</strong></span> <span class='ocrx_word' id='word_1_283' title='bbox 996 3681 1175 3764; x_wconf 88' lang='lat' dir='ltr'><strong>quasi</strong></span> <span class='ocrx_word' id='word_1_284' title='bbox 1247 3699 1501 3745; x_wconf 91' lang='lat' dir='ltr'><strong>carmen</strong></span> <span class='ocrx_word' id='word_1_285' title='bbox 1573 3677 1833 3763; x_wconf 87' lang='lat' dir='ltr'><strong>aliquod</strong></span> <span class='ocrx_word' id='word_1_286' title='bbox 1902 3680 2154 3762; x_wconf 86' lang='lat' dir='ltr'><strong>saepius</strong></span> <span class='ocrx_word' id='word_1_287' title='bbox 2221 3680 2632 3763; x_wconf 86' lang='lat' dir='ltr'><strong>pronuntiata</strong></span> 
     </span>
     <span class='ocr_line' id='line_1_33' title="bbox 255 3779 2629 3872; baseline 0 -27"><span class='ocrx_word' id='word_1_288' title='bbox 255 3779 322 3847; x_wconf 86' lang='lat' dir='ltr'><strong>de</strong></span> <span class='ocrx_word' id='word_1_289' title='bbox 393 3788 651 3872; x_wconf 88' lang='lat' dir='ltr'><strong>propria</strong></span> <span class='ocrx_word' id='word_1_290' title='bbox 732 3788 800 3851; x_wconf 80' lang='lat' dir='ltr'><strong>vi</strong></span> <span class='ocrx_word' id='word_1_291' title='bbox 870 3806 943 3851; x_wconf 88' lang='lat' dir='ltr'><strong>ac</strong></span> <span class='ocrx_word' id='word_1_292' title='bbox 1012 3790 1323 3870; x_wconf 89' lang='lat' dir='ltr'><strong>potestate</strong></span> <span class='ocrx_word' id='word_1_293' title='bbox 1392 3784 1636 3869; x_wconf 90' lang='lat' dir='ltr'><strong>aliquid</strong></span> <span class='ocrx_word' id='word_1_294' title='bbox 1705 3787 2060 3850; x_wconf 80' lang='lat' dir='ltr'><strong>amiserunt</strong></span> <span class='ocrx_word' id='word_1_295' title='bbox 2127 3791 2193 3849; x_wconf 92' lang='lat' dir='ltr'><strong>et</strong></span> <span class='ocrx_word' id='word_1_296' title='bbox 2261 3784 2629 3868; x_wconf 88' lang='lat' dir='ltr'><strong>interpretis</strong></span> 
     </span>
     <span class='ocr_line' id='line_1_34' title="bbox 254 3884 2633 3979; baseline -0 -27"><span class='ocrx_word' id='word_1_297' title='bbox 254 3886 527 3979; x_wconf 78' lang='lat' dir='ltr'><strong>indigent</strong></span> <span class='ocrx_word' id='word_1_298' title='bbox 591 3890 1133 3977; x_wconf 87' lang='lat' dir='ltr'><strong>quemadmodum</strong></span> <span class='ocrx_word' id='word_1_299' title='bbox 1198 3893 1355 3977; x_wconf 89' lang='lat' dir='ltr'><strong>ipsis</strong></span> <span class='ocrx_word' id='word_1_300' title='bbox 1418 3890 1744 3955; x_wconf 84' lang='lat' dir='ltr'><strong>veteribus</strong></span> <span class='ocrx_word' id='word_1_301' title='bbox 1806 3890 2076 3956; x_wconf 90' lang='lat' dir='ltr'><strong>obscura</strong></span> <span class='ocrx_word' id='word_1_302' title='bbox 2137 3896 2336 3955; x_wconf 87' lang='lat' dir='ltr'><strong>erant.</strong></span> <span class='ocrx_word' id='word_1_303' title='bbox 2432 3884 2633 3953; x_wconf 89' lang='lat' dir='ltr'><strong>Cuius</strong></span> 
     </span>
     <span class='ocr_line' id='line_1_35' title="bbox 251 3993 2631 4082; baseline -0.002 -21"><span class='ocrx_word' id='word_1_304' title='bbox 251 3998 329 4061; x_wconf 85' lang='lat' dir='ltr'><strong>rei</strong></span> <span class='ocrx_word' id='word_1_305' title='bbox 374 3996 660 4064; x_wconf 89' lang='lat' dir='ltr'><strong>notabile</strong></span> <span class='ocrx_word' id='word_1_306' title='bbox 706 3995 1071 4082; x_wconf 84' lang='lat' dir='ltr'><strong>exemplum</strong></span> <span class='ocrx_word' id='word_1_307' title='bbox 1096 4046 1115 4073; x_wconf 88' lang='lat'><em>,</em></span> <span class='ocrx_word' id='word_1_308' title='bbox 1166 3997 1245 4063; x_wconf 89' lang='lat' dir='ltr'><strong>ab</strong></span> <span class='ocrx_word' id='word_1_309' title='bbox 1290 3997 1411 4063; x_wconf 90' lang='lat' dir='ltr'><strong>hoc</strong></span> <span class='ocrx_word' id='word_1_310' title='bbox 1455 3995 1596 4063; x_wconf 92' lang='lat' dir='ltr'><strong>loco</strong></span> <span class='ocrx_word' id='word_1_311' title='bbox 1643 4016 1769 4063; x_wconf 91' lang='lat' dir='ltr'><strong>non</strong></span> <span class='ocrx_word' id='word_1_312' title='bbox 1804 3995 2088 4061; x_wconf 87' lang='lat' dir='ltr'><strong>alienum</strong></span> <span class='ocrx_word' id='word_1_313' title='bbox 2129 3995 2233 4080; x_wconf 86' lang='lat' dir='ltr'><strong>(cf.</strong></span> <span class='ocrx_word' id='word_1_314' title='bbox 2279 3993 2631 4079; x_wconf 80' lang='lat' dir='ltr'><strong>Kappeyne</strong></span> 
     </span>
     <span class='ocr_line' id='line_1_36' title="bbox 251 4098 2626 4189; baseline -0.002 -21"><span class='ocrx_word' id='word_1_315' title='bbox 251 4120 300 4185; x_wconf 84' lang='lat' dir='ltr'><strong>p.</strong></span> <span class='ocrx_word' id='word_1_316' title='bbox 362 4102 475 4188; x_wconf 80' lang='lat'><strong>36)</strong></span> <span class='ocrx_word' id='word_1_317' title='bbox 543 4110 641 4171; x_wconf 89' lang='lat' dir='ltr'><strong>est</strong></span> <span class='ocrx_word' id='word_1_318' title='bbox 701 4103 870 4189; x_wconf 89' lang='lat' dir='ltr'><strong>apud</strong></span> <span class='ocrx_word' id='word_1_319' title='bbox 926 4099 1219 4169; x_wconf 80' lang='lat' dir='ltr'><strong>Gellium</strong></span> <span class='ocrx_word' id='word_1_320' title='bbox 1282 4102 1435 4169; x_wconf 90' lang='lat' dir='ltr'><strong>XX.</strong></span> <span class='ocrx_word' id='word_1_321' title='bbox 1492 4101 1596 4167; x_wconf 91' lang='grc'><strong>10.</strong></span> <span class='ocrx_word' id='word_1_322' title='bbox 1676 4102 1834 4167; x_wconf 80' lang='lat' dir='ltr'><strong>Eius</strong></span> <span class='ocrx_word' id='word_1_323' title='bbox 1877 4109 2161 4185; x_wconf 88' lang='lat' dir='ltr'><strong>tempore</strong></span> <span class='ocrx_word' id='word_1_324' title='bbox 2209 4098 2626 4187; x_wconf 78' lang='lat' dir='ltr'><strong>ignorabatur</strong></span> 
     </span>
     <span class='ocr_line' id='line_1_37' title="bbox 252 4203 2627 4297; baseline -0.003 -20"><span class='ocrx_word' id='word_1_325' title='bbox 252 4210 436 4297; x_wconf 80' lang='lat' dir='ltr'><strong>vulgo</strong></span> <span class='ocrx_word' id='word_1_326' title='bbox 503 4208 659 4294; x_wconf 93' lang='lat' dir='ltr'><strong>quid</strong></span> <span class='ocrx_word' id='word_1_327' title='bbox 723 4216 887 4274; x_wconf 90' lang='lat' dir='ltr'><strong>esset</strong></span> <span class='ocrx_word' id='word_1_328' title='bbox 948 4231 1021 4272; x_wconf 68' lang='lat' dir='ltr'><strong>ea·</strong></span> <span class='ocrx_word' id='word_1_329' title='bbox 1081 4210 1215 4273; x_wconf 78' lang='lat' dir='ltr'><strong>iure</strong></span> <span class='ocrx_word' id='word_1_330' title='bbox 1273 4229 1539 4274; x_wconf 91' lang='lat' dir='ltr'><strong>manum</strong></span> <span class='ocrx_word' id='word_1_331' title='bbox 1611 4227 1948 4273; x_wconf 83' lang='lat' dir='ltr'><strong>conserere.</strong></span> <span class='ocrx_word' id='word_1_332' title='bbox 2046 4206 2208 4271; x_wconf 81' lang='lat' dir='ltr'><strong>Eam</strong></span> <span class='ocrx_word' id='word_1_333' title='bbox 2280 4203 2627 4271; x_wconf 84' lang='lat' dir='ltr'><strong>formulam</strong></span> 
     </span>
     <span class='ocr_line' id='line_1_38' title="bbox 253 4311 2620 4397; baseline -0.001 -18"><span class='ocrx_word' id='word_1_334' title='bbox 253 4317 582 4381; x_wconf 83' lang='lat' dir='ltr'><strong>sciscitanti</strong></span> <span class='ocrx_word' id='word_1_335' title='bbox 622 4311 837 4381; x_wconf 81' lang='lat' dir='ltr'><strong>Gellio</strong></span> <span class='ocrx_word' id='word_1_336' title='bbox 874 4314 1310 4380; x_wconf 90' lang='lat' dir='ltr'><strong>iurisconsulti</strong></span> <span class='ocrx_word' id='word_1_337' title='bbox 1347 4333 1473 4379; x_wconf 87' lang='lat' dir='ltr'><strong>non</strong></span> <span class='ocrx_word' id='word_1_338' title='bbox 1512 4313 2093 4397; x_wconf 87' lang='lat' dir='ltr'><strong>interpretabantur</strong></span> <span class='ocrx_word' id='word_1_339' title='bbox 2126 4330 2203 4376; x_wconf 88' lang='lat' dir='ltr'><strong>ex</strong></span> <span class='ocrx_word' id='word_1_340' title='bbox 2229 4313 2620 4396; x_wconf 89' lang='lat' dir='ltr'><strong>oppositione</strong></span> 
     </span>
     <span class='ocr_line' id='line_1_39' title="bbox 252 4418 2627 4505; baseline -0.002 -18"><span class='ocrx_word' id='word_1_341' title='bbox 252 4418 390 4487; x_wconf 86' lang='lat' dir='ltr'><strong>belli</strong></span> <span class='ocrx_word' id='word_1_342' title='bbox 448 4430 514 4487; x_wconf 91' lang='lat' dir='ltr'><strong>et</strong></span> <span class='ocrx_word' id='word_1_343' title='bbox 574 4422 734 4487; x_wconf 88' lang='lat' dir='ltr'><strong>iuris</strong></span> <span class='ocrx_word' id='word_1_344' title='bbox 783 4425 860 4485; x_wconf 90' lang='lat' dir='ltr'><strong>ut</strong></span> <span class='ocrx_word' id='word_1_345' title='bbox 902 4443 975 4485; x_wconf 61' lang='grc' dir='ltr'><strong>σε</strong></span> <span class='ocrx_word' id='word_1_346' title='bbox 1018 4420 1154 4486; x_wconf 73' lang='lat' dir='ltr'><strong>iure</strong></span> <span class='ocrx_word' id='word_1_347' title='bbox 1197 4426 1362 4487; x_wconf 92' lang='lat' dir='ltr'><strong>esset</strong></span> <span class='ocrx_word' id='word_1_348' title='bbox 1407 4418 1761 4487; x_wconf 88' lang='lat' dir='ltr'><strong>secundum</strong></span> <span class='ocrx_word' id='word_1_349' title='bbox 1806 4420 1965 4485; x_wconf 87' lang='lat' dir='ltr'><strong>iuris</strong></span> <span class='ocrx_word' id='word_1_350' title='bbox 2010 4424 2309 4484; x_wconf 88' lang='lat' dir='ltr'><strong>naturam</strong></span> <span class='ocrx_word' id='word_1_351' title='bbox 2358 4422 2512 4505; x_wconf 90' lang='lat' dir='ltr'><strong>(non</strong></span> <span class='ocrx_word' id='word_1_352' title='bbox 2558 4420 2627 4484; x_wconf 84' lang='lat' dir='ltr'><strong>vi</strong></span> 
     </span>
    </p>
   </div>
  </div>
 </body>
</html>
