3192 5017
576 254 709 330 246
1653 278 1895 333 meam.

572 454 766 518 etiam
805 475 880 520 ea
917 453 1272 541 symbolica
1309 456 1556 520 actione
1595 457 1730 520 iam
1768 455 1955 520 facta.
2003 454 2088 520 Et
2123 456 2192 519 in
2227 451 2534 520 Caecinae
2555 451 2825 538 quidem
2846 446 2958 519 lite

570 562 878 644 praetoris
939 560 1183 646 aliquas
1239 566 1451 645 partes
1513 561 1709 626 fuisse
1758 567 1904 627 ante
1951 561 2398 627 deductionem
2444 562 2792 646 quominus
2835 579 2959 624 cre·

574 664 837 751 damus,
900 667 1192 752 prohibet
1239 688 1388 732 sane
1433 668 1469 751 ἐ
1515 666 1627 732 20.
1675 668 1992 733 Aebutius
2043 689 2192 733 cum
2240 668 2519 751 videret,
2565 665 2741 731 nihil
2786 686 2854 731 se
2889 664 2964 729 de

571 770 998 847 haereditate,
1051 773 1234 837 cuius
1278 774 1515 860 exigua
1559 773 1908 838 admodum
1956 794 2100 859 pars
2144 774 2269 859 ipsi
2313 773 2704 850 debebatur,
2750 769 2962 837 litium

572 882 806 942 terrore
854 877 1161 944 Caecinae
1206 884 1577 964 extorquere
1623 900 1805 965 posse
1821 926 1838 955 ,
1890 879 2066 945 aliud
2106 881 2451 965 experitur,
2505 900 2578 944 ac
2630 879 2965 944 denuntiat

569 983 638 1046 in
702 984 836 1050 foro
852 1033 869 1060 ,
934 1006 1146 1051 coram
1197 986 1437 1051 arbitro
1483 986 1768 1051 familiae
1815 986 2264 1053 herciscundae
2282 1033 2299 1063 ,
2351 988 2464 1070 qui
2511 990 2773 1071 petente
2820 981 2964 1050 Cae-

570 1089 714 1154 cina
790 1091 1131 1156 institutus
1217 1097 1386 1167 crat,
1471 1091 1742 1158 fundum
1812 1092 2129 1177 quendam
2199 1091 2656 1157 Fulcinianum
2688 1139 2707 1167 ,
2781 1108 2965 1174 quem
3099 1178 3100 1181 Ἴ

571 1190 916 1260 Caesennia
974 1201 1301 1274 tenuerat,
1363 1216 1489 1262 non
1557 1217 1691 1263 esse
1751 1200 2195 1263 universorum
2260 1196 2570 1262 heredum
2619 1195 2757 1262 sed·
2782 1213 2963 1260 suum

569 1300 795 1385 ipsius.
892 1300 1104 1380 „Cum
1165 1304 1286 1369 hoc
1342 1305 1406 1388 (ξ
1452 1303 1568 1390 20)
1631 1325 1833 1370 novae
1877 1302 2016 1368 litis
2063 1324 2267 1391 genus
2313 1310 2448 1368 tam
2496 1302 2828 1368 malitiose
2869 1303 2962 1364 in·

572 1406 891 1474 tenderet''
949 1415 1204 1494 (nempe
1250 1410 1369 1475 hac
1416 1409 1896 1475 denuntiatione
1939 1412 2177 1475 miram
2225 1415 2290 1474 et
2334 1429 2569 1474 novam
2635 1405 2963 1494 postulati·

571 1532 758 1578 onem
804 1515 1238 1600 suscipiebat),
1284 1536 1413 1581 non
1460 1516 1841 1581 discurritur
1879 1515 1960 1581 ad
1992 1521 2351 1601 praetorem
2370 1563 2387 1593 ,
2430 1521 2504 1580 ut
2544 1514 2958 1582 interdictum

570 1639 765 1684 suum
827 1622 1220 1705 interponat,
1286 1621 1390 1687 sed
1447 1620 1734 1706 „placuit
1781 1620 2085 1688 Caecinae
2133 1621 2211 1688 de
2258 1624 2612 1687 amicorum
2661 1616 2965 1686 sententia
3099 1640 3100 1649 ¹

574 1726 956 1793 constituere
995 1729 1149 1792 diem
1193 1728 1335 1813 (hoc
1375 1728 1567 1807 add.)‚
1618 1749 1744 1813 qua
1787 1727 1887 1793 die
1926 1727 2153 1815 (vulgo
2191 1751 2302 1813 quo
2342 1728 2465 1811 die)
2509 1729 2578 1792 in
2618 1748 2760 1793 rem
2799 1743 2963 1811 prae-

575 1837 820 1898 sentem
888 1834 1268 1899 veniretur.’'
1359 1833 1706 1900 Manifesto
1766 1837 1984 1922 agitur
2053 1835 2132 1901 de
2202 1837 2550 1900 constituto
2569 1881 2587 1912 ,
2661 1831 2836 1919 quod
2899 1827 2964 1891 fit

570 1939 739 2003 inter
785 1941 1086 2024 privatos.
1134 1939 1318 2005 Nihil
1364 1941 1472 2005 hic
1518 1940 1596 2005 de
1642 1946 1930 2025 praetore
1973 1939 2081 2006 vel
2125 1940 2465 2007 interdicto
2481 1960 2498 2018 ;
2549 1941 2960 2024 colloquuntur

572 2046 742 2110 inter
777 2064 879 2123 se,
930 2051 994 2110 et
1042 2045 1441 2112 constituunt
1486 2046 1566 2111 de
1611 2052 1928 2110 amicorum
1973 2049 2308 2112 sententia.
2404 2044 2541 2112 Nec
2586 2043 2924 2111 dicendum
2941 2086 2960 2122 ,

576 2149 739 2215 hanc
809 2151 1254 2217 deductionem
1321 2155 1573 2238 privato
1644 2151 1906 2218 consilio
1975 2153 2211 2217 factam
2236 2201 2252 2226 ,
2328 2171 2564 2217 vanam
2636 2172 2710 2217 ac
2778 2144 2959 2214 nihili

572 2255 787 2321 fuisse.
881 2256 994 2322 Fit
1039 2260 1213 2323 enim
1258 2260 1532 2324 testibus
1578 2259 2013 2345 praesentibus
2059 2257 2352 2324 sollemni
2400 2278 2578 2324 more
2634 2265 2714 2323 ut
2751 2273 2959 2342 quam·

572 2362 675 2427 vis
707 2369 929 2448 sponte
968 2370 1261 2450 suscepta
1292 2366 1670 2432 tantundem
1708 2365 1940 2431 habeat
1977 2365 2273 2451 ponderis
2307 2369 2497 2450 atque
2524 2362 2920 2430 auctoritatis
2938 2403 2955 2433 ¹

573 2488 647 2535 ac
694 2472 752 2534 si
795 2491 834 2535 a
876 2475 1163 2555 praetore
1210 2476 1372 2536 esset
1417 2472 1825 2556 praescripta.

660 2576 928 2662 Agitata
965 2581 1064 2642 est
1110 2578 1278 2642 inter
1312 2577 1797 2643 iurisconsultos
1837 2578 2123 2661 quaestio
2160 2597 2316 2641 num
2359 2576 2634 2643 Caecina
2671 2598 2744 2643 re
2783 2591 2953 2654 vera,

573 2685 649 2745 ut
712 2682 1129 2748 contendebat
1145 2730 1161 2760 ‚
1225 2682 1499 2749 fundum
1555 2683 1903 2768 possederit
1946 2704 2062 2749 nec
2106 2703 2206 2747 ne.
2302 2682 2666 2749 Secundum
2720 2680 2953 2748 Cicero-

573 2807 718 2852 nem
778 2787 1157 2866 Caesennia,
1223 2808 1383 2855 uxor
1440 2788 1784 2866 Caecinae,
1848 2788 1926 2853 de
1985 2787 2167 2854 cuius
2231 2789 2412 2853 bonis
2475 2791 2645 2854 inter
2705 2785 2954 2854 heredes

571 2914 741 2959 nunc
800 2895 1050 2981 agitur,
1114 2893 1306 2959 illum
1369 2915 1601 2983 agrum
1666 2899 1944 2980 emerat3
1993 2894 2343 2959 secundum
2391 2894 2758 2960 Aebutium
2805 2890 2948 2959 Cae-

573 3001 792 3063 sennia
847 3019 975 3065 non
1037 3002 1248 3085 ipsum
1308 2999 1581 3065 fundum
1630 2999 1740 3065 sed
1793 3020 1980 3064 usum
2024 2999 2312 3064 fructum
2362 3002 2812 3067 tantummodo
2854 2998 2951 3063 ha-

573 3105 817 3171 buerat.
910 3105 1394 3172 Animadvertit
1460 3111 1604 3191 post
1671 3104 2008 3172 Savinium
2087 3105 2168 3171 K.
2235 3127 2301 3191 p.
2359 3105 2480 3190 20,
2545 3106 2627 3171 21
2646 3156 2664 3190 ‚
2738 3101 2949 3173 callide

574 3212 738 3277 hanc
797 3213 1231 3296 quaestionem
1246 3260 1265 3290 ,
1329 3219 1639 3297 quantum
1699 3213 1901 3297 possit
1917 3258 1933 3288 ‚
1981 3210 2299 3277 declinare
2346 3208 2716 3278 Ciceronem
2738 3262 2758 3299 ‚
2806 3225 2951 3295 quae

575 3322 793 3382 autem
839 3321 1021 3402 quasi
1067 3320 1273 3383 obiter
1310 3323 1691 3405 argumenta
1730 3318 1953 3384 afferat
1971 3367 1989 3401 ,
2027 3319 2184 3382 satis
2223 3338 2358 3384 esse
2393 3317 2649 3383 debilia.
2699 3310 2948 3386 Constat

575 3428 745 3488 certe
812 3427 1266 3508 possessionem
1334 3444 1520 3489 suam
1586 3425 1851 3508 probare
1918 3443 2044 3489 non
2114 3422 2302 3488 facile
2360 3422 2558 3489 fuisse
2629 3422 2946 3491 Caecinae·

573 3527 747 3593 Nam
807 3528 1125 3595 Aebutius
1186 3530 1663 3595 demonstrabat
1723 3552 1787 3594 se
1834 3528 1990 3595 olim
2043 3550 2156 3614 pro
2204 3549 2358 3615 agro
2407 3536 2581 3595 emto
2627 3530 2946 3617 pecuniam

576 3635 856 3700 debitam
936 3634 1198 3702 solvisse
1216 3683 1233 3713 ,
1319 3636 1483 3721 quod
1561 3641 2021 3723 argumentum
2092 3656 2243 3701 cum
2314 3635 2588 3721 quadam
2659 3634 2948 3702 iactantia

575 3742 828 3808 nullum
908 3763 1041 3808 esse
1109 3744 1432 3808 contendit
1501 3740 1753 3821 Cicer0,
1830 3744 2132 3828 quoniam
2202 3742 2514 3807 mandatu
2583 3740 2944 3809 Caesenniae

574 3848 869 3915 solvisset
927 3869 1006 3915 ex
1066 3849 1269 3934 ipsius
1332 3849 1621 3934 pecunia.
1713 3847 1840 3915 Sed
1883 3870 2087 3935 neque
2134 3848 2203 3913 id
2252 3849 2685 3915 demonstrare
2730 3845 2943 3916 validis

574 3956 974 4043 argumentis
1042 3959 1285 4040 potest,
1358 3961 1423 4020 et
1491 3955 1660 4039 quod
1729 3958 1990 4040 opponit
2052 3953 2225 4040 §94
2243 4001 2263 4033 ,
2326 3955 2601 4020 rationes
2661 3976 2700 4021 a
2745 3954 2941 4022 colono

574 4065 713 4127 eius
781 4064 958 4147 agri·
990 4057 1329 4126 Caecinam
1348 4108 1366 4139 ,
1439 4082 1589 4126 cum
1659 4063 1957 4128 circuiret
2017 4060 2277 4147 praedia
2294 4108 2312 4140 ‚
2383 4063 2697 4146 accepisse
2719 4111 2736 4139 ,
2807 4058 2944 4125 satin

575 4165 784 4232 debile
839 4173 935 4232 est
951 4186 969 4247 3
1033 4171 1281 4253 poterat
1341 4169 1514 4233 enim
1579 4165 1715 4232 fieri
1780 4187 1892 4253 pro
1952 4187 2184 4250 uxore,
2249 4169 2357 4233 cui
2419 4187 2611 4232 usum
2680 4168 2936 4235 fructum

574 4270 907 4341 Fulcinius
952 4274 1318 4363 legavisset.
1412 4271 1649 4339 Contra
1693 4273 1939 4340 faciunt
1984 4294 2132 4339 sane
2179 4273 2373 4341 verba
2416 4272 2742 4341 Ciceronis
2791 4275 2822 4359 5
2867 4264 2936 4333 19

586 4381 691 4469 „in
741 4384 1131 4464 possessione
1173 4381 1482 4447 bonorum
1526 4401 1676 4446 cum
1723 4388 1888 4446 esset
1939 4378 2296 4467 (Caecina)'’
2356 4382 2393 4464 ἓ
2442 4378 2524 4445 17
2575 4377 2938 4459 „Caesennia
