3192 5017
538 307 667 377 396
1596 322 1835 373 Ismus.

532 500 683 577 τέρα
744 500 959 583 (quem
1021 497 1482 581 interfecerat),
1541 495 1627 574 τῷ
1690 494 1914 561 ἐκείνου
1978 497 2074 562 ὑεῖ
2114 477 2538 574 διαλέγεσθαι.
2635 496 2934 562 Naberus

532 606 764 672 merito
828 605 1145 671 offendens
1206 606 1271 669 in
1323 604 1534 669 verbis
1596 603 1772 665 ἀλλά
1822 642 1903 651 -
1955 604 2357 676 ἐτελεύτησεν
2421 624 2550 669 una
2606 603 2800 668 litura
2846 623 2930 668 ea

535 711 791 777 delevit.
886 709 1158 775 Difficile
1204 714 1419 775 tamen
1475 729 1736 773 causam
1785 710 2220 793 comminisci,
2268 730 2381 774 cur
2427 711 2570 795 quis
2616 729 2689 773 ea
2722 708 2922 772 fuerit

534 818 1049 903 interpolatums.
1144 816 1311 882 Mihi
1357 818 1569 900 potius
1618 815 2063 901 corrigendum
2113 815 2371 881 videtur
2414 815 2585 880 ἀλλά
2634 811 2913 892 πρότερον

538 925 740 1006 <ἂν>
804 924 1236 998 ἐτελεύτησεν,
1311 920 1445 986 scil.
1521 920 1657 998 πρὶν
1716 920 2122 1002 διαλεχθῆναι
2188 920 2435 985 Κλέωνι.
2538 917 2923 1006 Astyphilus

532 1033 626 1094 ita
688 1039 822 1096 erat-
881 1032 1236 1111 animatus,
1293 1034 1368 1092 ut
1427 1027 1684 1113 quidvis
1741 1030 1985 1113 perpeti
2048 1026 2316 1110 mallet,
2385 1048 2577 1111 quam
2642 1025 2922 1109 colloqui

537 1159 686 1202 cum
733 1139 932 1222 patris
979 1136 1399 1201 interfectore.
1449 1133 1616 1213 Quid
1664 1132 1782 1197 hac
1829 1132 2177 1222 hyperbole
2218 1135 2435 1199 tritius
2476 1132 2642 1218 apud
2682 1133 2919 1196 utrius·

537 1263 659 1326 que
705 1233 967 1329 linguae
1012 1237 1382 1326 scriptores?

626 1351 663 1432 g
714 1348 800 1413 24
862 1348 1062 1424 λέγων
1122 1344 1215 1413 ὅτι
1279 1345 1443 1417 θεῖος
1510 1345 1601 1420 εἴη
1661 1348 1986 1428 Ἀςυφίλῳ
2048 1348 2150 1412 κα)
2202 1347 2559 1427 ἀποφανοίή
2604 1342 2911 1418 διαθήκας

546 1455 791 1542 [ἐκεῖνον
844 1453 1377 1540 καταλελοιπότα]
1403 1503 1421 1537 ,
1469 1452 1527 1517 εἴ
1563 1477 1657 1525 τις
1707 1455 1873 1534 αὑτῷ
1921 1454 1990 1537 (l.
2042 1455 2239 1540 αὐτῷ)
2290 1454 2643 1519 κοινώσοιτο.
2736 1451 2923 1515 Licet

537 1564 997 1648 grammaticae
1070 1582 1192 1626 non
1272 1561 1640 1626 adversetur
1708 1559 1945 1625 locutio
2011 1562 2340 1639 ἀποφαίνω
2404 1559 2546 1623 τινὰ
2609 1555 2921 1632 διαθήκας

539 1669 1085 1743 καταλελοιπότα,
1144 1667 1423 1731 multum
1489 1677 1705 1730 tamen
1771 1667 1995 1731 dubito
2057 1665 2367 1732 vocabula
2430 1666 2652 1730 ἐκεῖνον
2717 1685 2930 1727 κατα-

538 1774 879 1839 λελοιπότα
945 1795 1078 1839 esse
1145 1774 1346 1856 ipsius
1402 1774 1700 1840 oratoris.
1752 1772 2067 1856 siquidem
2115 1777 2407 1837 constans
2454 1775 2552 1836 est
2595 1769 2755 1835 iuris
2804 1771 2931 1833 At-

539 1883 650 1946 tici
710 1879 986 1944 formula
1054 1878 1424 1957 ἀποφαίνειν
1491 1875 1836 1953 διαθήκας,
1900 1883 1975 1940 ut
2034 1878 2197 1942 infra
2259 1876 2451 1961 525,
2519 1877 2633 1940 ubi
2698 1875 2927 1939 eadem

538 1991 946 2073 repetuntur,
996 1991 1333 2068 utramque
1379 2004 1599 2050 vocem
1647 1984 1948 2048 omissam
1997 1983 2261 2049 videbis.
2357 1982 2671 2048 Scribitur
2710 1983 2923 2046 enim:

540 2102 615 2166 ὥς
658 2096 710 2161 δ’
753 2092 1187 2168 ἐπηγγέλλετο
1228 2092 1462 2171 περιιὼν
1507 2088 1918 2163 διαθήκας
1968 2090 2472 2168 ἀποφανεῖν,
2523 2087 2711 2158 εἴτις
2755 2087 2931 2166 αὐτῷ

542 2205 612 2286 (l.
666 2203 859 2285 αὐτῷ)
931 2197 1279 2261 κοινώσοιτο.
1346 2194 1444 2261 Of.
1498 2198 1534 2278 ξ
1584 2195 1671 2260 26
1720 2195 1815 2260 De
1862 2195 2231 2281 pronomine
2281 2194 2578 2260 reflexivo
2629 2193 2796 2273 αὐτῷ
2842 2193 2934 2256 ab

541 2307 853 2376 eiusmodi
921 2305 1076 2369 locis
1144 2301 1349 2368 alieno
1419 2302 1770 2367 rectissime
1838 2305 2068 2366 statuit
2136 2300 2444 2366 Naberus.
2538 2299 2792 2365 Addam
2854 2298 2929 2362 in

543 2416 780 2480 talibus
823 2410 1062 2476 Atticis
1099 2408 1416 2492 optionem
1461 2428 1594 2472 esse
1636 2409 1802 2471 inter
1837 2403 1939 2484 οὗ,
1988 2404 2076 2482 οἷ,
2125 2403 2189 2476 ἕ,
2239 2412 2432 2485 σφῶν,
2480 2407 2697 2488 σφίσι,
2745 2408 2931 2482 σφοῖς

541 2529 605 2587 et
651 2521 875 2599 αὐτοῦ,
924 2520 1073 2580 cett.
1124 2513 1535 2597 Antiquiores
1581 2513 1746 2596 fere,
1796 2519 1870 2576 ut
1916 2512 2358 2598 Thucydides,
2423 2512 2644 2588 illam,
2705 2509 2934 2594 paullo

539 2627 911 2691 recentiores
958 2621 1119 2685 hanc
1166 2621 1346 2703 sequi
1394 2618 1704 2702 assolent,
1752 2613 1966 2683 Isaeus
2013 2639 2278 2703 semper.

636 2735 667 2815 ἓ
719 2731 802 2795 37
863 2748 985 2792 non
1035 2726 1163 2790 fero
1211 2726 1558 2810 asyndeton
1605 2727 1670 2788 in
1719 2724 1850 2788 his:
1900 2725 2211 2800 ἀντιβολῶ
2264 2723 2427 2799 ὑμᾶς
2477 2723 2582 2788 καὶ
2633 2724 2933 2808 ἱκετεύω,

538 2842 673 2903 sive
734 2832 1175 2920 corrigendum
1236 2837 1332 2896 est
1393 2831 1702 2906 ἀντιβολῶ
1763 2831 1941 2907 <δ’>
1991 2832 2157 2906 ὑμᾶς
2208 2830 2335 2892 κτὲ.
2388 2830 2466 2894 cl.
2518 2827 2667 2892 VIII
2712 2831 2749 2913 ξ
2798 2829 2932 2914 45,

539 2950 674 3011 sive
735 2941 1040 3016 ἀντιβολῶ
1092 2931 1316 3008 <οὖν>
1370 2936 1570 3012 ὑμᾶς,
1630 2935 1707 3000 cl.
1759 2934 1852 2999 VI
1911 2939 1949 3020 ς
2000 2935 2115 3012 62,
2181 2937 2292 3000 ubi
2351 2935 2587 3000 similis
2632 2941 2730 2999 est
2773 2955 2929 2999 cum

539 3049 924 3139 praegressis
969 3042 1386 3109 necessitudo.
1435 3039 1528 3107 Gf.
1582 3040 1646 3105 II
1694 3044 1726 3126 ᾖ
1778 3041 1886 3107 47.

635 3156 692 3219 X
740 3156 776 3236 g
829 3153 867 3216 5
917 3147 1310 3227 Ἀριςομένης
1365 3186 1444 3194 -
1496 3149 1930 3223 ἀμελήσας
1981 3150 2014 3222 ἢ
2064 3149 2247 3219 αὐτὸς
2299 3148 2493 3220 αὐτὴν
2542 3146 2710 3226 ἔχειν
2757 3147 2792 3221 ἢ
2837 3151 2928 3227 τῷ

542 3267 637 3328 ὑεῖ
678 3260 845 3338 μετὰ
895 3260 1001 3319 τοῦ
1049 3258 1268 3332 κλήρου
1319 3253 1828 3324 ἐπιδικάσασθαι,
1881 3253 2138 3339 [τούτων
2186 3254 2300 3329 μὲν
2347 3253 2573 3319 οὐδὲν
2623 3254 2927 3339 &tolno-sd

538 3370 649 3440 τὴν
729 3365 836 3452 [δ’]
913 3363 1131 3425 ἑαυτοῦ
1204 3357 1531 3436 θυγατέρα
1594 3361 1694 3423 ἐπὶ
1759 3368 1886 3431 τοῖς
1952 3367 2061 3433 τῆς
2129 3360 2280 3438 ἐμῆς
2344 3360 2570 3436 μητρὸς
2636 3362 2928 3439 χρήμασι

539 3469 835 3551 Κυρωνίδή
907 3463 1229 3541 ἐξέδωκεν,
1307 3463 1374 3539 ἐξ
1445 3462 1508 3538 ἧς
1583 3465 1612 3528 ὃ
1672 3464 2018 3536 Ξεναίνετος
2083 3461 2251 3536 οὗτος
2313 3465 2420 3530 καὶ
2470 3465 2836 3545 ἈρΙς-αρχος
2888 3464 2916 3526 ὅ

535 3577 914 3648 τελευτήσαε
990 3571 1325 3648 ἐγένετο
1402 3570 1470 3656 (l.
1547 3570 1975 3650 ἐγένοντο).
2072 3569 2293 3637 Habeo
2361 3573 2921 3657 persuasissimum

536 3690 706 3753 hunc
751 3681 962 3745 locum
1009 3679 1215 3740 sanari
1261 3697 1381 3741 non
1432 3698 1613 3761 posse
1651 3680 1771 3742 nisi
1818 3676 2099 3743 delendis
2138 3698 2299 3764 quae
2338 3681 2585 3743 uncinis
2625 3679 2925 3763 sepienda

541 3790 795 3863 curavi,
860 3793 1180 3849 auctorem
1247 3805 1433 3847 suum
1502 3786 1832 3868 prodentia
1879 3805 2171 3869 perverso
2218 3806 2340 3850 usu
2389 3788 2783 3870 pronominis
2826 3788 2927 3851 οῦ-

541 3900 637 3965 δέν
702 3914 812 3977 pro
872 3888 1205 3967 οὐδέτερον,
1265 3890 1428 3973 quod
1494 3894 1807 3976 corrigere
1865 3888 2074 3954 voluit
2121 3889 2425 3955 Naberus.
2521 3891 2704 3955 Nihil
2753 3895 2923 3956 enim

536 4005 653 4071 illa
723 4004 1101 4063 correctione
1171 3992 1529 4078 proficitur,
1604 3995 1921 4079 siquidem
1994 3999 2049 4060 is
2121 3996 2230 4080 qui
2314 3998 2446 4059 iam
2535 3997 2744 4062 dictus
2827 4009 2928 4062 est.

537 4111 858 4190 περιετίθεε
919 4110 1024 4165 σαι
1085 4103 1191 4164 hoc
1248 4111 1356 4163 aut
1419 4103 1581 4163 illud
1630 4103 1878 4187 facere,
1927 4104 2201 4166 immani
2250 4101 2604 4188 tautologia
2650 4110 2971 4166 neutrum·

542 4238 736 4283 eorum
783 4210 1012 4294 fecisse
1071 4208 1321 4272 dicitur.
1422 4206 1604 4286 Quod
1669 4210 1775 4292 qui
1832 4207 1989 4272 olim
2048 4214 2380 4273 senserunt
2445 4207 2803 4294 Stephanus
2860 4216 2927 4274 et

537 4321 839 4387 Reiskius
910 4316 1147 4380 insanis
1220 4312 1595 4378 coniecturis
1657 4333 1768 4397 pro
1844 4315 2176 4388 ἀμελήσας
2251 4315 2717 4380 rescribendum
2798 4336 2923 4400 pu-

425 4441 431 4447 ’
539 4433 787 4500 terunt,
837 4424 943 4487 hic
987 4423 1350 4496 μελλήσας,
1401 4419 1510 4484 ille
1570 4417 1901 4494 ἐθελήσας.
1997 4419 2069 4485 Si
2127 4424 2408 4508 genuina
2464 4421 2666 4486 forent
2731 4424 2926 4486 verba
