3192 5017
548 275 678 342 336
1560 295 1909 346 constamus

639 469 807 549 Quid
854 473 951 534 est
995 470 1059 532 in
1107 470 1225 535 tali
1271 491 1337 535 re
1384 475 1465 533 ad
1505 493 1743 534 manum
1788 471 2112 534 accedere?
2160 470 2398 536 dicitur
2429 471 2503 533 de
2541 467 2924 533 animalibus

545 577 933 658 mansuetis,
1004 581 1078 639 ut
1140 576 1307 660 apud
1370 575 1738 642 Ciceronem
1806 579 1890 641 ad
1949 576 2212 641 Atticum
2270 574 2354 639 11.
2412 574 2473 638 1.
2520 576 2556 658 ξ
2607 574 2683 637 7:
2738 578 2925 636 nostri

534 683 843 767 principes
909 683 1096 763 diqito
1162 705 1225 747 se
1291 685 1508 748 coelum
1567 691 1794 766 putant
1859 690 2149 766 attiuyere
2165 730 2180 758 ,
2249 688 2305 745 si
2364 681 2539 744 mulli
2586 680 2821 742 barbati
2866 684 2926 740 in

532 788 790 872 piscinis
832 788 957 851 siut
1000 789 1106 873 qui
1150 789 1236 852 ad
1278 811 1513 852 manum
1557 791 1860 854 accedant.
1910 788 2092 868 Quod
2140 787 2264 853 loci
2310 789 2621 853 sententia
2664 786 2927 869 requirit

546 915 749 979 neque
796 914 1103 978 umquam
1142 894 1440 979 proelium
1488 895 1839 960 committere
1886 895 2155 978 licebat,
2203 892 2431 958 multis
2476 892 2685 957 modis
2707 891 2929 955 Latine

548 1003 674 1065 dici
733 1004 943 1085 potest
1002 1000 1206 1066 veluti
1273 1002 1583 1085 confliqere
1600 1050 1616 1078 ‚
1667 1024 2048 1079 concurrere,
2095 1002 2372 1081 conpr-edi
2394 1049 2408 1073 ‚
2459 998 2746 1062 dimicare
2763 1046 2779 1072 ,
2827 998 2927 1060 dc-

537 1127 844 1190 pumat-e,
895 1113 962 1171 et
1005 1130 1240 1171 manum
1286 1129 1609 1173 conserere.
1703 1107 1775 1173 Id
1821 1111 2034 1193 ipsum
2075 1115 2170 1172 est
2208 1105 2712 1172 restituendum:
2752 1126 2932 1188 nequo

547 1235 816 1298 umquam
887 1229 1120 1277 MANUM
1179 1230 1542 1278 OONSRBRRB
1607 1215 1853 1287 licebat,
1922 1220 1996 1277 ut
2061 1213 2328 1279 Haunib.
2375 1210 2495 1276 IV.
2544 1212 2621 1274 2:
2672 1232 2804 1273 cuns
2855 1209 2933 1271 iis

548 1335 780 1382 manum
838 1320 1150 1383 conseruit.
1216 1326 1280 1384 et
1341 1325 1581 1382 Datam.
1636 1319 1814 1384 VIII.
1865 1320 1942 1384 4:
1992 1342 2307 1403 numquam
2351 1340 2585 1381 manum
2638 1314 2934 1379 conseruit

550 1425 671 1488 nisi
713 1447 841 1488 cum
886 1425 1263 1490 adversarios
1309 1426 1562 1489 locorum
1610 1430 1904 1506 anqustiis
1950 1426 2278 1490 clausisset.
2370 1423 2581 1488 Paene
2617 1418 2934 1509 gemellus

549 1529 728 1596 locus
772 1537 868 1596 est
910 1533 980 1594 in
1031 1532 1307 1614 Apesilao
1353 1530 1468 1596 III.
1525 1531 1607 1596 6·
1654 1555 1966 1613 numquam
2012 1533 2079 1594 in
2125 1553 2322 1612 campo
2359 1534 2457 1593 sui
2484 1528 2646 1614 fecit
2674 1533 2934 1610 potesta-

549 1644 661 1699 tem
733 1644 789 1701 et
855 1637 937 1700 iis
1005 1637 1154 1701 locis
1220 1660 1455 1701 manum
1516 1639 1851 1712 conseruit,
1918 1639 2130 1723 quibus
2181 1636 2330 1718 plus
2381 1636 2693 1718 pedestres
2742 1633 2938 1716 copiae

547 1744 830 1808 valerent.

643 1954 890 2018 Eumeis.
955 1953 1037 2019 V.
1089 1953 1163 2019 4:
1226 1955 1510 2018 callidum
1544 1955 1686 2041 fuit
1733 1955 1862 2020 eius
1906 1955 2207 2019 inventum
2251 1952 2733 2038 quomadmodum
2778 1958 2940 2015 stam

555 2061 878 2124 iumentum
939 2062 1312 2145 concalefieri
1373 2062 1742 2146 exercerique
1773 2072 2005 2144 posset,
2056 2083 2168 2144 quo
2213 2058 2498 2124 libentius
2538 2068 2599 2122 et
2644 2058 2775 2122 cibo
2821 2063 2940 2119 uie·

552 2173 722 2230 retur
767 2176 827 2230 et
867 2189 905 2228 a
952 2172 1211 2249 corporis
1254 2174 1412 2231 motu
1457 2189 1576 2232 non
1630 2174 2036 2231 removeretur.

647 2271 1026 2336 Rectissime
1072 2271 1394 2360 Pluygers
1442 2275 1864 2357 transposuit:
1914 2295 2027 2358 quo
2071 2283 2129 2336 et
2174 2272 2458 2336 libertum
2501 2271 2628 2335 cibo
2652 2277 2937 2343 uteretur,

555 2397 704 2441 nam
768 2379 848 2442 ad
909 2376 1118 2442 solum
1181 2379 1305 2443 cibo
1367 2386 1636 2443 uteretur
1691 2379 1967 2463 pertinet
2009 2379 2294 2441 libentius
2310 2426 2326 2454 ‚
2384 2396 2507 2442 non
2555 2376 2633 2442 ad
2682 2397 2937 2440 remove-

554 2493 746 2548 retur.

643 2695 890 2759 Eumen.
957 2694 1137 2760 VIII.
1196 2695 1272 2761 2:
1335 2699 1446 2761 illa
1484 2700 1757 2781 phalanx
1802 2699 2138 2763 Alexandri
2184 2698 2384 2778 maqni
2432 2734 2514 2745 —-
2564 2719 2685 2759 nou
2729 2717 2939 2779 parere

555 2800 680 2886 [se]
737 2801 985 2866 ducibus
1029 2804 1136 2866 sed
1177 2808 1469 2885 imperare
1510 2806 1864 2886 postulabat.

645 2906 855 2973 Nemo
901 2908 981 2972 ad
1027 2908 1365 2995 vulgatam
1419 2909 1874 2975 defendendam
1925 2910 2101 2975 abuti
2151 2909 2338 2974 debet
2384 2907 2736 2992 exemplis,
2784 2927 2939 2991 quae

554 3035 633 3079 ex
678 3013 913 3079 Plauto
959 3014 1222 3101 collegit
1270 3011 1633 3080 Gronovius
1679 3016 1756 3080 ad
1806 3012 2005 3081 Gellii
2051 3015 2137 3081 N.
2174 3018 2250 3080 A.
2292 3014 2410 3079 IV.
2461 3016 2518 3078 1.
2546 3014 2632 3078 25
2676 3014 2939 3099 Nepotis

552 3125 759 3185 aetate
828 3140 1047 3185 omnes
1111 3121 1178 3184 in
1237 3119 1476 3186 talibus
1535 3142 1881 3207 pronomen
1946 3122 2364 3203 omittebant,
2428 3140 2584 3205 quos
2644 3121 2938 3185 imitatus

552 3223 804 3292 Gellius
850 3225 896 3291 l.
943 3224 990 3289 l.
1042 3226 1304 3290 scribit:
1351 3228 1583 3290 abunde
1626 3228 1815 3291 multa
1859 3228 2114 3291 docuisti
2156 3249 2307 3311 quae
2352 3227 2581 3310 quidem
2627 3226 2938 3307 iquoraba-

552 3355 678 3394 mus
752 3339 808 3396 et
875 3332 1029 3396 scire
1094 3333 1261 3394 haud
1324 3355 1467 3396 sane
1532 3334 1994 3415 postulabamus.
2084 3333 2401 3397 Postulat-e
2461 3339 2557 3396 est
2616 3328 2931 3397 Graecum

552 3435 796 3513 ἀξιοῦν,
865 3441 929 3501 οὐ
992 3438 1303 3502 πείθεσθαι
1366 3446 1491 3509 τοῖς
1559 3438 1857 3514 ἡγεμόσιν
1912 3438 2063 3502 ἀλλ’
2111 3436 2328 3517 ἄρχειν
2379 3435 2595 3511 ἠξίουν.
2694 3436 2937 3501 Deinde

552 3544 765 3630 Nepos
826 3542 1031 3609 veluti
1076 3547 1496 3625 ingemiscens
1543 3544 1755 3609 addit:
1807 3552 1871 3607 ut
1918 3565 2076 3607 nuvae
2120 3549 2389 3607 veterani
2423 3543 2677 3628 faciunt
2724 3546 2933 3605 nostri.

645 3760 895 3822 Eumen.
947 3757 1064 3823 IX.
1116 3760 1188 3822 3:
1231 3764 1524 3842 praecipit
1567 3765 1636 3822 ut
1685 3795 1765 3806 ——
1816 3758 1978 3839 iones
2013 3758 2264 3844 faciant
2308 3780 2480 3842 quam
2523 3758 2806 3823 maximos
2848 3793 2933 3807 —-

553 3884 633 3930 ΒΤ
683 3902 765 3912 —-
815 3865 1202 3948 suspicionem
1247 3865 1529 3928 iniis-iant
1572 3865 1841 3928 hostibus
1887 3869 2006 3928 cet.

643 3971 949 4036 Perverse
1020 3970 1285 4035 dicitur:
1360 3976 1660 4054 praecipit
1722 3978 1789 4034 ut
1855 3975 2233 4052 suspicionem
2305 3970 2585 4034 iniiciant
2652 3971 2930 4034 hostibus.

553 4077 880 4143 Sententia
928 4076 1269 4141 manifesto
1315 4076 1470 4142 haec
1520 4082 1645 4141 est:
1700 4079 2009 4161 praecipit
2056 4083 2129 4141 ut
2175 4078 2357 4163 ignes
2403 4077 2639 4142 faciant
2682 4100 2745 4140 eo
2805 4098 2931 4140 con-

552 4184 692 4246 eilio
740 4189 814 4247 ut
862 4183 1031 4246 hosti
1081 4184 1374 4247 iniiciant
1420 4185 1865 4267 suspicionem.
1922 4181 2306 4247 Rectissime
2349 4185 2555 4268 igitur
2601 4180 2680 4248 G.
2730 4181 2932 4246 Laub·

554 4308 698 4352 man
750 4289 1020 4354 correxit
1066 4306 1148 4352 uer
1176 4325 1262 4336 —
1286 4289 1708 4372 suspicionem,
1756 4281 1949 4373 idque
1994 4290 2061 4352 in
2109 4295 2357 4353 textum
2405 4287 2562 4353 olim
2612 4294 2929 4373 receptum

554 4396 855 4481 oportuit.
