3192 5017
1250 266 1583 315 nmmos.
2475 243 2604 313 219

228 442 546 512 ΦΟΡΑΝ,
610 437 694 499 ad
750 437 1138 519 sepulturam.
1233 435 1653 503 Concurrent
1714 438 1942 524 ingens
2001 456 2303 501 numerus
2350 454 2571 501 eorum
2592 483 2611 519 ,

227 543 335 627 qui
381 538 635 608 Caesari
681 543 987 628 exsequias
1031 543 1124 607 ire
1169 541 1429 608 vellent.
1480 542 1557 607 cf.
1607 541 1722 608 lib.
1772 540 1896 608 ΙΙΙ.
1954 540 2011 607 1.
2063 549 2305 622 Καῖσαρ
2361 576 2438 588 -—
2491 542 2610 607 ὑπὸ

227 654 340 713 τῶν
386 648 612 729 ἐχθρῶν
659 648 916 733 άνῇρητο
967 649 1073 715 καὶ
1127 647 1242 713 ὑπὸ
1290 653 1399 713 τοῦ
1447 647 1640 726 δήμου
1686 647 1978 715 τέθαπτο.

190 884 195 889 ·
314 862 457 928 Lib.
506 860 593 927 H.
646 861 797 928 145.
850 861 957 931 37.
1021 864 1143 942 ἐγὼ
1191 864 1346 943 μέν,
1393 860 1436 929 ὦ
1487 867 1609 929 Ζεῦ
1657 863 1999 946 πάτριε,
2044 860 2285 941 ἕτοιμος
2331 864 2607 942 άμύνειν.

227 967 396 1034 Vera
463 967 654 1033 lectio
726 974 822 1036 est
884 966 926 1034 ὦ
992 975 1111 1035 Ζεῦ
1173 979 1484 1051 πατρΩῙε
1543 972 1869 1057 (πατρῷε).
1964 968 2088 1034 Oui
2150 973 2412 1058 ignotus
2459 972 2612 1046 Ζεὺς

228 1075 503 1156 πατρῷος
568 1078 633 1140 et
697 1074 1023 1142 Ἀπόλλων
1070 1074 1392 1159 πάτρῷοςῖ
1440 1076 1691 1163 Inspice
1739 1075 2015 1143 facetum
2064 1075 2354 1143 Platonis
2400 1076 2616 1145 locum

228 1183 293 1246 in
338 1181 703 1264 Mydemo
751 1203 900 1271 pag.
951 1181 1084 1248 302
1131 1207 1182 1251 ο.

319 1393 462 1457 Lib.
513 1391 637 1459 ΠΙ.
691 1391 751 1457 9.
805 1389 913 1459 77.
971 1393 1249 1460 octavius
1295 1392 1614 1478 ἵππαρχος
1663 1396 1780 1474 μὲν
1826 1398 2018 1463 αὐτοῦ
2071 1398 2378 1476 Καίσαρος
2428 1394 2620 1476 γεγέ-

230 1521 370 1572 νητο
422 1535 529 1577 -,
576 1497 886 1581 μειράκιον
947 1499 1002 1566 δ’
1063 1497 1151 1566 ἔτι
1218 1502 1296 1567 ὢν
1355 1502 1416 1576 ἐς
1465 1502 1898 1569 Ἀπολλωνίαν
1947 1541 2029 1552 -
2081 1502 2437 1588 ἐπέμπετο,
2486 1505 2621 1568 imo

230 1624 379 1672 vero
419 1605 634 1671 miscus
667 1613 797 1672 crat
835 1606 1226 1685 ἐπέπεμπτο.
1272 1607 1656 1675 Tralaticius
1695 1609 1803 1674 hic
1824 1612 1891 1674 in
1917 1609 2100 1676 libris
2123 1609 2281 1675 Mss.
2307 1630 2477 1676 error
2502 1613 2620 1675 est.

320 1824 474 1890 Lib.
538 1823 665 1890 ΠΙ.
736 1823 843 1890 11.
912 1825 1018 1890 15.
1091 1823 1224 1904 περὶ
1280 1829 1388 1889 τοῦ
1444 1823 1632 1907 φόνου
1697 1825 1801 1889 καὶ
1867 1828 1973 1888 τοῦ
2023 1823 2307 1901 δημοσίου
2354 1824 2622 1895 πΑθους.

233 1929 567 1997 Sententia
633 1933 901 2015 requirit
964 1931 1041 1994 de
1099 1931 1266 1994 bactu
1314 1930 1560 2014 publico
1626 1928 1872 2018 πένθους
1895 1979 1913 2013 ,
1977 1950 2103 1994 non
2153 1927 2410 2007 πάθους,
2458 1928 2626 2014 quod

234 2033 561 2125 significat
607 2059 853 2120 cacum,.
884 2037 1277 2101 calamitatem
1293 2085 1312 2113 ,
1360 2036 1780 2122 infortunium.
1811 2040 1820 2049 '

327 2248 477 2314 Lib.
540 2246 656 2315 ΠΙ.
722 2245 826 2313 16.
894 2247 1004 2314 41.
1062 2230 1315 2330 Μάριος·
1347 2248 1462 2326 μὲν
1514 2286 1595 2298 -
1648 2247 1920 2331 άνηρέθη.
1967 2245 2360 2331 ἀνδροφόνους
2412 2248 2474 2314 δὲ
2523 2250 2626 2316 ἐκ·

238 2354 513 2436 φεύγειν
576 2354 962 2440 ’Τπερεῒδες,
1026 2359 1091 2422 et
1149 2360 1294 2442 post
1338 2375 1575 2441 pauca:
1627 2354 1873 2432 Δέκμον
1921 2357 2031 2430 τὴν
2080 2354 2278 2433 ἐγγὺς
2328 2359 2628 2431 Κελτικὴν

239 2465 620 2542 ’Τπερορᾶτε
668 2460 924 2543 ἔχοντα.
1020 2461 1097 2526 In
1144 2461 1439 2527 omnibus
1485 2461 1670 2527 libris
1719 2463 2006 2543 ὑπερορᾶν
2054 2467 2120 2527 et
2164 2466 2442 2543 περιορᾶν
2490 2483 2633 2528 con-

238 2568 424 2634 fundi
478 2567 702 2633 solent.
761 2567 905 2633 Non
953 2571 1050 2632 est
1096 2571 1312 2632 tamen
1361 2565 1620 2632 difficile
1668 2566 2096 2654 distinguere,
2142 2588 2291 2633 nam
2343 2570 2632 2648 ὑπερορᾶν

238 2680 333 2741 est
397 2676 729 2762 despicere.
790 2678 1151 2737 contemnere
1170 2722 1188 2756 ,
1249 2675 1528 2752 περιορᾶν
1585 2677 1803 2747 autem
1866 2673 2063 2736 cincre
2081 2720 2100 2756 ,
2158 2678 2310 2755 pati.
2404 2673 2631 2758 Itaque

239 2781 714 2848 restituendum
767 2778 1097 2861 ἐκφεύγειν
1144 2779 1493 2852 ΠΕΡΙεῒδες
1543 2778 1702 2843 elabi
1743 2800 1955 2861 pascus
1999 2800 2097 2862 cc,
2145 2784 2210 2844 et
2255 2781 2634 2859 ΠΕΡΙορᾶτε

242 2886 480 2969 ἔχοντα
541 2888 754 2951 habere
811 2885 1037 2950 sinitis.
1134 2884 1330 2970 Apud
1396 2889 1642 2952 veteres
1687 2884 1961 2969 (praeter
2006 2882 2480 2971 Thucydidem)
2529 2908 2638 2951 πε-

242 3000 439 3076 ριορᾶν
514 2997 872 3059 constanter
940 3011 1089 3056 cum
1160 2992 1496 3076 participio
1568 2992 2008 3075 componitur:
2082 2988 2251 3075 apud
2320 2992 2637 3076 aequiores

243 3102 610 3187 promiscue
658 3117 808 3164 cum
855 3096 1192 3183 participio
1242 3101 1355 3163 aut
1400 3093 1744 3162 infinitivo.

335 3205 694 3273 Emendate
752 3203 1056 3270 scribitur
1116 3200 1229 3267 111.
1297 3200 1407 3269 18.
1461 3200 1522 3267 7.
1572 3201 1982 3285 περιεῖδον
2033 3202 2155 3280 ἐγὼ
2203 3201 2395 3280 τιμὰς
2442 3205 2642 3284 ψηφι-

246 3312 515 3397 ζομένας
579 3318 705 3384 τοῖς
769 3312 1093 3390 φονεῦσιν,
1160 3312 1227 3373 et
1288 3307 1416 3374 111.
1466 3307 1572 3373 29.
1641 3306 1893 3388 ἄταφον
1940 3308 2308 3386 γιγνόμενον
2358 3308 2640 3389 περιιδεῖν

248 3421 561 3499 Καίσαρα.
626 3415 863 3484 Contra
907 3413 1022 3480 111.
1066 3411 1181 3480 23.
1233 3412 1340 3479 40.
1394 3413 1839 3501 corrigendum
1890 3414 2062 3487 δῆλοί
2107 3438 2178 3478 τε
2230 3408 2384 3487 ἦσαν
2427 3416 2533 3480 οὐκ
2581 3417 2640 3488 ἐς

250 3527 414 3592 πολὺ
462 3524 575 3598 τὴν
602 3559 683 3572 -
713 3518 885 3602 ὕβριν
932 3518 1449 3598 ΠΕΡῙοψόμενοι,
1498 3539 1613 3605 pro
1661 3519 2121 3601 ὑπεροψόμενοι.
2170 3524 2237 3586 et
2284 3520 2341 3589 I.
2385 3518 2493 3585 43.
2530 3519 2643 3586 29.

252 3632 357 3699 τὸν
407 3630 736 3696 Ῥουτίλιον
784 3628 1034 3692 διελθεῖν
1079 3625 1445 3704 ΠΕΡΙιδών,
1488 3646 1603 3712 pro
1652 3625 1959 3708 ὑπεριδών.

346 3739 679 3817 ’Τπερορᾶν
728 3754 841 3821 pro
889 3738 1298 3815 καταφρονεῖν
1347 3731 1516 3819 apud
1564 3734 1933 3819 Appianum
1981 3752 2106 3799 non
2153 3738 2253 3799 est
2284 3732 2646 3818 infrequens

256 3849 332 3911 ut
396 3843 490 3909 Π.
553 3843 615 3908 8.
680 3838 792 3907 86.
860 3839 1147 3920 ὑπεριδὼν
1210 3843 1317 3905 τοῦ
1383 3837 1708 3920 θριάμβου.
1777 3844 1842 3906 et
1900 3836 2008 3904 IV.
2061 3838 2167 3906 50.
2219 3838 2321 3904 19.
2372 3837 2645 3905 Λεπίδου

260 3949 594 4031 ὑπερεώρα.

355 4165 500 4234 Lib.
563 4164 674 4235 111.
741 4167 845 4234 18.
898 4167 958 4232 4.
1027 4162 1369 4247 ἐπράσσετο
1417 4163 1542 4247 γὰρ
1595 4164 1661 4231 οὖ
1712 4172 1875 4233 COT
1925 4160 2112 4246 χάριν
2160 4162 2338 4230 άλλά
2384 4168 2493 4232 τοῦ
2542 4167 2649 4243 δή·

267 4297 407 4353 μου.
472 4274 614 4341 Non
676 4280 773 4341 est
836 4272 1151 4363 Graecum
1213 4275 1396 4351 ἐμοῦ,
1465 4277 1570 4338 σοῦ
1619 4272 1840 4353 χάριν,
1892 4271 1999 4337 sed
2048 4271 2229 4349 ἐμὴν,
2273 4273 2382 4346 σὺν
2426 4274 2650 4358 χάριν,

268 4380 438 4464 quod
487 4380 975 4448 restituendum.
1024 4380 1105 4445 cf.
1154 4379 1279 4444 111.
1329 4378 1438 4445 87.
1491 4379 1597 4443 44.
1654 4379 1805 4456 ἐμὴν
1850 4378 1955 4444 καὶ
2005 4382 2112 4444 τοῦ
2161 4379 2394 4460 πατρὸς
2442 4379 2651 4461 χάριν.
