3192 5017
1265 337 1481 393 uaros.
2433 312 2564 388 313

212 512 481 600 parabant
545 534 667 579 non
735 515 966 599 leqatoe
1031 514 1378 580 mittebant
1440 515 1548 581 sed
1614 514 1843 591 κήρυκα
1910 518 2024 579 aut
2091 509 2409 592 ἄγγελον,
2457 512 2567 596 qui

211 620 420 685 ferebat
469 620 766 686 mandata
828 621 885 683 ἐν
933 629 1009 700 τῇ
1059 618 1343 700 σκυτάλη
1389 624 1481 686 ita
1528 622 1765 707 scripta
1822 627 1895 685 ut
1944 641 1979 685 a
2025 618 2204 685 nullo
2249 618 2383 705 legi
2433 638 2570 704 pos-

211 731 328 790 sent
381 733 621 809 praeter
666 746 812 791 eum
861 725 939 790 ad
986 746 1174 810 quem
1223 733 1401 791 erant
1447 729 1678 803 missa,
1731 732 1806 792 ut
1853 725 2077 791 multis
2124 725 2336 792 verbis
2384 744 2565 790 enar·

211 837 293 894 rat
347 826 592 895 Gellius
650 830 734 896 N.
784 830 868 896 A.
934 830 1170 896 XVIII.
1224 831 1289 897 9.
1339 839 1404 897 et
1448 853 1568 897 non
1619 835 1832 897 minus
1886 835 2133 917 copiose
2181 830 2568 896 Plutarchus

212 940 265 1001 in
314 936 630 1022 Lysandro
688 955 821 1021 cap.
886 937 991 1002 19.
1083 936 1309 1023 Itaque
1369 942 1436 1002 in
1500 940 1689 1004 rebus
1735 939 2062 1004 Laconicis
2105 937 2343 1023 passim
2397 957 2571 1003 com-

213 1049 572 1107 memoratur
634 1044 667 1115 ἡ
730 1044 1034 1116 σκυτάλη.
1129 1044 1205 1107 In
1256 1044 1704 1130 Aristophanis
1750 1048 2106 1131 Lysistrata
2154 1065 2244 1109 vs.
2297 1041 2448 1108 991.
2502 1045 2570 1107 in

212 1169 431 1213 scenam
475 1148 858 1233 prodeuntes
907 1148 1389 1215 Lacedaemonii
1435 1151 1722 1224 ἐςυκότες
1772 1152 2143 1217 Atheniensi
2209 1152 2570 1236 quaerenti:

210 1255 264 1318 τί
303 1255 350 1317 δ’
397 1257 488 1323 ἕςί
536 1278 626 1319 σοι
674 1256 801 1319 τοδί
817 1274 834 1332 ;
879 1256 1287 1340 respondent:
1340 1256 1635 1323 σκυτάλα
1689 1258 2040 1323 Λάκωνικά.
2111 1256 2282 1322 Hinc
2336 1257 2571 1341 passim

207 1360 424 1447 legitur
470 1362 740 1425 πὲατειν
789 1362 1137 1440 σκυτάλην,
1190 1357 1333 1436 ἦλθε
1382 1366 1668 1438 σκυτάλη
1718 1370 1781 1429 et
1824 1365 1965 1428 sim.
2021 1363 2094 1428 In
2134 1362 2573 1447 Xenophontis

205 1463 424 1530 Hellen.
488 1465 564 1530 V.
626 1466 689 1528 2.
742 1464 846 1529 34.
915 1466 1293 1533 Leontiadas
1340 1469 1680 1535 Thebanus
1727 1470 1806 1535 ad
1853 1468 2196 1554 Spartanos
2239 1469 2332 1533 ita
2382 1467 2574 1533 dicit:

206 1571 351 1635 οὐδὲν
393 1572 556 1647 ὑμᾶς
593 1570 689 1636 δεῖ
725 1571 1042 1649 Θηβαίους
1071 1573 1429 1653 φοβεῖσθαι,
1458 1577 1608 1639 άλλ’
1635 1575 1876 1653 άρκέσει
1906 1576 2046 1651 ὑμῖν
2070 1574 2264 1654 μικρά
2289 1573 2573 1648 σκυτάλη

204 1673 293 1744 ὅς’
338 1677 558 1742 ἐκεῖθεν
604 1675 818 1741 πάντα
868 1679 1293 1757 ὑπηρετεῖσθαι
1343 1676 1493 1744 ὅσων
1541 1680 1619 1744 ἂν
1665 1679 1892 1755 δέησθε.
1966 1679 2183 1766 Nepos
2230 1682 2437 1767 igitur
2486 1683 2578 1745 ita

206 1783 557 1868 scripserat:
631 1786 702 1849 id
761 1797 1098 1871 postquam
1171 1785 1640 1851 Lacedaemonii
1700 1790 2031 1852 rescierunt
2095 1804 2435 1852 sonatan
2497 1790 2582 1850 ad

206 1912 329 1953 eum
386 1893 686 1956 miserunt
706 1940 725 1964 ‚
790 1892 856 1954 in
921 1914 1047 1976 qua
1105 1914 1274 1955 more
1336 1892 1588 1956 illorum
1634 1905 1769 1957 erat
1817 1894 2139 1978 scriptum.
2232 1889 2445 1956 Simul
2488 1893 2580 1956 sic

208 1994 584 2084 intelligitur
629 1996 783 2081 quid
829 1997 915 2060 sit
962 2019 1132 2061 more
1173 1997 1443 2062 illorum.

290 2101 528 2187 Nepos,
579 2105 690 2187 qui
737 2105 947 2167 omnia
992 2105 1058 2166 in
1105 2105 1241 2168 vita
1285 2103 1637 2169 Pausaniae
1683 2106 1762 2169 ab
1807 2124 1932 2169 uno
1980 2103 2358 2191 Thucydide
2408 2125 2581 2169 sum·

211 2208 286 2271 sit
329 2209 600 2293 (praeter
647 2207 946 2274 fabellam
989 2210 1065 2274 de
1105 2215 1312 2275 matre
1353 2209 1728 2295 Pausaniae)
1769 2211 1922 2276 haec
1961 2211 2177 2276 hausit
2216 2232 2293 2276 ex
2330 2212 2384 2276 1.
2416 2210 2579 2276 131:

213 2313 565 2391 πέμψαντες
641 2317 872 2393 κήρυκα
938 2316 987 2380 οἱ
1053 2314 1254 2397 ἔφοροι
1318 2316 1421 2380 καὶ
1487 2317 1915 2394 σκυτάλην
1963 2313 2129 2382 εἷπον
2176 2323 2282 2382 τοῦ
2333 2319 2579 2398 κήρυκος

214 2421 292 2496 μὴ
345 2422 685 2486 λείπεσθαι.
735 2427 800 2486 et
846 2423 997 2505 quia
1045 2420 1347 2487 Latinum
1395 2443 1627 2489 nomen
1671 2443 1795 2489 non
1845 2424 2221 2509 suppetebat
2269 2421 2582 2491 Graecum

217 2528 483 2592 retinuit.

297 2745 574 2812 Pausan.
637 2746 746 2813 IV.
810 2746 885 2811 4:
952 2747 1107 2813 hanc
1152 2749 1331 2813 iuxta-
1378 2745 1573 2813 locwm
1612 2750 1897 2835 fecerunt
1943 2748 2053 2812 sub
2099 2758 2269 2813 terra
2286 2792 2301 2822 ,
2351 2767 2426 2811 ex
2470 2767 2590 2832 quo

213 2867 403 2937 posset
448 2871 702 2936 amum,
749 2856 806 2918 si
849 2857 988 2940 quie
1034 2857 1188 2940 quid
1231 2855 1582 2940 loqueretur
1626 2878 1763 2918 cum
1810 2853 2077 2939 Arqilio.

299 2959 369 3023 In
417 2961 610 3026 verbo
655 2963 870 3025 audiri
913 2960 1197 3026 desidero
1244 2961 1773 3045 praepositionem
1798 3008 1815 3037 ,
1866 2981 2056 3044 quam
2106 2959 2232 3025 loci
2280 2960 2594 3023 sententia

220 3065 485 3148 postulat
546 3069 860 3131 axaudiri.
957 3066 1253 3151 Namque
1310 3069 1606 3132 exaudire
1666 3072 1733 3134 et
1795 3066 2107 3144 ἐξακούειν
2171 3066 2471 3130 dicuntur
2517 3064 2596 3129 de

220 3176 410 3256 spatio
479 3195 555 3238 ex
623 3193 749 3258 quo
810 3192 935 3237 vox
998 3176 1194 3238 missa
1257 3174 1334 3238 ad
1392 3172 1709 3239 audientis
1757 3193 1939 3238 aures
1988 3176 2311 3258 penetrare
2358 3176 2591 3256 posset.

222 3276 421 3364 Nepos
485 3281 547 3343 in
619 3279 816 3346 Dione
875 3278 994 3343 IX.
1059 3279 1134 3343 4:
1195 3282 1285 3366 fit
1348 3282 1678 3367 strepitus,
1744 3282 1894 3344 adeo
1950 3292 2019 3344 ut
2064 3280 2354 3342 exaudiri
2391 3289 2595 3364 posset

214 3383 390 3468 forie.
438 3384 890 3469 Aristophanes
952 3385 1311 3472 Thesmoph.
1361 3383 1530 3449 292:

662 3495 778 3555 ’.τοῦ
826 3495 944 3555 ποῦ
993 3490 1291 3569 καθίζωμ’
1343 3493 1404 3556 ἑν
1453 3496 1623 3573 καλῷ
1674 3498 1791 3557 τῶν
1845 3489 2095 3572 ρητόρων

661 3593 734 3661 ἵν’
781 3595 1093 3682 {faeneum

222 3708 288 3768 ut
329 3724 449 3769 vox
496 3707 821 3769 oratorum
873 3703 1207 3770 commode
1254 3704 1332 3769 ad
1383 3725 1566 3770 aures
1613 3724 1788 3770 meas
1836 3707 2181 3790 perveniat.

311 3918 578 3984 Pausan.
631 3917 705 3984 V.
759 3918 834 3983 l:
898 3920 966 3982 in
1029 3920 1243 3984 itinere
1303 3942 1439 3983 cum
1504 3920 1633 3982 iam
1682 3920 1749 3982 in
1795 3941 1861 3983 eo
1907 3931 2057 3982 esset
2104 3929 2173 3982 ut
2220 3917 2604 4006 comprehen-

223 4023 484 4103 deretur,
548 4047 624 4089 ex
685 4026 857 4089 vultu
916 4026 1237 4089 cuiusdam
1280 4023 1499 4112 ephori
1544 4025 1688 4109 [qui
1737 4045 1884 4089 eum
1936 4023 2260 4089 admoneri
2312 4022 2592 4111 volebat]

223 4130 459 4196 imidiaa
503 4132 622 4196 sibi
652 4133 808 4219 fieri
850 4131 1164 4197 intellexit.
1207 4129 1618 4217 Thucydides
1666 4130 1715 4194 I.
1771 4128 1945 4196 134:
1997 4134 2259 4207 λέγεται
2311 4129 2364 4194 δ’
2414 4130 2602 4195 αὐτὸν

169 4301 170 4304 ,
228 4234 524 4309 μέλλοντα
571 4236 1113 4315 ξυλληφθῆσεσθαι
1165 4237 1224 4300 ἐν
1271 4247 1345 4317 τῇ
1398 4236 1509 4316 ὁδῷ
1561 4235 1685 4305 ἑνὸς
1730 4235 1841 4311 μὲν
1889 4244 2006 4300 τῶν
2050 4236 2278 4313 ἐφόρων
2317 4237 2387 4301 τὸ
2415 4235 2599 4314 πρόσ-

229 4365 366 4407 ωπον
425 4343 763 4424 προσιόντος
826 4344 903 4415 ὥς
967 4339 1095 4408 εἶδε
1155 4349 1378 4420 γνῶναι
1450 4343 1552 4422 ἐφ’
1604 4334 1630 4404 ὃ
1683 4342 1923 4421 ἐχώρει,
1974 4339 2172 4406 άλλου
2219 4343 2280 4406 δὲ
2332 4342 2595 4420 νεύματι

229 4446 451 4532 ἀφανεῖ
510 4449 903 4531 χρησαμένου
969 4449 1073 4513 καὶ
1138 4449 1521 4522 δηλώσαντος
1586 4448 1808 4531 εὐνοίᾳ.
1885 4469 1962 4514 ex
2023 4447 2126 4512 his
2192 4452 2602 4536 perspicuum
