3192 5017
1325 287 1687 336 asamona.
2585 265 2712 333 143

328 457 461 536 ἵςε,
510 456 601 523 ὅτι
650 463 827 522 τοῦτο
879 460 1436 540 αἰσχυνοίμην
1487 458 1562 524 ἂν
1599 460 1884 526 εἰπεῖν.
1982 457 2104 525 Sed
2147 456 2442 545 exempla
2479 457 2717 542 ubique

329 562 668 651 pullulant.
766 565 844 631 In
903 565 1019 631 hac
1076 568 1214 652 ipsa
1277 566 1493 633 fabula
1537 564 1792 632 Electra
1836 586 1933 632 vs.
1983 562 2067 631 37
2117 565 2344 632 Furias
2390 566 2717 631 nominare

326 694 445 735 non
514 669 740 737 audet!
807 669 1120 751 ὀνομάζειν
1181 673 1307 752 γαρ
1357 672 1647 749 αἰδοῦμαι
1697 673 1861 744 θεάς.
1958 671 2258 738 Nondum
2310 673 2716 738 observatum

328 777 490 853 fuit,
540 778 662 843 nisi
712 777 933 854 fallor,
990 778 1321 844 Eubulum
1371 781 1439 844 in
1487 778 1719 844 Medea
1757 778 1923 864 apud
1966 778 2201 843 Athen.
2245 777 2364 843 VII
2402 799 2464 864 p.
2505 776 2639 844 300
2665 775 2717 843 C

329 883 499 949 hunc
544 882 756 949 locum
808 885 1199 965 παρῳδῆσαι·

784 994 1017 1056 Τεῦτλ’
1072 990 1523 1073 ἀμπεχομένης
1573 989 1880 1072 παρθένου
1928 992 2214 1063 Βοιωτίας

785 1097 1119 1181 Κωπᾷδος·
1170 1095 1484 1179 ὀνομάζειν
1535 1098 1660 1179 γὰρ
1708 1098 2000 1172 αἰδοῦμαι
2050 1096 2231 1163 θεάν.

333 1201 503 1268 Tum
566 1201 808 1269 Orestis
865 1205 1054 1269 verba
1118 1211 1268 1270 sunt
1329 1204 1409 1270 ad
1467 1225 1743 1271 sororem
1795 1225 1891 1297 vs.
1938 1203 2106 1270 281:
2158 1203 2541 1285 αἰσχύνομαι
2589 1203 2719 1285 γὰρ

333 1310 699 1387 μεταδιδοὺς
761 1309 953 1376 πόνων
1019 1311 1214 1387 ἐμῶν,
1279 1314 1418 1396 ipsa
1479 1314 1647 1377 enim
1708 1310 1961 1376 Electra
2006 1309 2265 1376 illarum
2314 1312 2719 1376 miseriarum

336 1418 402 1480 in
450 1421 696 1501 partem
744 1418 940 1482 venit.
990 1416 1095 1481 Vs.
1148 1414 1276 1481 461
1330 1416 1581 1482 Orestes
1628 1440 1747 1482 non
1793 1417 1984 1483 audet
2032 1418 2248 1482 venire
2294 1418 2361 1482 in
2402 1414 2724 1503 Tyndarei

336 1534 780 1607 conspectum,
821 1518 887 1586 οὗ
933 1520 1158 1597 μαλις·’
1207 1524 1385 1593 αἰδώς
1433 1526 1504 1599 μ’
1553 1522 1689 1605 ἔχει
1738 1524 1822 1596 εἷς
1871 1522 2110 1601 ὄμματ’
2150 1519 2383 1588 ἐλθεῖν.
2444 1521 2559 1587 Vs.
2589 1520 2719 1589 557

337 1625 913 1715 Clytaemnestram
965 1634 1235 1693 matrem
1283 1649 1466 1694 suam
1513 1628 1834 1715 appellare
1872 1651 1990 1694 non
2032 1628 2210 1714 vult,
2251 1628 2362 1695 sed
2402 1627 2724 1716 Tyndarei

337 1731 572 1800 filiam:
624 1735 658 1810 ἦ
705 1736 784 1808 σὺ
832 1733 895 1799 δὲ
942 1733 1258 1815 θυγάτηρ,
1310 1732 1524 1814 μητέρ’
1576 1735 1866 1812 αἰδοῦμαι
1916 1735 2145 1813 λέγειν.
2193 1735 2278 1801 Et
2324 1735 2440 1801 ubi
2485 1734 2718 1801 talium

337 1839 619 1908 locorum
669 1837 857 1906 finem
908 1839 1274 1907 inveniam?

433 2048 543 2115 Vs.
596 2046 726 2115 696
778 2070 995 2115 veram
1041 2051 1386 2117 lectionem
1434 2050 1744 2117 Stobaeus
1791 2056 2109 2117 montrare
2153 2053 2409 2139 poterit.
2457 2050 2723 2118 Editur:

793 2152 943 2222 ὅταν
991 2158 1115 2238 γὰρ
1166 2157 1327 2242 ἡβᾷ
1375 2159 1564 2235 δῆμος
1610 2159 1695 2231 εἷς
1742 2160 1985 2237 ὀργὴν
2026 2158 2269 2237 πεσών,

787 2258 983 2340 ὅμοιον
1030 2262 1145 2333 ὤςε
1193 2270 1313 2343 πῦρ
1360 2263 1765 2342 κατασβέσαι
1815 2263 2065 2344 λάβρον.

348 2366 534 2453 Apud
582 2369 924 2435 Stobaeum
973 2375 1189 2436 autem
1239 2369 1549 2459 legimus:

841 2471 991 2540 ὅταν
1038 2477 1163 2556 γὰρ
1213 2478 1362 2557 ὀργῇ
1409 2477 1597 2555 δῆμος
1648 2477 1734 2548 εἷς
1783 2473 1985 2552 θυμὸν
2027 2475 2221 2556 πέσῃ,

345 2583 511 2667 quod
560 2602 755 2647 manu
805 2581 983 2647 ducit
1031 2583 1109 2647 ad
1156 2585 1476 2647 senarium
1525 2581 1852 2669 eleganter
1900 2587 2259 2647 tornatum:

796 2685 945 2753 ὅταν
990 2689 1116 2767 γαρ
1164 2688 1361 2771 ὀργᾷ
1411 2690 1599 2764 δῆμος
1649 2690 1734 2761 εἰς
1783 2684 2040 2763 θυμὸν
2086 2687 2286 2751 πεσών

343 2794 442 2860 De
502 2795 694 2862 verbo
755 2796 946 2874 δργᾶν
1003 2794 1394 2860 satisfacient
1455 2793 1879 2859 Ruhnkenius
1938 2793 2016 2858 ad
2080 2792 2417 2858 Timaeum
2488 2813 2550 2879 p.
2608 2790 2736 2857 194

346 2908 412 2966 et
458 2900 734 2967 Cobetus
781 2903 848 2965 in
893 2900 1311 2987 Mnemosyne
1359 2900 1477 2965 IX.
1532 2901 1639 2965 41.

438 3118 583 3184 Non
637 3117 931 3205 intelligo
994 3117 1307 3203 quomodo
1368 3116 1626 3183 Orestes
1674 3118 1744 3180 in
1787 3119 1897 3201 jus
1934 3114 2264 3182 ambulare
2314 3117 2595 3202 potuerit
2611 3161 2629 3194 ‚
2680 3114 2735 3181 si

348 3226 606 3311 quidem
656 3245 899 3290 morem
949 3227 1151 3312 gessit
1200 3226 1409 3289 amico
1456 3244 1554 3287 vs.
1603 3220 1769 3288 800:

621 3332 773 3396 ἀλλ’
821 3329 1023 3408 ἔπειγ’
1068 3333 1142 3400 ὥς
1191 3330 1281 3408 μή
1329 3353 1399 3393 σε
1446 3325 1683 3407 πρόσθε
1727 3334 1939 3409 ψῆφος
1986 3329 2283 3407 Ἀργείων
2330 3325 2460 3410 ἕλῃ,

624 3437 1094 3516 περιβαλὼν
1143 3443 1425 3515 πλευροῖς
1476 3435 1674 3513 ἐμοῖσι
1725 3435 1962 3513 πλευρὰ
2012 3444 2256 3514 νωχελῆ
2288 3434 2474 3516 νόσῳ.

349 3544 703 3632 Flagitium
753 3545 871 3610 hoc
917 3551 1012 3610 est
1059 3550 1125 3608 et
1170 3545 1429 3610 omnino
1471 3541 1898 3607 necessarium
1943 3549 2041 3607 est
2076 3541 2444 3608 rescribere:
2495 3566 2649 3624 παρ
2670 3566 2742 3606 α-

350 3650 644 3728 βαλών.
741 3651 996 3716 Veteres
1053 3648 1353 3715 mortales
1416 3648 1765 3713 secundum
1830 3648 2319 3734 Aristophanem
2369 3649 2539 3734 apud
2585 3648 2740 3714 Pla-

352 3765 568 3824 tonem
637 3761 704 3822 in
765 3756 1103 3845 Symposio
1160 3778 1220 3842 p.
1277 3752 1404 3820 190
1431 3756 1486 3821 A
1531 3752 1733 3835 ὥσπερ
1779 3755 1831 3819 οἱ
1880 3755 2254 3833 κυβιςῶντεο
2300 3756 2386 3826 εἷς
2432 3752 2607 3834 ὀρθὸν
2653 3755 2741 3820 τὰ

354 3862 543 3937 σκέλη
595 3863 1051 3943 περιφερόμενοι
1103 3862 1399 3940 κυβιςῶσι
1449 3863 1691 3938 κύκλῳ,
1743 3860 1898 3925 ὀκτὼ
1950 3858 2070 3926 οὖσι
2122 3868 2248 3929 τοῖς
2288 3860 2541 3937 μέλεσιν
2580 3861 2744 3925 ἀπε-

353 3969 676 4050 ρειδόμενοι
737 3972 914 4051 ταχὺ
977 3969 1260 4049 ἐφέροντο
1329 3968 1534 4048 κύκλῳ
1600 3973 1664 4032 et
1722 3971 1864 4051 post
1929 3968 2305 4040 sectionem,
2356 3987 2416 4051 p.
2475 3965 2598 4032 191
2651 3966 2738 4044 Δ,

355 4075 1030 4156 περιβάλλοντες
1095 4076 1213 4146 τας
1274 4082 1496 4156 χεῖρας
1542 4072 1649 4136 καὶ
1694 4069 2195 4150 συμπλεκόμενοι
2242 4072 2540 4146 αλλήλοις
2589 4070 2746 4136 οὶπέ-

357 4179 621 4256 θνησκον
671 4182 786 4247 ὑπὸ
834 4184 1043 4260 λιμοῦ.
1092 4179 1284 4246 Vides
1332 4179 1697 4245 discrimen.

451 4395 576 4473 Qui
640 4396 851 4483 prodit
909 4397 974 4462 in
1036 4394 1389 4460 contionem
1415 4442 1435 4470 .
1499 4414 1593 4459 vs.
1658 4390 1820 4468 904,
1887 4390 2036 4472 ἀνήρ
2084 4413 2178 4464 τις
2228 4386 2743 4472 ἀθυρόγλωσσος,
