3192 5017
546 275 678 342 208
1498 298 1967 350 An‘m’nomn.

538 472 847 536 rationem
894 489 1018 535 non
1062 468 1440 559 intellegens
1487 469 1515 534 ὃ
1563 467 1883 552 ἄνθρωπος
1925 476 1991 538 et
2031 472 2059 536 ὃ
2098 470 2589 554 βασανιζόμενος
2632 472 2709 539 ad
2745 473 2912 553 duos,

538 596 665 642 non
710 575 791 641 ad
833 596 1035 641 unum
1085 576 1483 662 eundemque
1528 577 1856 643 hominem
1906 577 2075 644 male
2123 577 2478 644 rettulerat.

631 679 819 767 §62
883 683 1094 748 Ἀλλὰ
1155 684 1282 764 γὰρ
1348 685 1613 749 ἐνταῦθα
1674 686 1787 759 μὲν
1848 686 2091 767 ἀφῆκεν
2157 683 2374 749 αὐτόν·
2427 688 2508 751 οὐ
2557 686 2715 766 γὰρ
2762 684 2919 750 ἔδει

541 787 896 854 κινδυνεύειν
960 788 1147 853 αὐτὸν
1210 790 1350 870 περί
1409 815 1480 856 τε
1542 791 1732 856 αὑτοῦ
1779 790 1884 855 καὶ
1935 793 2066 872 περὶ
2120 792 2291 870 ἐμοῦ.
2386 791 2464 857 In
2509 791 2724 858 codice
2769 790 2923 857 Oxo·

536 896 742 961 niensi
812 906 908 962 est
978 896 1189 981 οὐδέ,
1262 897 1428 962 unde
1490 897 1808 963 Iernstedt
1870 901 2173 965 coniecit:
2236 900 2479 977 ἀφῆκεν
2545 897 2734 964 αὐτόν
2754 945 2772 976 ,
2836 895 2922 963 ἵν’

535 1003 712 1069 οὐδὲ
779 1002 978 1080 ἔδει,
1042 1004 1152 1069 sed
1218 1002 1482 1069 voculae
1548 1002 1681 1069 οὐδέ
1747 1003 1924 1070 loeus
1987 1024 2110 1070 non
2157 1011 2269 1070 est.
2365 1004 2606 1071 Melius
2653 1005 2928 1092 corrigas

537 1114 650 1175 aut
711 1105 801 1174 ἵν’
868 1109 1092 1176 οὐδὲν
1142 1108 1340 1187 ἔδει,
1391 1114 1544 1187 aut,
1599 1112 1653 1175 si
1702 1108 1851 1195 plus
1899 1111 2131 1177 tribuis
2175 1107 2549 1197 Crippsiano
2595 1110 2794 1188 libro,
2837 1108 2928 1174 ἵν’

537 1217 671 1282 οὐκ
720 1214 901 1281 ἔδει.
996 1214 1247 1282 Vocula
1293 1215 1418 1294 γάρ
1468 1216 1638 1282 male
1681 1219 1953 1303 repetita
2002 1224 2097 1282 est
2144 1239 2178 1284 e
2225 1219 2631 1306 praegressis.

628 1322 664 1407 ξ
713 1319 800 1386 68
874 1320 1091 1388 ἔπειτα
1156 1319 1218 1387 οἵ
1254 1347 1334 1400 γε
1380 1320 1737 1403 Ἐφιάλτην
1785 1325 2266 1396 ἀποκτείναντες
2317 1326 2424 1389 οὐκ
2469 1322 2777 1405 ἐζήτησαν
2822 1323 2931 1387 τὸν

539 1429 734 1508 νεκρὸν
786 1428 1135 1515 ἀφανίσαι,
1182 1430 1302 1495 οὐδ’
1346 1430 1403 1493 ἕν
1444 1430 1639 1510 τούτῳ
1674 1430 2183 1496 κινδυνεύειν
2222 1435 2490 1509 μηνῦσαι
2529 1430 2599 1495 τὸ
2627 1433 2929 1511 πρᾶγμα,

537 1532 736 1615 ὥσπερ
808 1532 936 1599 οἵδε
1008 1536 1204 1616 Φασὶν
1269 1537 1378 1613 ἐμὲ
1437 1543 1546 1609 τῆς
1605 1536 1719 1614 μὲν
1779 1536 2114 1615 ἐπιβουλῆς
2175 1537 2387 1604 οὐδένα
2435 1538 2702 1603 κοινωνὸν
2759 1538 2933 1613 ποιή-

541 1643 767 1707 σασθαι
832 1642 988 1731 [τοῦ
1041 1642 1462 1728 θανάτου],
1512 1650 1620 1716 τῆς
1669 1644 1721 1708 δ’
1770 1644 2152 1724 ἀναιρέσεως.
2245 1643 2654 1730 Ineptissime
2716 1646 2934 1731 iungi-

539 1757 647 1817 tur
693 1750 800 1814 οὖκ
848 1749 1153 1832 ἐζήτησαν
1205 1788 1285 1798 -
1342 1748 1696 1815 κινδυνεύειν
1745 1751 1903 1826 xri„
1969 1771 2157 1816 nemo
2220 1753 2388 1816 onim
2451 1750 2734 1836 profecto
2800 1749 2933 1816 tale

540 1857 693 1942 quid
755 1857 946 1939 ζητεῖ.
1046 1854 1457 1944 Corrigatur:
1505 1855 1628 1922 οὐδ’
1679 1857 1737 1920 ἐν
1787 1855 1981 1937 τούτῳ
2032 1855 2606 1921 ἐκινδύνευσαν
2655 1861 2934 1933 μηνῦσαι

536 1968 605 2030 τὸ
656 1967 931 2045 πρᾶγμα
979 1963 1086 2027 κτὲ
1118 2010 1135 2040 ,
1184 1964 1311 2027 nisi
1356 1962 1517 2028 forte
1562 1965 1759 2029 etiam
1806 1968 2085 2049 praestat
2123 1962 2570 2049 imperfectum
2621 1963 2652 2026 ἔ
2668 1987 2741 2028 κι
2761 1962 2931 2028 νδύ-

536 2096 565 2134 ν
583 2096 612 2135 ε
633 2094 667 2135 υ
685 2094 758 2135 ον
778 2118 795 2148 ,
864 2074 929 2135 et
980 2069 1175 2133 furcis
1223 2068 1580 2154 expellatur
1625 2071 2031 2134 manifestum
2080 2067 2398 2135 emblema
2442 2072 2549 2133 τοῦ
2596 2065 2889 2134 θανάτου
2913 2118 2929 2143 ,

534 2177 669 2242 sive
737 2177 804 2241 id
876 2175 1187 2240 insertum
1256 2180 1351 2239 est
1415 2175 1495 2240 ad
1558 2174 2004 2260 explicandum
2065 2183 2177 2249 τῆς
2228 2176 2596 2253 ἐπιβουλῆς,
2647 2176 2786 2241 sive
2835 2181 2937 2241 est

536 2303 905 2369 perversum
970 2280 1289 2370 glossema
1356 2281 1435 2346 ad
1492 2289 1603 2355 τῆς
1665 2281 2026 2362 ἀναιρέσεως
2052 2333 2066 2358 ,
2132 2282 2300 2367 quod
2358 2281 2591 2368 aliquis
2636 2281 2808 2348 male
2862 2284 2938 2347 de

534 2412 672 2455 nece
689 2439 708 2473 ‚
778 2409 904 2455 non
968 2387 1046 2453 de
1113 2389 1427 2452 amovendo
1490 2388 1777 2453 cadavere
1794 2438 1813 2472 ‚
1876 2388 2279 2454 intellexerit.
2375 2386 2582 2474 Supra
2642 2389 2678 2474 ξ
2725 2388 2816 2453 34
2871 2394 2934 2455 et

533 2498 569 2582 ᾗ
617 2493 701 2563 47
774 2495 872 2561 bis
941 2494 1436 2582 expungendum
1499 2500 1594 2558 est
1657 2493 1830 2559 idem
1892 2496 2527 2580 interpretamentum
2548 2541 2566 2572 ,
2631 2493 2776 2561 scil.
2827 2496 2932 2560 τὸν

533 2604 826 2680 μηνυτήν.

623 2711 660 2794 ξ
709 2707 795 2777 '74
841 2707 1043 2773 καίτοι
1095 2708 1228 2793 [γε]
1280 2707 1490 2787 πολλῷ
1537 2711 1802 2785 μᾶλλον.
1859 2706 2169 2772 [ernstedt
2220 2711 2373 2791 „aut
2419 2707 2762 2774 delendum
2810 2733 2925 2789 γε,

533 2822 645 2881 aut
691 2820 836 2902 post
884 2815 1093 2895 πολλῷ
1143 2812 1644 2880 collocandum.'’
1698 2813 1930 2892 Recte,
1976 2813 2083 2878 sed
2129 2813 2248 2879 hoc
2295 2813 2620 2899 aliquanto
2667 2815 2933 2882 videtur

530 2920 943 3009 probabilius.

624 3029 660 3114 ξ
707 3026 793 3094 '7¹7
859 3036 985 3099 τοῖς
1052 3025 1104 3091 δ’
1149 3023 1368 3098 ἄλλοις
1421 3026 1868 3101 Μυτιληναίοις
1922 3023 2136 3091 ἄδειαν
2184 3024 2555 3091 ἐδώκατε.
2651 3027 2929 3095 Formae

531 3156 656 3201 non
724 3134 980 3201 Atticae
1050 3133 1437 3220 parcendum
1501 3153 1628 3199 non
1685 3133 1893 3199 fuerat
1949 3132 2016 3197 in
2079 3133 2380 3219 scriptore
2444 3137 2575 3199 tam
2640 3140 2925 3201 vetusto.

532 3241 907 3330 Corrigatur
975 3239 1152 3306 ἓδοτ
1171 3265 1219 3305 ε.
1315 3237 1553 3305 Contra
1614 3241 2034 3304 necessarium
2104 3238 2366 3304 fortasse
2428 3259 2553 3305 non
2613 3239 2787 3319 fuit,
2855 3247 2926 3306 ut

531 3350 567 3434 ξ
616 3348 701 3414 34
759 3369 872 3434 pro
935 3346 1155 3429 δωρεάν
1206 3352 1611 3433 reponeretur
1659 3345 1904 3424 δωρειάν
1926 3393 1943 3422 ,
1995 3345 2534 3431 quemadmodum
2583 3348 2923 3432 apparebit

532 3454 884 3520 consulenti
931 3454 1223 3537 lapidum
1272 3490 1355 3502 --
1404 3453 1738 3517 testimonia
1798 3473 1945 3540 pag.
2001 3452 2104 3528 10,
2155 3452 2264 3517 sed
2314 3450 2498 3517 valde
2545 3459 2920 3539 suspectum

530 3559 732 3625 habeo
795 3562 861 3624 in
923 3561 1368 3644 antiquissimo
1415 3560 1719 3644 scriptore
1766 3558 2042 3644 pedestri
2088 3559 2125 3642 ξ
2174 3555 2259 3621 43
2309 3554 2459 3623 Aor.
2512 3556 2691 3623 Med.
2741 3584 2918 3642 πρου-

531 3665 841 3744 νοησάμην
886 3686 999 3752 pro
1047 3665 1415 3744 προυνοήθην.
1469 3662 1563 3730 Of.
1617 3664 1856 3730 ibidem
1903 3685 1962 3750 p.
2017 3661 2123 3728 63.

625 3776 660 3859 ξ
709 3771 817 3839 78.
879 3773 1021 3838 Etsi
1083 3770 1364 3837 Pollucis
1420 3778 1483 3835 et
1542 3769 1835 3857 Dionysii
1898 3768 2473 3836 Halicarnassensis
2533 3774 2921 3837 testimoniis

531 3884 686 3948 satis
733 3885 980 3945 constat
1027 3880 1156 3943 iam
1202 3879 1557 3963 antiquitus
1597 3877 1841 3942 codices
1879 3875 2299 3963 Antiphontis
2338 3877 2702 3942 exhibuisse
2728 3897 2914 3963 qnam

532 4009 700 4053 nunc
770 3986 1071 4052 exhibent
1133 3985 1473 4050 lectionem
1538 3984 1589 4047 εἲ
1657 3981 1712 4046 δ’
1775 3983 1834 4046 ἐν
1898 3980 2058 4063 Αἴνῳ
2125 3989 2612 4067 χωροφιλεῖ,
2663 3981 2915 4049 difficile

532 4104 749 4160 tamen
812 4098 909 4158 est
971 4091 1220 4157 eredere
1281 4090 1444 4155 banc
1511 4110 1643 4154 esse
1709 4091 2052 4177 genuinam
2115 4089 2548 4175 antiquissimi
2593 4090 2912 4176 scriptoris

534 4221 801 4267 manum
849 4220 964 4285 pro
1012 4204 1514 4277 Φιλοχωρεῒ,
1566 4195 1732 4281 quod
1780 4216 1934 4261 usus
1983 4201 2047 4260 et
2091 4194 2386 4283 analogia
2431 4194 2779 4281 postulant.

619 4305 718 4371 ΠΒ
793 4303 1143 4371 Cnommu
1210 4305 1247 4388 ξ
1296 4301 1338 4367 4
1408 4300 1723 4368 Iernstedt
1793 4301 1974 4367 edere
2046 4301 2350 4368 debuerat
2419 4297 2535 4370 ὥςε
2606 4326 2645 4366 κ
2663 4300 2708 4364 ἄ
2727 4326 2757 4364 ν
2822 4321 2907 4367 τις

529 4412 731 4496 κτείνῃ
793 4411 935 4477 τινά
1002 4411 1150 4488 xri„
1216 4409 1384 4497 quod
1447 4428 1571 4475 non
1639 4412 2035 4475 contractum
2100 4412 2198 4474 est
2258 4429 2335 4472 ex
2381 4407 2487 4473 καὶ
2538 4405 2636 4487 ἄν,
2685 4408 2790 4475 sed
2836 4426 2907 4472 ex
