3192 5017
486 154 524 222 2
1500 181 1862 230 summm.

474 370 614 415 mas
675 349 939 415 eandem
1001 353 1382 417 sententiam
1434 356 1654 415 tuetur
1707 353 1773 415 in
1821 351 2000 416 Iliad.
2055 361 2125 416 M
2177 350 2263 417 62
2311 374 2446 437 sqq.
2539 351 2668 418 Sed
2714 353 2900 439 quid

475 463 572 520 est
636 456 705 530 ἢν
766 450 933 535 ipa?
1002 456 1335 522 Nauckius
1396 476 1545 521 cum
1595 455 1986 543 intelligeret
2032 458 2135 522 his
2180 458 2510 543 particulis
2555 481 2728 525 nunc
2774 461 2899 527 lo-

474 583 625 627 cum
670 582 795 628 non
842 583 1012 639 esse,
1062 565 1332 628 coniecit
1377 560 1743 635 ίππηλάται
1796 564 1855 625 ἐν
1901 565 2112 638 νυκτί,
2163 565 2272 628 sed
2320 585 2444 628 non
2490 567 2648 630 satis
2694 569 2898 654 cog-i-

474 670 640 732 tavit
699 670 897 733 etiam
957 667 1238 733 interdiu
1300 670 1546 754 aurigis
1607 667 2009 752 praeclusum
2056 671 2179 733 iter
2227 670 2439 734 tuisse.
2533 670 2720 735 Nihil
2769 693 2893 737 re-

476 775 829 857 quirerem,
899 773 952 837 si
1023 773 1345 860 legeretur
1411 773 1649 850 είπερ
1721 770 1878 851 ἄρα
1949 773 2072 837 hoc
2140 780 2235 838 est
2305 776 2362 837 si
2414 777 2620 861 forte,
2686 781 2892 843 cuius
2965 790 2974 794 ”

472 878 812 944 locutionis
851 879 998 944 vide
1039 879 1363 964 exempla,
1409 899 1569 963 quae
1612 878 1797 963 plena
1834 900 2025 943 manu
2057 883 2304 966 spargit
2330 880 2888 966 Wyttenbachius

475 984 553 1049 ad
615 984 792 1049 Plut.
842 984 1007 1048 Mor.
1062 984 1191 1050 113
1240 987 1313 1048 A.
1367 985 1538 1049 Fieri
1586 1004 1711 1049 non
1758 990 2003 1069 potest,
2050 986 2293 1049 Aeneas
2339 988 2581 1072 inquit,
2634 996 2710 1054 ut
2759 1012 2886 1055 au·

474 1094 653 1178 rigae
701 1111 893 1177 equos
940 1111 1049 1174 per
1094 1092 1325 1155 fossam
1374 1096 1604 1176 agant,
1658 1090 1764 1153 sed
1812 1093 2066 1154 etiamsi
2111 1093 2396 1176 egerint,
2447 1098 2594 1158 ante
2651 1102 2884 1161 tamen

476 1198 876 1284 confringent
921 1217 1164 1260 currus.

564 1409 636 1474 In
699 1408 910 1474 verbis
973 1407 1272 1472 Hectoris
1333 1407 1414 1471 ad
1460 1412 1821 1491 pastorem,
1872 1407 2065 1473 Rhea.
2114 1407 2268 1486 2¹74,
2311 1433 2434 1476 non
2483 1416 2664 1498 capio
2711 1416 2880 1499 quid

475 1518 560 1580 sit
607 1513 838 1595 μάχας
893 1513 1236 1595 βαςάζειν·

830 1624 1076 1684 παῦσαι
1125 1618 1326 1696 λέγων
1373 1642 1476 1694 μοι
1524 1619 1645 1690 τὰς
1695 1619 2134 1697 προσαυλείους
2182 1620 2383 1702 τόχας
2412 1646 2424 1660 ·

830 1725 1121 1805 μάχας
1172 1725 1282 1804 πρὸ
1330 1731 1550 1805 χειρῶν
1599 1724 1704 1788 καὶ
1756 1724 1889 1803 δόρη
1940 1725 2327 1806 βαςοὶζομεν.

475 1834 758 1921 Zeugma
819 1832 885 1897 id
950 1832 1153 1897 videri
1214 1834 1477 1917 poterit,
1542 1831 1652 1896 sed
1698 1830 1907 1895 multo
1953 1831 2310 1916 simplicius
2357 1836 2479 1899 erit
2525 1857 2869 1921 reponere:

469 1938 769 2021 μάχαι

564 2154 838 2234 Questus
908 2155 1113 2219 fuerat
1173 2154 1451 2236 Hector,
1512 2151 1681 2236 quod
1746 2151 1996 2217 Rhesus
2059 2152 2305 2218 decimo
2369 2153 2633 2220 demum
2697 2178 2866 2224 anno

477 2261 870 2337 advenisset,
937 2266 1012 2324 ut
1072 2260 1362 2344 Trojanis
1422 2278 1606 2343 opem
1671 2258 1895 2333 ferret,
1962 2278 2104 2322 cum
2153 2261 2336 2324 novis
2385 2261 2646 2326 auxiliis
2695 2263 2863 2328 nihil

470 2387 627 2451 opus
674 2372 867 2444 esset;
920 2373 1056 2430 tum
1104 2364 1387 2441 Chorus,
1436 2385 1532 2428 vs.
1581 2368 1676 2428 est
1728 2360 1879 2438 327,

1010 2469 1195 2550 ὀρθῶς
1244 2470 1477 2546 ἀτίζεις
1528 2469 1942 2548 κοξπίμομΦος
1990 2463 2051 2531 εἶ
2092 2468 2338 2553 Φίλοις,

1011 2576 1195 2656 δέχου
1242 2576 1305 2639 δὲ
1351 2575 1493 2646 τοὺς
1541 2572 1847 2644 θέλοντας
1899 2575 2161 2650 ὦΦελεῖν
2210 2571 2417 2638 πόλιν.

465 2684 634 2764 Quid
703 2689 798 2749 est
858 2685 1131 2767 ineptire
1177 2684 1299 2746 nisi
1348 2680 1468 2746 hoc
1514 2677 1651 2743 est?
1699 2678 1846 2743 Duo
1894 2678 2194 2744 versiculi
2242 2685 2427 2756 sunt,
2478 2682 2587 2766 qui
2637 2683 2858 2749 adver-

466 2792 554 2856 sis
600 2790 913 2854 frontibus
960 2792 1375 2869 concurrunt,
1423 2785 1523 2850 uti
1571 2783 1772 2850 vides.
1828 2782 2036 2847 Unum
2086 2783 2463 2851 semicolum
2503 2790 2558 2851 si
2600 2788 2857 2854 addide-

463 2898 586 2973 ris,
635 2916 713 2961 ex
764 2895 869 2959 his
922 2895 1201 2959 tenebris
1247 2912 1571 2977 emerges:

1007 2998 1229 3078 ὀρθῶς·
1278 2998 1511 3077 ἀτίζεις
1563 2996 1975 3076 κάπίμομφος
2024 2990 2085 3059 εἷ
2122 2994 2351 3076 Φίλοις.

470 3108 695 3187 Ὀρθῶς
722 3129 736 3145 ·
797 3127 947 3172 nam
1010 3111 1165 3172 satis
1226 3110 1486 3180 notum,
1556 3108 1686 3178 est,
1753 3104 1851 3166 uti
1912 3103 2169 3186 opinor,
2218 3123 2342 3187 quo
2389 3124 2574 3169 sensu
2624 3109 2688 3169 et
2734 3106 2853 3172 hoc

466 3213 714 3279 dicatur
778 3219 842 3277 et
902 3209 1180 3278 καλλιςα
1244 3216 1309 3276 et
1371 3209 1535 3273 πάνυ
1599 3214 1803 3281 καλῶς
1851 3214 1916 3272 et
1966 3208 2191 3272 ἐπαινῶ
2241 3208 2490 3293 aliaque
2538 3211 2850 3277 eiusdem-

464 3319 656 3384 modi.
708 3318 923 3384 Etiam
973 3316 1202 3405 tragici
1249 3319 1341 3381 sie
1388 3316 1753 3400 loquuntur.
1809 3313 2075 3379 Admeti
2122 3314 2315 3378 verba
2362 3319 2511 3378 sunt
2558 3316 2639 3380 ad
2688 3317 2850 3382 Her-

462 3425 674 3490 culem
722 3427 788 3487 in
836 3423 1156 3488 Alcestide
1202 3443 1297 3488 vs,
1343 3421 1551 3486 1104:
1602 3426 1807 3492 καλῶς
1851 3417 2073 3495 ἔλεξας
2099 3441 2113 3457 ·
2152 3420 2185 3493 ἧ
2226 3420 2380 3496 γυνὴ
2408 3419 2460 3483 δ’
2485 3420 2845 3488 ἀπελθέτω.

464 3531 536 3595 In
608 3528 974 3594 Phoenissis
1036 3530 1290 3597 invenio
1350 3549 1442 3593 vs.
1513 3525 1724 3592 1683:
1788 3523 1829 3590 ὦ
1895 3523 2212 3605 θύγατερ,
2262 3525 2406 3589 αἰνῶ
2456 3525 2570 3603 μέν
2618 3551 2690 3593 σε
2735 3537 2846 3604 τῆς

465 3636 803 3717 προθυμίας
854 3641 918 3701 et
964 3635 1184 3700 eodem
1233 3634 1423 3699 modo
1467 3633 1763 3700 Minerva
1809 3633 1877 3697 in
1924 3632 2123 3697 Aiace
2169 3652 2260 3698 vs.
2314 3630 2435 3696 94:

918 3746 1121 3812 καλῶς
1170 3738 1427 3817 ἔλεξας·
1474 3743 1627 3805 ἀλλ’
1676 3739 1865 3804 ἐκεῖνό
1908 3761 2011 3814 μοι
2060 3735 2333 3818 Φράσον,

923 3845 1182 3925 ἔβαψας
1233 3843 1427 3928 ἔγχος
1478 3843 1544 3912 εὖ
1592 3850 1736 3926 πρὸς
1783 3845 2080 3921 Ἀργείων
2129 3845 2369 3924 ςρατῷς

460 3957 657 4022 Recte
702 3952 1086 4018 Plutarchus
1135 3953 1315 4018 docet
1360 3955 1428 4018 in
1474 3953 1701 4019 Moral.
1750 3973 1813 4037 p.
1862 3950 1949 4015 22
1998 3950 2088 4014 F:
2140 3950 2201 4014 ἐν
2249 3960 2326 4031 τῇ
2378 3948 2671 4031 συνηθείᾳ
2719 3974 2845 4015 κα-

456 4069 605 4132 λῶς
655 4059 870 4137 Φαμὲν
921 4059 1151 4139 ἔχειν
1202 4059 1305 4122 καὶ
1357 4061 1700 4140 χαίρειν
1749 4056 2114 4133 κελεύομεν,
2165 4053 2313 4120 ὅταν
2362 4057 2450 4131 μὴ
2500 4054 2844 4134 δεχώμεθα

454 4167 609 4244 μηδὲ
668 4164 1120 4242 λαμβάνωμεν.
1220 4164 1391 4229 Hinc
1456 4168 1650 4231 etiam
1709 4163 1920 4229 lucem
1973 4163 2205 4246 accipit
2251 4160 2419 4245 quod
2469 4163 2631 4226 Aiax
2681 4160 2845 4226 dicit

455 4273 622 4359 apud
672 4271 1045 4356 Sophoclem
1095 4294 1184 4337 vs.
1243 4270 1405 4336 112:
