3192 5017
490 239 579 320 22
908 266 911 269 ⁴
1516 266 1854 326 ruimus.

484 448 870 533 pastoralem
904 446 1137 511 cultum
1173 447 1379 511 induit
1409 449 1849 534 immi-‘etusque
1887 449 2108 512 castris
2145 446 2414 512 hostium
2436 446 2510 509 de
2531 443 2845 508 industria
2859 488 2877 518 ‚

493 555 920 640 imprudenter
936 600 952 631 ‚
1002 556 1211 618 rixam
1255 555 1503 618 iniciens
1548 556 1904 618 interemtus
1949 564 2058 617 est.
2231 637 2238 644 ⁸

584 659 880 725 Primum
929 661 1294 726 emendavit
1339 660 1620 746 Pythis,
1663 662 1815 744 quia
1860 660 1951 725 sie
1989 679 2208 724 omnes
2243 657 2611 743 loquuntur,
2655 654 2882 722 deinde

498 766 921 851 transposuit:
963 771 1036 832 de
1071 769 1387 832 industria
1426 769 1636 832 rixam
1674 769 1923 831 iniciens
1946 767 2372 853 imprudenter
2392 766 2750 830 interemtus
2772 773 2882 830 est.

592 872 711 937 Pro
773 876 968 939 rivam
1029 876 1278 939 iniciens
1340 872 1498 938 olim
1553 885 1802 957 reperta
1848 879 1945 938 est
1990 892 2142 937 vera
2184 871 2375 936 lectio
2421 873 2632 935 »rixam
2679 883 2880 933 cums.

496 978 619 1046 Sed
666 979 1012 1067 glandibus
1057 982 1229 1046 vesci
1273 979 1548 1045 malunt.

588 1203 638 1268 Ι.
690 1202 751 1269 3.
808 1205 887 1268 2:
937 1208 1105 1291 quod
1145 1229 1285 1269 eum
1331 1205 1446 1269 alii
1479 1205 1766 1291 saciant,
1815 1208 2038 1292 traqim'
2070 1206 2572 1292 frequentissime
2609 1201 2886 1288 saeelum,

497 1312 716 1396 quibus
761 1314 1012 1376 minime
1057 1314 1129 1376 id
1170 1313 1608 1376 concedendum
1652 1324 1758 1377 est.
2511 1365 2516 1372 .

587 1416 931 1501 Reposuit:
995 1420 1163 1504 quod
1215 1442 1352 1483 cum
1411 1417 1526 1482 alii
1582 1417 1829 1500 faciunt
1892 1436 2029 1483 TUM
2090 1421 2314 1503 trayici
2347 1416 2853 1504 frequentissime
2872 1460 2889 1489 ,

502 1524 721 1609 quibus
768 1525 1019 1588 minime
1063 1527 1134 1589 id
1177 1526 1614 1589 comedendum
1662 1537 1772 1590 est.

592 1626 1047 1717 Dittographia·
1091 1637 1186 1696 est
1221 1631 1475 1717 faciant
1522 1666 1605 1678 -
1645 1630 1919 1716 faciunt.

592 1855 646 1919 Ι.
698 1855 756 1917 4.
809 1853 887 1919 2:
938 1858 1044 1920 sed
1085 1859 1251 1920 Alalis
1297 1857 1650 1943 diliqentior
1693 1859 1856 1921 ritus
1891 1858 2102 1944 patuli
2145 1856 2376 1920 mansit
2422 1855 2718 1918 custodia.

591 1961 717 2026 Pro
763 1962 905 2027 aliis
949 1961 1373 2027 Ruhnkenius
1417 1963 1542 2027 illis
1589 1963 1929 2027 substituit
1947 2009 1963 2039 ,
2014 1961 2248 2028 melius
2297 1959 2618 2047 Pluygers
2664 1975 2795 2024 ms.

591 2183 646 2248 Ι.
697 2183 757 2249 6.
807 2185 887 2250 2:
938 2185 1448 2275 Sardanapalum
1498 2225 1578 2236 —
1628 2187 1908 2252 mollitiis
1939 2188 2266 2276 fluentem,

594 2289 881 2356 Coniecit
936 2294 1362 2382 nnvfluentem,
1426 2293 1536 2359 sed
1594 2296 1856 2378 apponit
1902 2293 1992 2358 ΙΙ.
2040 2291 2150 2358 88.
2198 2291 2276 2356 2:
2326 2295 2451 2358 otio
2495 2314 2567 2356 ac
2609 2288 2898 2354 mollitas

494 2419 691 2484 paene
735 2398 905 2463 ultra
942 2399 1294 2485 foeminam
1341 2401 1554 2478 βαοηε.

593 2623 644 2689 Ι.
696 2624 757 2692 7.
811 2625 845 2690 1
876 2647 892 2689 :
940 2625 1251 2692 Hesiodus
1300 2663 1384 2674 —
1432 2630 1594 2692 circa
1641 2639 1881 2692 eentum
1926 2629 2149 2712 viqinti
2188 2649 2384 2691 annos
2428 2628 2769 2690 dismnctus
2815 2626 2897 2689 ab

504 2728 773 2796 Homeri
814 2744 1030 2796 aetate.

596 2834 885 2902 Correxit
931 2840 1291 2903 dismnetus.

599 3064 647 3129 I.
703 3064 803 3130 11.
856 3067 930 3130 4:
1001 3091 1295 3151 maynum
1357 3066 1793 3133 Alex-andrum
1840 3070 2179 3156 impeRasse
2225 3068 2542 3157 Lysippo,
2589 3067 2901 3154 sinqulari

507 3173 728 3237 talium
775 3186 1011 3238 auctor-1
1058 3197 1314 3261 operum
1333 3221 1348 3252 ,
1397 3188 1467 3240 ut
1509 3197 1722 3240 eorum
1768 3177 2042 3262 equitum
2093 3213 2175 3224 --
2214 3176 2457 3262 faceret
2502 3187 2767 3240 statuas.

598 3278 721 3343 Vix
784 3280 999 3345 eredas
1060 3280 1254 3345 fuisse
1316 3281 1428 3365 qui
1489 3282 1825 3346 absurdam
1878 3279 2132 3348 Codicis
2176 3281 2517 3348 lectionem
2565 3300 2898 3347 revocave-

503 3388 667 3450 rint:
716 3387 1093 3474 imperrasse
1137 3406 1180 3450 Δ
1225 3386 1510 3475 Lysippo
1561 3425 1630 3436 —
1694 3400 1968 3453 auctoru.

597 3611 645 3676 I.
703 3613 812 3678 12.
866 3611 941 3677 3:
989 3613 1311 3701 Pluygers
1358 3613 1573 3680 locum
1614 3616 1709 3679 ita
1745 3614 2113 3679 constituit:
2155 3613 2240 3678 P.
2275 3613 2482 3702 Scipio
2505 3613 2896 3681 Aemilianus

505 3722 603 3785 vir
678 3722 861 3785 avitis
913 3724 1315 3811 paternisque
1375 3722 1705 3786 virtutibus
1766 3720 2139 3784 simillimus.
2234 3720 2465 3786 Editur
2527 3723 2890 3807 perinepte:

504 3828 688 3890 avitis
732 3825 817 3888 P.
866 3825 1168 3912 Africani
1200 3830 1605 3915 paternisque
1652 3827 1729 3892 L.
1781 3827 1979 3891 Pauli
2021 3829 2350 3892 iirtutibus
2400 3828 2775 3894 simillimus.

593 4052 640 4118 Ῑ.
701 4053 804 4119 13.
855 4053 922 4118 3:
1007 4078 1195 4142 neque
1253 4059 1416 4121 enim
1476 4058 1797 4144 quisquam
1842 4056 1950 4119 hoc
1998 4053 2277 4142 Scipione
2321 4056 2652 4142 eleqantius
2698 4059 2892 4122 inter-

503 4162 664 4226 valla
732 4163 1115 4247 neqotiorum
1184 4165 1307 4227 otio
1366 4164 1691 4250 dispunxit
1706 4211 1723 4245 ,
1789 4183 2141 4248 semperque
2199 4175 2311 4226 aut
2372 4162 2513 4228 belli
2559 4175 2673 4228 aut
2709 4164 2891 4249 pacis

504 4270 712 4331 serviit
772 4267 1010 4331 artibus
1024 4293 1047 4345 ‚⁰
1097 4291 1334 4356 semper
1377 4271 1540 4333 inter
1582 4292 1764 4332 arma
1811 4291 1882 4331 ac
1929 4269 2140 4332 studia
2184 4281 2458 4333 versatus
2505 4282 2616 4334 aut
2663 4292 2887 4355 corpus

494 4373 789 4468 periculis
835 4386 945 4438 aut
992 4377 1271 4439 animum
1318 4376 1659 4463 disciplinis
1704 4376 1988 4439 exercuit.
