3192 5017
594 170 726 245 808
759 164 800 185 ”
1525 200 1721 248 vanu
1769 198 2039 247 carrica·

1289 374 1601 439 Plutarch.
1649 397 1703 438 v.
1754 373 2005 439 Sertorii
2051 394 2188 459 cap.
2239 370 2301 437 3.

695 493 766 559 In
816 496 1151 562 Plutarchi
1198 517 1263 561 v·
1314 493 1580 560 Sertorii
1630 516 1762 582 cap.
1819 493 1894 559 3:
1946 494 2049 558 καὶ
2101 495 2326 569 πλῆθος
2390 495 2715 572 ἀνθρώπων
2761 487 2932 567 ἔλαβεν

600 602 877 678 οἰομένων
947 605 1245 667 ἀπαντᾶν
1309 598 1374 666 εὖ
1435 598 1912 680 πεπραχόσι
1974 603 2181 679 φίλοις
2246 600 2354 666 καὶ
2418 603 2742 670 πολίταις.
2784 595 2935 662 Miror

606 705 1024 773 Sintenisium
1097 713 1236 772 tum
1310 707 1372 771 h.
1422 707 1468 773 l.
1533 714 1671 773 tum
1739 709 1805 771 in
1870 704 2113 774 Cleom.
2173 707 2214 771 2
2276 709 2423 773 init.
2472 708 2545 772 et
2594 704 2939 789 Philopoem.

603 836 736 900 cap.
809 814 894 879 20
967 812 1372 894 πεπραχότες
1441 834 1553 898 pro
1614 814 2010 894 πεπραγότες
2079 813 2441 899 reliquisse:
2520 814 2737 898 magis
2792 809 2941 872 miror

603 943 751 989 eum
800 921 971 986 idem
1019 922 1415 986 commisisse
1458 922 1525 983 in
1572 922 1724 985 vitis
1771 919 2083 985 Alcibiad.
2135 941 2265 1005 cap.
2323 918 2409 983 13
2457 926 2527 984 et
2578 918 2727 983 Nic.
2780 915 2870 994 11,
2899 915 2943 976 in

602 1028 981 1114 fragmentis
1040 1025 1326 1092 Platonis
1395 1022 1680 1108 Comici,
1751 1046 1913 1110 quae
1985 1025 2231 1092 dudum
2301 1045 2339 1090 a
2401 1023 2655 1092 Cobeto
2715 1043 2770 1087 e.
2810 1043 2866 1107 g.
2900 1020 2944 1082 in

604 1130 1033 1199 Commentat.
1104 1133 1178 1196 de
1245 1133 1499 1197 Platone
1571 1132 1794 1196 Comico
1866 1152 2013 1219 pag.
2084 1131 2210 1197 140
2277 1137 2456 1197 erant
2527 1136 2826 1197 correcta.
2875 1122 2945 1191 ct

603 1237 903 1304 Valcken.
966 1238 1045 1304 ad
1091 1237 1489 1303 Herodotum
1542 1236 1656 1303 ΙΙΙ.
1704 1236 1811 1302 25.
1864 1236 1928 1304 8.
1975 1236 2100 1304 Sed
2147 1236 2426 1303 Sintenis
2472 1240 2545 1302 in
2597 1234 2832 1302 talibus
2866 1250 2945 1296 ne-

599 1344 951 1433 gligentior
1020 1365 1155 1410 esse
1224 1344 1418 1410 solet:
1491 1346 1582 1409 sic
1657 1365 1713 1409 e.
1761 1367 1827 1432 g.
1892 1344 2112 1410 eadem
2176 1345 2415 1431 pagina
2480 1363 2676 1429 saepe
2724 1338 2949 1406 occurrit

603 1452 792 1516 modo
855 1449 1184 1529 θάλασσα,
1236 1450 1427 1516 modo
1473 1451 1792 1516 θάλαττα.
1891 1449 1999 1516 Sic
2045 1471 2292 1535 semper
2340 1451 2495 1516 dicit
2553 1444 2947 1529 Συρακούσιοι,

602 1577 747 1621 cum
811 1564 1026 1622 tamen
1090 1558 1285 1642 lippis
1346 1562 1536 1642 atque
1605 1558 1964 1623 tonsoribus
2023 1559 2430 1622 notissimum
2495 1560 2585 1621 sit
2635 1551 2948 1631 Συρακόσιοι

598 1684 731 1729 esse
778 1663 1216 1749 scribendum,
1266 1665 1410 1728 sim.

1274 1818 1536 1883 Velleius
1582 1819 1937 1883 Paterculus
1983 1817 2064 1883 ΙΙ.
2120 1819 2222 1883 11.
2279 1818 2337 1882 l.

694 1940 1049 2028 Pluygers,
1114 1939 1327 2005 iudice
1389 1937 1664 2016 Cobeto,
1730 1941 2016 2004 Mnemos.
2063 1939 2144 2005 N.
2195 1937 2261 2004 S.
2315 1938 2463 2005 Vol.
2514 1938 2635 2003 IX.
2687 1958 2823 2023 pag.
2865 1930 2945 2002 24·

599 2048 928 2112 verissime
987 2043 1241 2112 Codicis
1306 2045 1644 2111 lectionem
1693 2045 1739 2110 1.
1787 2046 1831 2111 1.
1882 2048 2166 2111 restituit
2214 2046 2291 2111 de
2337 2044 2412 2113 C.
2459 2045 2678 2111 Mario
2725 2037 2943 2108 dicentis

601 2173 744 2216 eum
818 2156 1112 2236 equestri,
1176 2172 1298 2217 non
1358 2172 1508 2217 vero
1532 2201 1546 2228 ,
1617 2158 1691 2216 ut
1751 2173 1919 2217 nunc
1981 2152 2110 2218 fere
2171 2173 2247 2217 ex
2296 2155 2667 2217 coniectura
2713 2146 2943 2233 legitur,

600 2258 822 2339 ayresti
880 2257 1017 2323 loco
1078 2257 1270 2323 fuisse
1332 2266 1579 2323 natum.
1679 2256 1876 2322 Varia
1937 2261 2291 2323 rectissime
2350 2257 2601 2324 addidit
2664 2256 2743 2322 ad
2799 2247 2939 2315 illam

601 2360 854 2428 Codicis
900 2362 1234 2428 lectionem
1285 2362 1780 2448 defendendam,
1830 2363 1906 2428 de
1954 2366 2241 2448 equitum
2295 2364 2462 2449 apud
2510 2370 2806 2447 antiquos
2844 2352 2940 2417 Ro-

602 2489 824 2535 manos
879 2471 1321 2534 aestimatione
1370 2470 1716 2553 disserens,
1763 2470 1994 2555 quibus
2042 2469 2189 2535 addi
2234 2475 2499 2555 possunt
2545 2463 2858 2534 Plutarch.
2897 2477 2938 2520 v·

606 2574 816 2642 Crassi
865 2596 1000 2661 cap.
1056 2574 1174 2640 12:
1225 2575 1332 2649 ἤδη
1382 2576 1445 2642 δὲ
1495 2583 1605 2650 τῆς
1653 2578 1853 2658 ἀρχῆς
1902 2578 2112 2647 αὐτοῖς
2150 2576 2572 2659 τελευτώσης,
2614 2574 2830 2672 ἔτυχον
2862 2563 2941 2642 μὲν

603 2678 1132 2760 ἐκκλησιάζοντες,
1187 2683 1331 2758 ἀνὴρ
1373 2680 1436 2746 δέ
1476 2706 1568 2751 τις
1610 2684 1673 2747 οὐ
1715 2688 1831 2746 τῶν
1857 2682 2174 2762 ἐπιφανῶν
2216 2680 2513 2754 ἱππεὺς
2556 2674 2937 2756 Ῥωμαίων,

604 2789 887 2869 ἀγροῖκος
950 2787 1015 2852 δὲ
1077 2789 1159 2866 τῷ
1222 2786 1340 2866 βίῳ
1389 2788 1491 2851 καὶ
1543 2788 1778 2861 ἰδιώτης
1827 2787 2107 2859 Ὀνάτιος
2160 2788 2313 2875 (leg.
2363 2792 2645 2871 rA10c)
2696 2779 2939 2863 Afipfflffl?

604 2894 855 2974 ἆνοιβοὶς
900 2893 999 2958 ἐπὶ
1046 2896 1113 2958 τὸ
1164 2893 1350 2971 βῆμα
1391 2893 1525 2959 κτέ.
1574 2892 1670 2966 Of.
1713 2894 1937 2979 Pomp.
1982 2914 2117 2979 cap.
2156 2891 2265 2973 23,
2305 2896 2418 2960 ubi
2460 2894 2684 2960 eadem
2725 2884 2936 2956 histo&

603 3008 895 3068 narratur
947 3006 1011 3066 et
1059 2999 1278 3067 Cicero
1326 3021 1437 3087 pro
1483 2999 1747 3066 Rabirio
1795 3021 1930 3086 cap.
1981 2998 2054 3067 7:
2108 3021 2221 3066 nos
2267 3004 2392 3066 ista
2437 3018 2790 3086 numquam
2826 3010 2936 3058 σοῦ’

604 3107 970 3183 ῐθωείωιιε,
1040 3107 1149 3172 sed
1215 3107 1378 3172 hanc
1424 3108 1629 3172 vitam
1678 3108 1962 3191 quietam
2010 3112 2201 3193 atque
2250 3109 2519 3172 otiosam
2570 3093 2931 3192 (equestrem)

603 3215 806 3279 secuti
852 3233 1097 3278 sumus.
1138 3212 1313 3293 Quae
1352 3215 1649 3297 quoniam
1688 3214 1906 3278 honore
1944 3220 2140 3290 caret,
2184 3224 2394 3278 careat
2429 3215 2626 3278 etiam
2668 3202 2929 3277 molestis-

605 3318 765 3385 Tam
807 3339 873 3384 es
920 3326 991 3384 tu
1039 3318 1226 3383 iudex
1278 3339 1470 3403 quam
1520 3339 1640 3406 ego
1689 3318 1956 3386 Senator
2004 3318 2068 3403 ¹).
2120 3319 2253 3385 Nec
2301 3317 2651 3384 verisimile
2696 3312 2933 3384 Marium

604 3427 672 3490 in
723 3426 1213 3492 ‘matrimonium
1279 3424 1506 3491 ducere
1567 3426 1848 3510 potuisse
1909 3423 2178 3508 Iuliam,
2228 3428 2446 3513 magni
2494 3423 2774 3491 Caesaris
2813 3411 2932 3481 ami·
3036 3426 3042 3539 γ

608 3535 737 3596 tam
763 3577 780 3608 ,
828 3532 882 3594 si
929 3550 1147 3595 revera
1193 3536 1325 3595 tam
1373 3530 1606 3596 humili
1652 3530 1791 3598 loco
1813 3581 1828 3609 ‚
1880 3539 1956 3595 ut
2001 3530 2212 3597 voluit
2257 3552 2309 3597 e.
2356 3553 2423 3619 g.
2472 3530 2753 3606 Ruhnk„
2790 3527 2933 3590 natuss

608 3643 790 3701 esset.
839 3635 1011 3701 Satis
1056 3637 1306 3717 aqrestis
1352 3643 1417 3702 et
1462 3637 1640 3703 rudis
1684 3658 1833 3703 sane
1879 3637 2004 3703 fuit
2045 3637 2324 3715 Marius,
2372 3637 2524 3704 licet
2561 3634 2805 3723 equestri
2831 3627 2929 3694 10⁰⁰
3034 3610 3042 3739 1

604 3756 829 3819 natus,
893 3748 969 3807 ut
1028 3742 1329 3808 Aurelius
1375 3742 1487 3808 ille
1533 3744 1700 3831 apud
1749 3744 2170 3810 Plutarchum
2218 3742 2262 3809 l.
2312 3743 2354 3809 l.
2407 3744 2576 3830 quod
2622 3743 2852 3829 saepius
2886 3733 2931 3793 θῐ

603 3851 670 3913 in
717 3847 861 3913 aliis
907 3848 1207 3914 accidisse
1251 3849 1574 3934 equitibus
1620 3850 1897 3935 profecto
1949 3849 2042 3915 nil
2088 3852 2186 3915 est
2230 3849 2397 3935 quod
2445 3852 2771 3916 miremur.
3036 3818 3042 3937 1

784 3998 1009 4088 Hagae
1055 3997 1288 4067 Comit.
1875 4000 1951 4067 D.
2000 4000 2051 4066 Ι.
2103 4000 2276 4068 VAN
2323 4000 2788 4070 STEGEREN.

671 4219 723 4281 l)
761 4215 841 4270 Cf.
875 4217 934 4267 de
968 4216 1184 4281 equitum
1219 4215 1267 4265 h.
1303 4219 1341 4265 t.
1382 4216 1559 4265 Romae
1593 4214 1865 4265 conditione
1900 4214 2112 4265 Boissier
2146 4215 2196 4264 in
2233 4214 2355 4265 libro
2385 4215 2721 4267 iucundissimo
2752 4216 2795 4262 et
2822 4196 2924 4257 siml

579 4300 874 4385 yilissimo:
919 4298 1110 4349 Cice'ron
1143 4303 1193 4347 et
1227 4316 1299 4349 ses
1331 4298 1452 4347 amis
1485 4314 1590 4363 pag.
1631 4297 1694 4347 52
1728 4313 1827 4362 sqq.
1864 4298 1934 4347 cd.
1977 4300 2098 4347 etue.
