3192 5017
620 307 748 377 178
1704 330 1917 379 muns

613 496 851 562 Rhodii
894 518 1018 563 non
1066 499 1297 564 diserte
1342 504 1755 568 nominantur
1798 506 1908 567 sed
1949 506 2115 567 tecte
2153 501 2605 567 insimulantur
2626 522 2769 588 cap.
2804 500 2912 566 12.
2937 500 2993 568 3.

615 601 1005 670 Criminatur
1050 605 1366 671 Eumenes
1409 608 1741 694 ingentem
1787 609 2093 674 Perseum
2142 612 2517 674 auctoritate
2553 630 2683 674 esse
2728 613 2801 673 et
2839 609 2994 693 apud

613 710 915 775 Graeciae
962 717 1025 776 et
1070 711 1265 777 Asiae
1312 715 1606 778 civitates
1653 721 1717 778 et
1759 717 1927 778 inter
1971 714 2140 798 ipsos
2183 735 2398 801 reg-es:
2465 713 2741 791 „Seleuci
2793 716 2996 802 filiam

613 819 858 881 duxisse
924 841 1060 881 eum
1129 842 1252 882 non
1309 832 1616 906 petentem
1684 824 1790 885 sed
1837 823 2108 908 petitam
2173 822 2376 885 ultro:
2436 843 2708 885 sororem
2773 823 2993 885 dedisse

611 922 883 988 Prusiae
930 927 1217 1011 precanti
1272 937 1456 1012 atque
1517 929 1762 1002 oranti,·
1825 927 2150 991 celebratas
2212 950 2332 991 esse
2393 940 2685 1013 utrasque
2753 928 2998 1047 nuptias

609 1029 1029 1114 yratulatione
1072 1041 1131 1093 et
1178 1031 1356 1094 donis
1403 1033 1945 1097 innumerabilium
1991 1033 2362 1118 leyationum
2409 1045 2467 1096 et
2521 1033 2681 1098 velut
2735 1033 2996 1119 auspici·

616 1136 727 1198 bus
787 1136 1181 1200 nobilissimis
1214 1137 1470 1223 populis
1515 1140 1802 1203 deductas
1847 1160 1987 1203 esse.
2082 1139 2179 1204 De
2227 1139 2460 1223 quibus
2507 1138 2663 1203 haec
2714 1138 3000 1202 dicantur

619 1241 898 1307 declarat
957 1241 1270 1327 Polybius
1330 1242 1569 1308 XXVI.
1624 1243 1662 1308 7
1682 1266 1697 1308 :
1766 1242 2004 1308 ἐδόκουν
2069 1246 2119 1309 οἱ
2169 1247 2459 1321 Ῥωμαῖοι
2509 1247 2594 1308 τοὶ
2641 1245 2825 1309 κατὰ
2869 1241 2996 1312 τοὺς

617 1348 875 1420 Ῥοδίους
945 1348 1049 1410 καὶ
1130 1350 1389 1422 Λυκίους
1473 1349 1931 1427 διαγωνοθετεῒν
2010 1349 2280 1423 θέλοντες
2346 1352 2820 1415 ἐκδαπανᾶσθαι
2889 1349 2993 1417 τὰς

618 1454 983 1533 παραθέσεις
1032 1459 1150 1517 τῶν
1196 1454 1430 1519 Ῥοδίων
1476 1456 1579 1519 καὶ
1629 1457 1769 1528 τοὺς
1816 1455 2164 1534 θησαυρούς.
2262 1455 2554 1541 Suspicio
2596 1463 2736 1521 erat
2773 1456 2996 1521 Roma-

615 1580 730 1625 nos
775 1559 1017 1624 bellum
1066 1563 1234 1624 inter
1279 1561 1560 1627 Rhodios
1607 1567 1671 1627 et
1714 1563 1947 1650 Lycios
1991 1564 2202 1629 fovere
2248 1574 2324 1628 ut
2367 1563 2772 1628 Rhodiorum
2819 1573 2993 1645 appa·

620 1673 796 1731 ratus
853 1672 918 1731 et
980 1667 1239 1732 divitias
1300 1668 1738 1746 exhaurirent,
1803 1655 2029 1734 deinde
2094 1669 2273 1733 addit
2322 1688 2617 1734 causam:
2669 1667 2992 1743 ἀκηκοότες

618 1774 728 1848 τήν
774 1798 846 1837 τε
894 1775 1364 1852 νυμφαγωγίαν
1412 1777 1521 1849 τὴν
1568 1774 1737 1842 νεωςὶ
1787 1775 1868 1854 τῷ
1916 1783 2143 1853 Περσεῖ
2186 1774 2608 1854 γεγενημένην
2655 1777 2767 1839 ὑπ’
2814 1776 2993 1838 αὐτῶν

620 1881 724 1944 καὶ
773 1881 880 1954 τὴν
929 1881 1270 1959 ὥνοὶπειραν
1313 1887 1431 1944 τῶν
1481 1880 1724 1946 πλοίων.
1776 1880 2112 1956 Συνέβαινε
2158 1880 2285 1960 γαρ
2327 1881 2571 1961 βραχεῖ
2617 1882 2821 1961 χρόνῳ
2876 1875 2998 1956 πρό·

620 2010 787 2063 τερον
834 1988 1148 2065 ἐπιφανῶς
1188 1987 1292 2050 καὶ
1332 1993 1781 2065 μεγαλομερῶς
1824 1994 1966 2060 ταῖς
2004 1995 2432 2067 παρασκευαῖς
2472 1984 2993 2064 dumea-sepiebas

619 2094 757 2164 τοὺς
833 2094 1085 2166 Ῥοδίους
1160 2091 1360 2159 ἅπασι
1432 2102 1557 2166 τοῖς
1628 2093 1905 2172 σκάφεσι
1970 2101 2095 2166 τοῖς
2163 2093 2545 2173 ὑπάρχουσιν
2613 2097 2854 2163 αὐτοῖς.
2907 2088 2996 2153 καὶ

625 2201 750 2276 γαρ
805 2198 1005 2274 ξύλων
1064 2202 1288 2272 πλῆθος
1351 2203 1437 2273 εἷς
1503 2200 1861 2275 ναυπηγίαν
1909 2199 2132 2264 ἐδίδοτο
2179 2200 2353 2278 παρὰ
2400 2203 2507 2263 τοῦ
2556 2199 2838 2279 Περσέως
2886 2202 2994 2263 τοῖς

621 2306 862 2376 Ῥοδίοις
913 2305 1016 2369 καὶ
1065 2306 1335 2384 ςελγίδα
1376 2305 1530 2394 (leg.
1577 2306 1920 2390 ςλεγγίδα)
1964 2314 2197 2383 χρυσῆν
2233 2304 2432 2386 ἓκοὶςῳ
2474 2308 2593 2370 τῶν
2634 2304 2993 2386 φρακτήτων

623 2412 777 2500 (leg.
826 2412 1155 2498 τριηριτῶν)
1218 2413 1534 2493 ἐδεδώρητο
1582 2420 1699 2476 τῶν
1748 2413 1915 2479 νεωςὶ
1967 2411 2634 2492 νενυμφαγωγηκότων
2683 2413 2853 2490 αὐτῷ
2900 2407 2989 2478 τὶν

624 2519 950 2593 Λαοδίκην.
1044 2518 1378 2605 Appianas
1440 2519 1762 2584 Macedon.
1812 2519 1931 2583 IX.
1999 2517 2075 2582 l:
2141 2516 2443 2593 διέβαλλε
2507 2516 2559 2581 δ’
2609 2519 2803 2583 αὐτοῦ
2852 2515 2986 2597 (Eu-

622 2647 840 2690 menes
885 2625 1126 2709 Persei)
1177 2624 1279 2688 καὶ
1329 2626 1445 2697 τας
1497 2625 1848 2702 ἐπιγαμίας
1891 2623 2235 2701 βασιλικὰς
2276 2623 2477 2702 ἄμφω
2518 2624 2865 2701 γενομένας
2900 2617 2985 2684 καὶ

625 2735 744 2805 τας
790 2731 1259 2809 νυμφαγωγίας
1302 2728 1420 2811 ὅλῳ
1468 2732 1551 2810 τῷ
1603 2734 1962 2795 ῬΟΔΙΩΝ
2011 2730 2171 2808 ςόλῳ
2220 2730 2825 2811 παραπεμφθείσας.

714 2840 957 2905 Eodem
1021 2842 1266 2922 spectat
1330 2837 1498 2922 quod
1556 2836 1870 2902 Eumenes
1928 2836 1996 2899 in
2041 2834 2278 2900 Senatu
2326 2834 2523 2899 dixit:
2578 2834 2752 2920 (Liv.
2805 2827 2986 2898 XLII.

629 2947 732 3012 13.
798 2947 865 3029 3)
939 2943 1269 3009 Cernebam
1315 2943 1725 3008 nobilissimas
1770 2941 1960 3006 Asiae
2004 2954 2063 3005 et
2114 2938 2406 3005 Graeciae
2451 2944 2725 3006 civitates
2774 2945 2840 3006 in
2879 2939 2987 3001 dies

626 3057 824 3139 mayis
869 3054 1242 3117 denudantes
1288 3053 1514 3115 iudicia
1560 3073 1673 3113 saa
1694 3096 1709 3126 ‚
1751 3072 1897 3113 mox
1935 3051 1991 3111 si
2017 3050 2488 3135 permitteretur
2524 3071 2591 3112 eo
2611 3063 2985 3136 processura-3

626 3163 783 3225 unde
843 3172 1148 3245 receptum
1207 3159 1294 3221 ad
1346 3158 1778 3244 poenitendum
1839 3178 1963 3219 non
2022 3154 2309 3218 haberent
2328 3203 2346 3236 ,
2409 3174 2558 3218 nam
2607 3154 2864 3239 perinde
2906 3153 2982 3212 est

624 3287 697 3332 ac
774 3269 828 3329 si
898 3264 1199 3328 dixisset:
1262 3263 1540 3326 videbam
1600 3261 1892 3326 RHODIOS
1954 3262 2021 3323 in
2087 3260 2213 3322 dies
2275 3262 2473 3344 maqis
2519 3263 2672 3346 quid
2717 3261 2982 3326 sentirent

626 3374 867 3461 aperire
934 3383 991 3434 et
1047 3372 1116 3432 ni
1175 3370 1414 3433 obviam
1474 3379 1654 3432 eatur
1712 3369 1964 3431 desertis
2027 3389 2097 3429 ac
2147 3368 2426 3452 proditis
2473 3365 2780 3432 Romanis
2824 3381 2978 3429 arma

626 3505 762 3546 cum
809 3479 1027 3542 Perseo
1074 3477 1541 3540 consociaturos.

717 3585 858 3652 Non
920 3582 1183 3648 fallebat
1244 3599 1317 3644 ea
1380 3599 1479 3644 res
1523 3578 1841 3644 Romanos
1862 3626 1878 3654 ‚
1928 3577 2036 3643 sed
2081 3580 2151 3642 in
2207 3567 2562 3663 praesentia
2606 3574 2978 3646 dissimulare

624 3691 981 3765 malebant,
1055 3693 1120 3752 et
1185 3685 1433 3774 legatos
1503 3688 1771 3750 crimina
1839 3688 2190 3772 purgatum
2262 3687 2490 3751 missos
2559 3689 2631 3752 in
2689 3681 2975 3773 sequentis

624 3800 774 3866 anni
829 3797 1093 3860 initium
1154 3792 1556 3857 distulerunt.
1654 3791 1820 3856 'I'um
1843 3838 1859 3866 ‚
1923 3796 1999 3854 ut
2061 3793 2282 3876 opinor
2299 3840 2315 3868 ‚
2380 3797 2636 3857 senatus
2683 3786 2973 3878 respondit

620 3906 868 3992 legatos
914 3922 980 3964 se
1025 3901 1374 3963 missurum
1422 3900 1531 3983 qui
1580 3919 1716 3962 rem
1763 3903 2209 3985 cognoscerent
2254 3902 2731 3984 statuerantque
2796 3905 2853 3964 et
2897 3894 2967 3956 sic

621 4018 749 4076 tres
808 4009 1009 4095 legati
1055 4005 1224 4090 (Liv.
1275 4004 1479 4069 XLII.
1530 4004 1644 4088 45)
1689 4004 1992 4068 Rhodum
2034 4009 2377 4082 venerunt,
2431 4007 2542 4090 qui
2589 3998 2966 4094 Hegesilochi

624 4116 959 4203 prudentia
1020 4111 1441 4198 quadraginta
1502 4110 1766 4175 navium
1832 4111 2096 4175 classem
2162 4113 2541 4177 instructam
2591 4121 2965 4192 ornatamque

620 4225 1016 4290 invenerunt.
1067 4217 1317 4284 Vicerat
1363 4220 1536 4282 enim
1585 4237 1728 4301 pars
1767 4215 1994 4282 melior
2031 4216 2278 4283 Dinone
2322 4222 2387 4284 et
2410 4218 2753 4305 Polyarato
2777 4219 2964 4285 frustra

626 4327 1158 4395 dissuadentibus.

718 4434 842 4500 Sed
878 4434 1145 4498 Perseus
1188 4451 1542 4515 numquam
1589 4450 1763 4514 spem
1817 4431 2130 4495 abiecerat
2177 4433 2498 4497 societatis
2548 4452 2693 4498 cum
2739 4421 2961 4497 Rhodiis
