<?xml version="1.0" encoding="UTF-8"?>
<!DOCTYPE html PUBLIC "-//W3C//DTD XHTML 1.0 Transitional//EN"
    "http://www.w3.org/TR/xhtml1/DTD/xhtml1-transitional.dtd">
<html xmlns="http://www.w3.org/1999/xhtml" xml:lang="en" lang="en">
 <head>
  <title>
</title>
<meta http-equiv="Content-Type" content="text/html;charset=utf-8" />
  <meta name='ocr-system' content='tesseract 3.04.00' />
  <meta name='ocr-capabilities' content='ocr_page ocr_carea ocr_par ocr_line ocrx_word'/>
</head>
<body>
  <div class='ocr_page' id='page_1' title='image "./mnemosynebiblio14servgoog_0206.png"; bbox 0 0 3192 5017; ppageno 0'>
   <div class='ocr_carea' id='block_1_1' title="bbox 550 250 1981 323">
    <p class='ocr_par' dir='ltr' id='par_1_1' title="bbox 550 250 1981 323">
     <span class='ocr_line' id='line_1_1' title="bbox 550 250 1981 323; baseline 0.002 -3"><span class='ocrx_word' id='word_1_1' title='bbox 550 250 684 321; x_wconf 77' lang='grc'>202</span> <span class='ocrx_word' id='word_1_2' title='bbox 1512 272 1981 323; x_wconf 68' lang='lat' dir='ltr'>mrffnoxmu.</span> 
     </span>
    </p>
   </div>
   <div class='ocr_carea' id='block_1_2' title="bbox 542 442 2930 4472">
    <p class='ocr_par' dir='ltr' id='par_1_2' title="bbox 546 442 2929 1697">
     <span class='ocr_line' id='line_1_2' title="bbox 549 442 2921 534; baseline 0 -22"><span class='ocrx_word' id='word_1_3' title='bbox 549 448 867 534; x_wconf 84' lang='lat' dir='ltr'>requirere</span> <span class='ocrx_word' id='word_1_4' title='bbox 926 450 1039 513; x_wconf 88' lang='lat' dir='ltr'>aut</span> <span class='ocrx_word' id='word_1_5' title='bbox 1098 448 1244 512; x_wconf 88' lang='lat' dir='ltr'>Aor.</span> <span class='ocrx_word' id='word_1_6' title='bbox 1310 446 1374 512; x_wconf 95' lang='lat' dir='ltr'>II</span> <span class='ocrx_word' id='word_1_7' title='bbox 1436 448 1913 512; x_wconf 87' lang='lat' dir='ltr'>coniunctivum</span> <span class='ocrx_word' id='word_1_8' title='bbox 1967 454 2080 514; x_wconf 87' lang='lat' dir='ltr'>aut</span> <span class='ocrx_word' id='word_1_9' title='bbox 2125 447 2418 512; x_wconf 85' lang='lat' dir='ltr'>futurum</span> <span class='ocrx_word' id='word_1_10' title='bbox 2466 442 2921 525; x_wconf 84' lang='lat' dir='ltr'>indicativum,</span> 
     </span>
     <span class='ocr_line' id='line_1_3' title="bbox 548 552 2920 640; baseline -0.001 -22"><span class='ocrx_word' id='word_1_11' title='bbox 548 555 919 640; x_wconf 86' lang='lat' dir='ltr'>priusquam</span> <span class='ocrx_word' id='word_1_12' title='bbox 967 553 1161 618; x_wconf 87' lang='lat' dir='ltr'>huius</span> <span class='ocrx_word' id='word_1_13' title='bbox 1207 552 1378 618; x_wconf 86' lang='lat' dir='ltr'>effati</span> <span class='ocrx_word' id='word_1_14' title='bbox 1399 602 1417 631; x_wconf 88' lang='lat'><em>,</em></span> <span class='ocrx_word' id='word_1_15' title='bbox 1467 553 1634 638; x_wconf 86' lang='lat' dir='ltr'>quod</span> <span class='ocrx_word' id='word_1_16' title='bbox 1684 553 2008 618; x_wconf 77' lang='lat' dir='ltr'>traditioni</span> <span class='ocrx_word' id='word_1_17' title='bbox 2054 573 2310 638; x_wconf 87' lang='lat' dir='ltr'>prorsus</span> <span class='ocrx_word' id='word_1_18' title='bbox 2356 555 2742 618; x_wconf 85' lang='lat' dir='ltr'>contrarium</span> <span class='ocrx_word' id='word_1_19' title='bbox 2793 560 2920 630; x_wconf 88' lang='lat' dir='ltr'>est,</span> 
     </span>
     <span class='ocr_line' id='line_1_4' title="bbox 551 659 2921 748; baseline -0.001 -23"><span class='ocrx_word' id='word_1_20' title='bbox 551 659 900 746; x_wconf 80' lang='lat' dir='ltr'>probabilia</span> <span class='ocrx_word' id='word_1_21' title='bbox 961 665 1341 748; x_wconf 88' lang='lat' dir='ltr'>argumenta</span> <span class='ocrx_word' id='word_1_22' title='bbox 1404 659 1761 744; x_wconf 89' lang='lat' dir='ltr'>protulerit.</span> <span class='ocrx_word' id='word_1_23' title='bbox 1856 659 2026 725; x_wconf 87' lang='lat' dir='ltr'>Nam</span> <span class='ocrx_word' id='word_1_24' title='bbox 2095 661 2462 747; x_wconf 89' lang='lat' dir='ltr'>argumenti</span> <span class='ocrx_word' id='word_1_25' title='bbox 2509 661 2645 726; x_wconf 85' lang='lat' dir='ltr'>vim</span> <span class='ocrx_word' id='word_1_26' title='bbox 2693 659 2921 739; x_wconf 87' lang='lat' dir='ltr'>(dicam</span> 
     </span>
     <span class='ocr_line' id='line_1_5' title="bbox 552 764 2924 854; baseline -0 -23"><span class='ocrx_word' id='word_1_27' title='bbox 552 768 723 831; x_wconf 90' lang='lat' dir='ltr'>enim</span> <span class='ocrx_word' id='word_1_28' title='bbox 772 765 936 851; x_wconf 91' lang='lat' dir='ltr'>quod</span> <span class='ocrx_word' id='word_1_29' title='bbox 987 765 1215 850; x_wconf 87' lang='lat' dir='ltr'>sentio)</span> <span class='ocrx_word' id='word_1_30' title='bbox 1263 765 1495 831; x_wconf 89' lang='lat' dir='ltr'>habere</span> <span class='ocrx_word' id='word_1_31' title='bbox 1540 786 1706 854; x_wconf 90' lang='lat' dir='ltr'>nego</span> <span class='ocrx_word' id='word_1_32' title='bbox 1752 766 1919 850; x_wconf 89' lang='lat' dir='ltr'>quod</span> <span class='ocrx_word' id='word_1_33' title='bbox 1959 765 2205 832; x_wconf 86' lang='lat' dir='ltr'>Mnem.</span> <span class='ocrx_word' id='word_1_34' title='bbox 2245 764 2397 831; x_wconf 88' lang='lat' dir='ltr'><strong>VIII</strong></span> <span class='ocrx_word' id='word_1_35' title='bbox 2434 787 2496 851; x_wconf 91' lang='lat' dir='ltr'>p.</span> <span class='ocrx_word' id='word_1_36' title='bbox 2542 765 2630 831; x_wconf 77' lang='lat'>85</span> <span class='ocrx_word' id='word_1_37' title='bbox 2670 772 2733 831; x_wconf 87' lang='lat' dir='ltr'>et</span> <span class='ocrx_word' id='word_1_38' title='bbox 2772 765 2924 831; x_wconf 88' lang='lat' dir='ltr'>alibi</span> 
     </span>
     <span class='ocr_line' id='line_1_6' title="bbox 556 869 2926 959; baseline -0 -22"><span class='ocrx_word' id='word_1_39' title='bbox 556 878 856 959; x_wconf 83' lang='lat' dir='ltr'>provocat</span> <span class='ocrx_word' id='word_1_40' title='bbox 928 872 1005 938; x_wconf 87' lang='lat' dir='ltr'>ad</span> <span class='ocrx_word' id='word_1_41' title='bbox 1078 872 1498 938; x_wconf 77' lang='lat' dir='ltr'>barbarismos</span> <span class='ocrx_word' id='word_1_42' title='bbox 1558 869 1717 943; x_wconf 68' lang='grc' dir='ltr'>ὅπως</span> <span class='ocrx_word' id='word_1_43' title='bbox 1780 872 1948 956; x_wconf 60' lang='grc' dir='ltr'><strong><em>ἐμῇς,</em></strong></span> <span class='ocrx_word' id='word_1_44' title='bbox 2011 872 2237 953; x_wconf 53' lang='lat' dir='ltr'>Abone,</span> <span class='ocrx_word' id='word_1_45' title='bbox 2304 872 2622 951; x_wconf 72' lang='grc' dir='ltr'>λήψητωι,</span> <span class='ocrx_word' id='word_1_46' title='bbox 2687 870 2926 937; x_wconf 78' lang='lat' dir='ltr'>similia</span> 
     </span>
     <span class='ocr_line' id='line_1_7' title="bbox 549 976 2926 1067; baseline -0.001 -23"><span class='ocrx_word' id='word_1_47' title='bbox 549 982 786 1067; x_wconf 88' lang='lat' dir='ltr'>passim</span> <span class='ocrx_word' id='word_1_48' title='bbox 836 981 904 1043; x_wconf 91' lang='lat' dir='ltr'>in</span> <span class='ocrx_word' id='word_1_49' title='bbox 950 978 1132 1044; x_wconf 91' lang='lat' dir='ltr'>libris</span> <span class='ocrx_word' id='word_1_50' title='bbox 1178 980 1371 1043; x_wconf 88' lang='lat' dir='ltr'>etiam</span> <span class='ocrx_word' id='word_1_51' title='bbox 1412 980 1675 1064; x_wconf 88' lang='lat' dir='ltr'>optimis</span> <span class='ocrx_word' id='word_1_52' title='bbox 1714 978 1934 1044; x_wconf 82' lang='lat' dir='ltr'>obvios</span> <span class='ocrx_word' id='word_1_53' title='bbox 1973 984 2038 1043; x_wconf 88' lang='lat' dir='ltr'>et</span> <span class='ocrx_word' id='word_1_54' title='bbox 2076 980 2365 1043; x_wconf 88' lang='lat' dir='ltr'>omnium</span> <span class='ocrx_word' id='word_1_55' title='bbox 2406 999 2707 1044; x_wconf 88' lang='lat' dir='ltr'>consensu</span> <span class='ocrx_word' id='word_1_56' title='bbox 2743 976 2926 1043; x_wconf 85' lang='lat' dir='ltr'>hodie</span> 
     </span>
     <span class='ocr_line' id='line_1_8' title="bbox 551 1082 2929 1171; baseline -0.002 -19"><span class='ocrx_word' id='word_1_57' title='bbox 551 1090 896 1169; x_wconf 83' lang='lat' dir='ltr'>correctos,</span> <span class='ocrx_word' id='word_1_58' title='bbox 961 1084 1128 1149; x_wconf 88' lang='lat' dir='ltr'>unde</span> <span class='ocrx_word' id='word_1_59' title='bbox 1198 1082 1363 1148; x_wconf 88' lang='lat' dir='ltr'>nihil</span> <span class='ocrx_word' id='word_1_60' title='bbox 1419 1082 1596 1149; x_wconf 88' lang='lat' dir='ltr'>aliud</span> <span class='ocrx_word' id='word_1_61' title='bbox 1658 1104 1763 1150; x_wconf 90' lang='lat' dir='ltr'>me</span> <span class='ocrx_word' id='word_1_62' title='bbox 1824 1084 2082 1171; x_wconf 87' lang='lat' dir='ltr'>quidem</span> <span class='ocrx_word' id='word_1_63' title='bbox 2129 1084 2342 1150; x_wconf 87' lang='lat' dir='ltr'>iudice</span> <span class='ocrx_word' id='word_1_64' title='bbox 2387 1083 2679 1150; x_wconf 89' lang='lat' dir='ltr'>concludi</span> <span class='ocrx_word' id='word_1_65' title='bbox 2724 1088 2929 1169; x_wconf 81' lang='lat' dir='ltr'>potest</span> 
     </span>
     <span class='ocr_line' id='line_1_9' title="bbox 549 1187 2928 1280; baseline -0.002 -21"><span class='ocrx_word' id='word_1_66' title='bbox 549 1212 740 1280; x_wconf 89' lang='lat' dir='ltr'>quam</span> <span class='ocrx_word' id='word_1_67' title='bbox 808 1191 927 1257; x_wconf 88' lang='lat' dir='ltr'>hoc</span> <span class='ocrx_word' id='word_1_68' title='bbox 951 1241 966 1265; x_wconf 88' lang='lat'><strong>,</strong></span> <span class='ocrx_word' id='word_1_69' title='bbox 1034 1188 1285 1255; x_wconf 82' lang='lat' dir='ltr'>labente</span> <span class='ocrx_word' id='word_1_70' title='bbox 1349 1187 1713 1256; x_wconf 84' lang='lat' dir='ltr'>Graecitate</span> <span class='ocrx_word' id='word_1_71' title='bbox 1774 1193 2007 1256; x_wconf 88' lang='lat' dir='ltr'>sensim</span> <span class='ocrx_word' id='word_1_72' title='bbox 2059 1190 2125 1255; x_wconf 89' lang='lat' dir='ltr'>in</span> <span class='ocrx_word' id='word_1_73' title='bbox 2174 1190 2654 1257; x_wconf 79' lang='lat' dir='ltr'>desuetudinem</span> <span class='ocrx_word' id='word_1_74' title='bbox 2704 1192 2928 1256; x_wconf 88' lang='lat' dir='ltr'>abiisse</span> 
     </span>
     <span class='ocr_line' id='line_1_10' title="bbox 550 1296 2928 1385; baseline -0.003 -19"><span class='ocrx_word' id='word_1_75' title='bbox 550 1314 829 1367; x_wconf 79' lang='lat' dir='ltr'>veterem</span> <span class='ocrx_word' id='word_1_76' title='bbox 896 1296 1079 1362; x_wconf 85' lang='lat' dir='ltr'>illam</span> <span class='ocrx_word' id='word_1_77' title='bbox 1143 1301 1529 1361; x_wconf 78' lang='lat' dir='ltr'>structuram</span> <span class='ocrx_word' id='word_1_78' title='bbox 1587 1318 1735 1362; x_wconf 91' lang='lat' dir='ltr'>cum</span> <span class='ocrx_word' id='word_1_79' title='bbox 1799 1298 2078 1381; x_wconf 69' lang='lat' dir='ltr'>Futuro,</span> <span class='ocrx_word' id='word_1_80' title='bbox 2137 1299 2399 1383; x_wconf 89' lang='lat' dir='ltr'>eiusque</span> <span class='ocrx_word' id='word_1_81' title='bbox 2441 1300 2808 1385; x_wconf 72' lang='lat' dir='ltr'>ignorantia</span> <span class='ocrx_word' id='word_1_82' title='bbox 2848 1296 2928 1361; x_wconf 90' lang='lat' dir='ltr'>li-</span> 
     </span>
     <span class='ocr_line' id='line_1_11' title="bbox 549 1403 2928 1489; baseline -0.002 -18"><span class='ocrx_word' id='word_1_83' title='bbox 549 1407 791 1471; x_wconf 86' lang='lat' dir='ltr'>brarios</span> <span class='ocrx_word' id='word_1_84' title='bbox 852 1423 1149 1489; x_wconf 82' lang='lat' dir='ltr'>persaepe</span> <span class='ocrx_word' id='word_1_85' title='bbox 1210 1422 1496 1487; x_wconf 84' lang='lat' dir='ltr'>peccasse</span> <span class='ocrx_word' id='word_1_86' title='bbox 1516 1450 1532 1480; x_wconf 91' lang='lat'>,</span> <span class='ocrx_word' id='word_1_87' title='bbox 1594 1403 1704 1468; x_wconf 89' lang='lat' dir='ltr'>sed</span> <span class='ocrx_word' id='word_1_88' title='bbox 1751 1405 2022 1468; x_wconf 89' lang='lat' dir='ltr'>minime</span> <span class='ocrx_word' id='word_1_89' title='bbox 2070 1404 2216 1469; x_wconf 89' lang='lat' dir='ltr'>inde</span> <span class='ocrx_word' id='word_1_90' title='bbox 2263 1406 2583 1489; x_wconf 88' lang='lat' dir='ltr'>sequitur,</span> <span class='ocrx_word' id='word_1_91' title='bbox 2634 1404 2928 1470; x_wconf 85' lang='lat' dir='ltr'>omnibns</span> 
     </span>
     <span class='ocr_line' id='line_1_12' title="bbox 546 1507 2928 1596; baseline -0.001 -21"><span class='ocrx_word' id='word_1_92' title='bbox 546 1512 809 1575; x_wconf 73' lang='lat' dir='ltr'>millenis</span> <span class='ocrx_word' id='word_1_93' title='bbox 853 1508 986 1575; x_wconf 88' lang='lat' dir='ltr'>illis</span> <span class='ocrx_word' id='word_1_94' title='bbox 1033 1509 1207 1586; x_wconf 73' lang='lat' dir='ltr'>locis,</span> <span class='ocrx_word' id='word_1_95' title='bbox 1258 1508 1370 1573; x_wconf 90' lang='lat' dir='ltr'>ubi</span> <span class='ocrx_word' id='word_1_96' title='bbox 1415 1507 1605 1574; x_wconf 90' lang='lat' dir='ltr'>hodie</span> <span class='ocrx_word' id='word_1_97' title='bbox 1651 1508 1799 1574; x_wconf 85' lang='lat' dir='ltr'>libri</span> <span class='ocrx_word' id='word_1_98' title='bbox 1852 1514 1996 1596; x_wconf 88' lang='lat' dir='ltr'>post</span> <span class='ocrx_word' id='word_1_99' title='bbox 2042 1528 2145 1574; x_wconf 90' lang='lat' dir='ltr'>eas</span> <span class='ocrx_word' id='word_1_100' title='bbox 2191 1510 2663 1576; x_wconf 86' lang='lat' dir='ltr'>coniunctiones</span> <span class='ocrx_word' id='word_1_101' title='bbox 2713 1511 2859 1576; x_wconf 86' lang='lat' dir='ltr'>Aor.</span> <span class='ocrx_word' id='word_1_102' title='bbox 2899 1507 2928 1573; x_wconf 95' lang='lat'>1</span> 
     </span>
     <span class='ocr_line' id='line_1_13' title="bbox 553 1615 1979 1697; baseline -0.003 -13"><span class='ocrx_word' id='word_1_103' title='bbox 553 1619 1030 1684; x_wconf 83' lang='lat' dir='ltr'>coniunctivum</span> <span class='ocrx_word' id='word_1_104' title='bbox 1079 1615 1354 1680; x_wconf 85' lang='lat' dir='ltr'>habeant</span> <span class='ocrx_word' id='word_1_105' title='bbox 1375 1664 1392 1697; x_wconf 91' lang='lat'>‚</span> <span class='ocrx_word' id='word_1_106' title='bbox 1439 1615 1606 1680; x_wconf 90' lang='lat' dir='ltr'>idem</span> <span class='ocrx_word' id='word_1_107' title='bbox 1658 1615 1979 1684; x_wconf 89' lang='lat' dir='ltr'>accidisse.</span> 
     </span>
    </p>

    <p class='ocr_par' dir='ltr' id='par_1_3' title="bbox 542 1719 2930 4472">
     <span class='ocr_line' id='line_1_14' title="bbox 639 1719 2930 1809; baseline -0.001 -21"><span class='ocrx_word' id='word_1_108' title='bbox 639 1721 814 1789; x_wconf 80' lang='lat' dir='ltr'>Scire</span> <span class='ocrx_word' id='word_1_109' title='bbox 876 1728 1093 1788; x_wconf 88' lang='lat' dir='ltr'>autem</span> <span class='ocrx_word' id='word_1_110' title='bbox 1156 1719 1463 1806; x_wconf 85' lang='lat' dir='ltr'>pervelim</span> <span class='ocrx_word' id='word_1_111' title='bbox 1523 1720 1677 1805; x_wconf 88' lang='lat' dir='ltr'>quid</span> <span class='ocrx_word' id='word_1_112' title='bbox 1724 1719 1999 1789; x_wconf 84' lang='lat' dir='ltr'>Graecos</span> <span class='ocrx_word' id='word_1_113' title='bbox 2046 1743 2301 1790; x_wconf 82' lang='lat' dir='ltr'>movere</span> <span class='ocrx_word' id='word_1_114' title='bbox 2347 1726 2626 1809; x_wconf 88' lang='lat' dir='ltr'>potuerit</span> <span class='ocrx_word' id='word_1_115' title='bbox 2671 1730 2752 1788; x_wconf 89' lang='lat' dir='ltr'>ut</span> <span class='ocrx_word' id='word_1_116' title='bbox 2796 1727 2930 1809; x_wconf 87' lang='lat' dir='ltr'>post</span> 
     </span>
     <span class='ocr_line' id='line_1_15' title="bbox 549 1826 2929 1916; baseline -0.001 -21"><span class='ocrx_word' id='word_1_117' title='bbox 549 1826 705 1903; x_wconf 69' lang='grc' dir='ltr'>ὅπως</span> <span class='ocrx_word' id='word_1_118' title='bbox 780 1826 965 1911; x_wconf 69' lang='grc' dir='ltr'>(ὅπως</span> <span class='ocrx_word' id='word_1_119' title='bbox 1034 1828 1147 1913; x_wconf 70' lang='grc' dir='ltr'>μὴ)</span> <span class='ocrx_word' id='word_1_120' title='bbox 1223 1828 1634 1893; x_wconf 81' lang='lat' dir='ltr'>admittentes</span> <span class='ocrx_word' id='word_1_121' title='bbox 1701 1831 2182 1897; x_wconf 85' lang='lat' dir='ltr'>coniunctivum</span> <span class='ocrx_word' id='word_1_122' title='bbox 2247 1831 2393 1896; x_wconf 91' lang='lat' dir='ltr'>Aor.</span> <span class='ocrx_word' id='word_1_123' title='bbox 2461 1827 2492 1893; x_wconf 97' lang='lat' dir='ltr'>I</span> <span class='ocrx_word' id='word_1_124' title='bbox 2552 1832 2796 1916; x_wconf 78' lang='lat' dir='ltr'>passivi</span> <span class='ocrx_word' id='word_1_125' title='bbox 2871 1836 2929 1894; x_wconf 90' lang='lat' dir='ltr'>et</span> 
     </span>
     <span class='ocr_line' id='line_1_16' title="bbox 547 1933 2930 2019; baseline -0.002 -16"><span class='ocrx_word' id='word_1_126' title='bbox 547 1939 789 2004; x_wconf 88' lang='lat' dir='ltr'>Acristi</span> <span class='ocrx_word' id='word_1_127' title='bbox 852 1935 912 2001; x_wconf 93' lang='lat'>11</span> <span class='ocrx_word' id='word_1_128' title='bbox 966 1936 1197 2011; x_wconf 84' lang='lat' dir='ltr'>activi,</span> <span class='ocrx_word' id='word_1_129' title='bbox 1247 1933 1483 2013; x_wconf 88' lang='lat' dir='ltr'>medii,</span> <span class='ocrx_word' id='word_1_130' title='bbox 1531 1934 1803 2019; x_wconf 88' lang='lat' dir='ltr'>passivi,</span> <span class='ocrx_word' id='word_1_131' title='bbox 1851 1941 1985 2000; x_wconf 89' lang='lat' dir='ltr'>tam</span> <span class='ocrx_word' id='word_1_132' title='bbox 2034 1939 2220 2001; x_wconf 82' lang='lat' dir='ltr'>anxie</span> <span class='ocrx_word' id='word_1_133' title='bbox 2263 1938 2542 2001; x_wconf 76' lang='lat' dir='ltr'>vitarent</span> <span class='ocrx_word' id='word_1_134' title='bbox 2585 1937 2930 2001; x_wconf 88' lang='lat' dir='ltr'>coniuncti·</span> 
     </span>
     <span class='ocr_line' id='line_1_17' title="bbox 548 2040 2928 2127; baseline -0.001 -17"><span class='ocrx_word' id='word_1_135' title='bbox 548 2064 706 2111; x_wconf 83' lang='lat' dir='ltr'>vum</span> <span class='ocrx_word' id='word_1_136' title='bbox 774 2042 993 2108; x_wconf 88' lang='lat' dir='ltr'>aoristi</span> <span class='ocrx_word' id='word_1_137' title='bbox 1053 2040 1088 2106; x_wconf 93' lang='lat' dir='ltr'>I</span> <span class='ocrx_word' id='word_1_138' title='bbox 1147 2042 1344 2107; x_wconf 82' lang='lat' dir='ltr'>activi</span> <span class='ocrx_word' id='word_1_139' title='bbox 1401 2045 1467 2105; x_wconf 90' lang='lat' dir='ltr'>et</span> <span class='ocrx_word' id='word_1_140' title='bbox 1526 2040 1758 2116; x_wconf 84' lang='lat' dir='ltr'>medii,</span> <span class='ocrx_word' id='word_1_141' title='bbox 1809 2045 1920 2127; x_wconf 91' lang='lat' dir='ltr'>qui</span> <span class='ocrx_word' id='word_1_142' title='bbox 1966 2049 2182 2110; x_wconf 90' lang='lat' dir='ltr'>tamen</span> <span class='ocrx_word' id='word_1_143' title='bbox 2228 2045 2500 2108; x_wconf 92' lang='lat' dir='ltr'>aoristus</span> <span class='ocrx_word' id='word_1_144' title='bbox 2546 2043 2758 2108; x_wconf 87' lang='lat' dir='ltr'>forma</span> <span class='ocrx_word' id='word_1_145' title='bbox 2804 2052 2928 2108; x_wconf 91' lang='lat' dir='ltr'>tan-</span> 
     </span>
     <span class='ocr_line' id='line_1_18' title="bbox 548 2144 2927 2237; baseline -0.001 -21"><span class='ocrx_word' id='word_1_146' title='bbox 548 2156 687 2216; x_wconf 89' lang='lat' dir='ltr'>tum</span> <span class='ocrx_word' id='word_1_147' title='bbox 711 2198 729 2233; x_wconf 88' lang='lat'>,</span> <span class='ocrx_word' id='word_1_148' title='bbox 775 2169 899 2214; x_wconf 91' lang='lat' dir='ltr'>non</span> <span class='ocrx_word' id='word_1_149' title='bbox 946 2144 1410 2235; x_wconf 87' lang='lat' dir='ltr'>significatione</span> <span class='ocrx_word' id='word_1_150' title='bbox 1427 2195 1445 2229; x_wconf 87' lang='lat'>,</span> <span class='ocrx_word' id='word_1_151' title='bbox 1496 2146 1574 2211; x_wconf 95' lang='lat' dir='ltr'>ab</span> <span class='ocrx_word' id='word_1_152' title='bbox 1623 2145 1820 2213; x_wconf 89' lang='lat' dir='ltr'>altero</span> <span class='ocrx_word' id='word_1_153' title='bbox 1869 2147 2311 2237; x_wconf 80' lang='lat' dir='ltr'>distinguitur.</span> <span class='ocrx_word' id='word_1_154' title='bbox 2358 2148 2646 2234; x_wconf 83' lang='lat' dir='ltr'>Speciem</span> <span class='ocrx_word' id='word_1_155' title='bbox 2701 2149 2927 2215; x_wconf 87' lang='lat' dir='ltr'>saltem</span> 
     </span>
     <span class='ocr_line' id='line_1_19' title="bbox 548 2252 2927 2342; baseline -0.002 -18"><span class='ocrx_word' id='word_1_156' title='bbox 548 2256 829 2342; x_wconf 83' lang='lat' dir='ltr'>aliquam</span> <span class='ocrx_word' id='word_1_157' title='bbox 892 2275 992 2320; x_wconf 88' lang='lat' dir='ltr'>res</span> <span class='ocrx_word' id='word_1_158' title='bbox 1050 2253 1345 2337; x_wconf 86' lang='lat' dir='ltr'>haberet,</span> <span class='ocrx_word' id='word_1_159' title='bbox 1406 2254 1462 2318; x_wconf 90' lang='lat' dir='ltr'>si</span> <span class='ocrx_word' id='word_1_160' title='bbox 1506 2252 1711 2318; x_wconf 85' lang='lat' dir='ltr'>futuri</span> <span class='ocrx_word' id='word_1_161' title='bbox 1752 2275 1905 2319; x_wconf 89' lang='lat' dir='ltr'>usus</span> <span class='ocrx_word' id='word_1_162' title='bbox 1951 2254 2392 2322; x_wconf 85' lang='lat' dir='ltr'>excluderetur</span> <span class='ocrx_word' id='word_1_163' title='bbox 2436 2258 2503 2320; x_wconf 90' lang='lat' dir='ltr'>in</span> <span class='ocrx_word' id='word_1_164' title='bbox 2550 2258 2631 2321; x_wconf 89' lang='lat' dir='ltr'>iis</span> <span class='ocrx_word' id='word_1_165' title='bbox 2677 2256 2891 2323; x_wconf 83' lang='lat' dir='ltr'>verbis</span> <span class='ocrx_word' id='word_1_166' title='bbox 2909 2303 2927 2338; x_wconf 89' lang='lat'>,</span> 
     </span>
     <span class='ocr_line' id='line_1_20' title="bbox 547 2357 2927 2449; baseline -0.002 -21"><span class='ocrx_word' id='word_1_167' title='bbox 547 2383 709 2449; x_wconf 84' lang='lat' dir='ltr'>quae</span> <span class='ocrx_word' id='word_1_168' title='bbox 769 2360 1005 2426; x_wconf 88' lang='lat' dir='ltr'>habent</span> <span class='ocrx_word' id='word_1_169' title='bbox 1067 2360 1375 2425; x_wconf 87' lang='lat' dir='ltr'>aoristum</span> <span class='ocrx_word' id='word_1_170' title='bbox 1425 2357 1508 2436; x_wconf 87' lang='lat'>11,</span> <span class='ocrx_word' id='word_1_171' title='bbox 1559 2359 1669 2425; x_wconf 90' lang='lat' dir='ltr'>sed</span> <span class='ocrx_word' id='word_1_172' title='bbox 1711 2380 1837 2425; x_wconf 90' lang='lat' dir='ltr'>non</span> <span class='ocrx_word' id='word_1_173' title='bbox 1882 2360 2146 2448; x_wconf 83' lang='lat' dir='ltr'>negabit</span> <span class='ocrx_word' id='word_1_174' title='bbox 2192 2361 2468 2428; x_wconf 83' lang='lat' dir='ltr'>Cobetus</span> <span class='ocrx_word' id='word_1_175' title='bbox 2515 2364 2762 2447; x_wconf 87' lang='lat' dir='ltr'>optime</span> <span class='ocrx_word' id='word_1_176' title='bbox 2811 2362 2927 2427; x_wconf 89' lang='lat' dir='ltr'>dici</span> 
     </span>
     <span class='ocr_line' id='line_1_21' title="bbox 545 2462 2927 2551; baseline -0.001 -17"><span class='ocrx_word' id='word_1_177' title='bbox 545 2464 706 2541; x_wconf 72' lang='grc' dir='ltr'>ὅπως</span> <span class='ocrx_word' id='word_1_178' title='bbox 776 2468 919 2551; x_wconf 70' lang='grc' dir='ltr'><strong>(μὴ)</strong></span> <span class='ocrx_word' id='word_1_179' title='bbox 978 2468 1188 2544; x_wconf 74' lang='grc' dir='ltr'><strong><em>λήσει,</em></strong></span> <span class='ocrx_word' id='word_1_180' title='bbox 1237 2462 1674 2546; x_wconf 67' lang='grc' dir='ltr'>ἀποφεύξεται</span> <span class='ocrx_word' id='word_1_181' title='bbox 1699 2515 1716 2545; x_wconf 87' lang='grc'><strong><em>,</em></strong></span> <span class='ocrx_word' id='word_1_182' title='bbox 1765 2466 2076 2545; x_wconf 71' lang='grc' dir='ltr'>λήψεται,</span> <span class='ocrx_word' id='word_1_183' title='bbox 2131 2468 2640 2550; x_wconf 69' lang='grc' dir='ltr'><strong><em>κατασχήσουσι,</em></strong></span> <span class='ocrx_word' id='word_1_184' title='bbox 2692 2467 2927 2534; x_wconf 87' lang='lat' dir='ltr'>similia</span> 
     </span>
     <span class='ocr_line' id='line_1_22' title="bbox 546 2572 2924 2662; baseline -0 -21"><span class='ocrx_word' id='word_1_185' title='bbox 546 2574 775 2642; x_wconf 86' lang='lat' dir='ltr'>multa.</span> <span class='ocrx_word' id='word_1_186' title='bbox 818 2573 900 2640; x_wconf 78' lang='lat' dir='ltr'>Et</span> <span class='ocrx_word' id='word_1_187' title='bbox 945 2573 1261 2660; x_wconf 90' lang='lat' dir='ltr'>quomodo</span> <span class='ocrx_word' id='word_1_188' title='bbox 1301 2572 1749 2659; x_wconf 87' lang='lat' dir='ltr'>explicandum</span> <span class='ocrx_word' id='word_1_189' title='bbox 1786 2579 2073 2640; x_wconf 85' lang='lat' dir='ltr'>veterum</span> <span class='ocrx_word' id='word_1_190' title='bbox 2112 2578 2677 2662; x_wconf 87' lang='lat' dir='ltr'>grammaticorum</span> <span class='ocrx_word' id='word_1_191' title='bbox 2701 2625 2722 2660; x_wconf 88' lang='lat'>,</span> <span class='ocrx_word' id='word_1_192' title='bbox 2768 2572 2924 2661; x_wconf 87' lang='lat' dir='ltr'>quod</span> 
     </span>
     <span class='ocr_line' id='line_1_23' title="bbox 543 2681 2927 2766; baseline -0 -17"><span class='ocrx_word' id='word_1_193' title='bbox 543 2684 740 2749; x_wconf 88' lang='lat' dir='ltr'>sciam</span> <span class='ocrx_word' id='word_1_194' title='bbox 770 2730 788 2766; x_wconf 73' lang='grc'><em>,</em></span> <span class='ocrx_word' id='word_1_195' title='bbox 855 2682 1183 2747; x_wconf 87' lang='lat' dir='ltr'>neminem</span> <span class='ocrx_word' id='word_1_196' title='bbox 1245 2686 1537 2746; x_wconf 81' lang='lat' dir='ltr'>exortum</span> <span class='ocrx_word' id='word_1_197' title='bbox 1602 2700 1769 2759; x_wconf 84' lang='lat' dir='ltr'>esse,</span> <span class='ocrx_word' id='word_1_198' title='bbox 1819 2683 1932 2765; x_wconf 89' lang='lat' dir='ltr'>qui</span> <span class='ocrx_word' id='word_1_199' title='bbox 1979 2690 2110 2747; x_wconf 89' lang='lat' dir='ltr'>tam</span> <span class='ocrx_word' id='word_1_200' title='bbox 2159 2682 2373 2761; x_wconf 81' lang='lat' dir='ltr'>foedn,</span> <span class='ocrx_word' id='word_1_201' title='bbox 2426 2688 2499 2747; x_wconf 90' lang='lat' dir='ltr'>ut</span> <span class='ocrx_word' id='word_1_202' title='bbox 2545 2681 2790 2749; x_wconf 85' lang='lat' dir='ltr'>Oobeto</span> <span class='ocrx_word' id='word_1_203' title='bbox 2839 2684 2927 2748; x_wconf 84' lang='lat' dir='ltr'>vi·</span> 
     </span>
     <span class='ocr_line' id='line_1_24' title="bbox 547 2786 2926 2872; baseline 0.001 -19"><span class='ocrx_word' id='word_1_204' title='bbox 547 2787 766 2861; x_wconf 88' lang='lat' dir='ltr'>detur,</span> <span class='ocrx_word' id='word_1_205' title='bbox 824 2786 1193 2853; x_wconf 88' lang='lat' dir='ltr'>soloecismo</span> <span class='ocrx_word' id='word_1_206' title='bbox 1241 2786 1688 2852; x_wconf 86' lang='lat' dir='ltr'>abstinendum</span> <span class='ocrx_word' id='word_1_207' title='bbox 1738 2808 1870 2853; x_wconf 87' lang='lat' dir='ltr'>esse</span> <span class='ocrx_word' id='word_1_208' title='bbox 1916 2795 2238 2872; x_wconf 86' lang='lat' dir='ltr'>moneret,</span> <span class='ocrx_word' id='word_1_209' title='bbox 2287 2795 2361 2854; x_wconf 91' lang='lat' dir='ltr'>ut</span> <span class='ocrx_word' id='word_1_210' title='bbox 2406 2788 2625 2855; x_wconf 88' lang='lat' dir='ltr'>sedulo</span> <span class='ocrx_word' id='word_1_211' title='bbox 2669 2789 2926 2856; x_wconf 87' lang='lat' dir='ltr'>hortan-</span> 
     </span>
     <span class='ocr_line' id='line_1_25' title="bbox 546 2890 2925 2980; baseline -0.001 -20"><span class='ocrx_word' id='word_1_212' title='bbox 546 2901 654 2961; x_wconf 83' lang='lat' dir='ltr'>tur</span> <span class='ocrx_word' id='word_1_213' title='bbox 722 2915 802 2961; x_wconf 91' lang='lat' dir='ltr'>ne</span> <span class='ocrx_word' id='word_1_214' title='bbox 873 2895 1017 2979; x_wconf 90' lang='lat' dir='ltr'>quis</span> <span class='ocrx_word' id='word_1_215' title='bbox 1079 2892 1251 2958; x_wconf 83' lang='lat' dir='ltr'>dicat</span> <span class='ocrx_word' id='word_1_216' title='bbox 1310 2892 1400 2969; x_wconf 73' lang='grc' dir='ltr'>μὴ</span> <span class='ocrx_word' id='word_1_217' title='bbox 1460 2892 1656 2975; x_wconf 64' lang='grc' dir='ltr'><strong><em>λέγῃς</em></strong></span> <span class='ocrx_word' id='word_1_218' title='bbox 1723 2900 1834 2959; x_wconf 86' lang='lat' dir='ltr'>aut</span> <span class='ocrx_word' id='word_1_219' title='bbox 1893 2896 1980 2972; x_wconf 71' lang='grc' dir='ltr'>μὴ</span> <span class='ocrx_word' id='word_1_220' title='bbox 2047 2893 2215 2971; x_wconf 75' lang='grc' dir='ltr'><strong><em>εἰπέ,</em></strong></span> <span class='ocrx_word' id='word_1_221' title='bbox 2282 2893 2532 2980; x_wconf 88' lang='lat' dir='ltr'>aliaque</span> <span class='ocrx_word' id='word_1_222' title='bbox 2577 2890 2925 2961; x_wconf 73' lang='lat' dir='ltr'>eiusmodi?</span> 
     </span>
     <span class='ocr_line' id='line_1_26' title="bbox 546 2997 2925 3085; baseline -0.002 -17"><span class='ocrx_word' id='word_1_223' title='bbox 546 2999 913 3069; x_wconf 79' lang='lat' dir='ltr'>Sublestam</span> <span class='ocrx_word' id='word_1_224' title='bbox 985 3020 1117 3065; x_wconf 89' lang='lat' dir='ltr'>esse</span> <span class='ocrx_word' id='word_1_225' title='bbox 1186 2997 1479 3064; x_wconf 90' lang='lat' dir='ltr'>codicum</span> <span class='ocrx_word' id='word_1_226' title='bbox 1554 3020 1748 3065; x_wconf 86' lang='lat' dir='ltr'>manu</span> <span class='ocrx_word' id='word_1_227' title='bbox 1814 3002 2196 3085; x_wconf 88' lang='lat' dir='ltr'>scriptorum</span> <span class='ocrx_word' id='word_1_228' title='bbox 2259 2999 2450 3065; x_wconf 87' lang='lat' dir='ltr'>fidem</span> <span class='ocrx_word' id='word_1_229' title='bbox 2509 3010 2573 3065; x_wconf 82' lang='grc'>61-</span> <span class='ocrx_word' id='word_1_230' title='bbox 2618 3002 2925 3067; x_wconf 85' lang='lat' dir='ltr'>sexcentis</span> 
     </span>
     <span class='ocr_line' id='line_1_27' title="bbox 545 3104 2924 3195; baseline -0 -20"><span class='ocrx_word' id='word_1_231' title='bbox 545 3108 806 3175; x_wconf 88' lang='lat' dir='ltr'>illorum</span> <span class='ocrx_word' id='word_1_232' title='bbox 856 3104 1241 3172; x_wconf 87' lang='lat' dir='ltr'>testimoniis</span> <span class='ocrx_word' id='word_1_233' title='bbox 1278 3104 1442 3169; x_wconf 84' lang='lat' dir='ltr'>nihil</span> <span class='ocrx_word' id='word_1_234' title='bbox 1481 3108 1726 3171; x_wconf 84' lang='lat' dir='ltr'>moveri</span> <span class='ocrx_word' id='word_1_235' title='bbox 1768 3104 2084 3172; x_wconf 84' lang='lat' dir='ltr'>Cobetum</span> <span class='ocrx_word' id='word_1_236' title='bbox 2126 3128 2325 3193; x_wconf 87' lang='lat' dir='ltr'>quum</span> <span class='ocrx_word' id='word_1_237' title='bbox 2365 3106 2537 3173; x_wconf 89' lang='lat' dir='ltr'>haud</span> <span class='ocrx_word' id='word_1_238' title='bbox 2571 3108 2924 3195; x_wconf 84' lang='lat' dir='ltr'>ignorarem</span> 
     </span>
     <span class='ocr_line' id='line_1_28' title="bbox 543 3211 2924 3302; baseline -0.001 -20"><span class='ocrx_word' id='word_1_239' title='bbox 543 3218 612 3282; x_wconf 86' lang='lat' dir='ltr'>in</span> <span class='ocrx_word' id='word_1_240' title='bbox 675 3215 969 3298; x_wconf 60' lang='lat' dir='ltr'>Lapidem</span> <span class='ocrx_word' id='word_1_241' title='bbox 1034 3213 1109 3276; x_wconf 79' lang='lat' dir='ltr'>de</span> <span class='ocrx_word' id='word_1_242' title='bbox 1156 3212 1407 3275; x_wconf 75' lang='lat' dir='ltr'>dialecto</span> <span class='ocrx_word' id='word_1_243' title='bbox 1455 3211 1661 3277; x_wconf 73' lang='lat' dir='ltr'>Attica</span> <span class='ocrx_word' id='word_1_244' title='bbox 1708 3212 2067 3277; x_wconf 74' lang='lat' dir='ltr'>testimoniis</span> <span class='ocrx_word' id='word_1_245' title='bbox 2111 3235 2259 3302; x_wconf 86' lang='lat' dir='ltr'>pag.</span> <span class='ocrx_word' id='word_1_246' title='bbox 2312 3214 2398 3278; x_wconf 85' lang='lat'>&#39;74</span> <span class='ocrx_word' id='word_1_247' title='bbox 2445 3213 2687 3299; x_wconf 85' lang='lat' dir='ltr'>protuli</span> <span class='ocrx_word' id='word_1_248' title='bbox 2735 3216 2924 3281; x_wconf 81' lang='lat' dir='ltr'>bonae</span> 
     </span>
     <span class='ocr_line' id='line_1_29' title="bbox 544 3315 2920 3402; baseline 0 -12"><span class='ocrx_word' id='word_1_249' title='bbox 544 3324 770 3390; x_wconf 78' lang='lat' dir='ltr'>aetatis</span> <span class='ocrx_word' id='word_1_250' title='bbox 816 3318 1089 3385; x_wconf 87' lang='lat' dir='ltr'>titulum</span> <span class='ocrx_word' id='word_1_251' title='bbox 1135 3315 1432 3383; x_wconf 84' lang='lat' dir='ltr'>Atticum</span> <span class='ocrx_word' id='word_1_252' title='bbox 1484 3316 1570 3382; x_wconf 87' lang='lat' dir='ltr'>H.</span> <span class='ocrx_word' id='word_1_253' title='bbox 1627 3316 1708 3385; x_wconf 83' lang='lat'>1¹7</span> <span class='ocrx_word' id='word_1_254' title='bbox 1758 3317 2206 3397; x_wconf 66' lang='grc' dir='ltr'>ἐπιμελεῖσθαι</span> <span class='ocrx_word' id='word_1_255' title='bbox 2235 3358 2320 3370; x_wconf 91' lang='grc'>-</span> <span class='ocrx_word' id='word_1_256' title='bbox 2347 3345 2552 3394; x_wconf 78' lang='grc' dir='ltr'><strong><em>οπως</em></strong></span> <span class='ocrx_word' id='word_1_257' title='bbox 2599 3320 2920 3402; x_wconf 65' lang='grc' dir='ltr'><strong><em>Ἀρύββας</em></strong></span> 
     </span>
     <span class='ocr_line' id='line_1_30' title="bbox 543 3424 2922 3514; baseline -0.002 -19"><span class='ocrx_word' id='word_1_258' title='bbox 543 3428 650 3496; x_wconf 75' lang='grc' dir='ltr'>καὶ</span> <span class='ocrx_word' id='word_1_259' title='bbox 713 3428 762 3494; x_wconf 81' lang='grc' dir='ltr'>οἱ</span> <span class='ocrx_word' id='word_1_260' title='bbox 822 3424 1043 3497; x_wconf 76' lang='grc' dir='ltr'><em>παῖδες</em></span> <span class='ocrx_word' id='word_1_261' title='bbox 1109 3425 1300 3488; x_wconf 76' lang='grc' dir='ltr'><strong><em>αὑτοῦ</em></strong></span> <span class='ocrx_word' id='word_1_262' title='bbox 1349 3427 1864 3501; x_wconf 73' lang='grc' dir='ltr'><strong><em>κομίσωνται</em></strong></span> <span class='ocrx_word' id='word_1_263' title='bbox 1914 3427 2066 3511; x_wconf 66' lang='grc' dir='ltr'><strong>πετὲ,</strong></span> <span class='ocrx_word' id='word_1_264' title='bbox 2115 3426 2222 3493; x_wconf 87' lang='lat' dir='ltr'>sed</span> <span class='ocrx_word' id='word_1_265' title='bbox 2271 3448 2473 3512; x_wconf 85' lang='lat' dir='ltr'>nuper</span> <span class='ocrx_word' id='word_1_266' title='bbox 2518 3425 2739 3514; x_wconf 86' lang='lat' dir='ltr'>legens</span> <span class='ocrx_word' id='word_1_267' title='bbox 2785 3425 2922 3513; x_wconf 89' lang='lat' dir='ltr'>pul·</span> 
     </span>
     <span class='ocr_line' id='line_1_31' title="bbox 544 3526 2922 3621; baseline -0.001 -19"><span class='ocrx_word' id='word_1_268' title='bbox 544 3535 727 3602; x_wconf 88' lang='lat' dir='ltr'>chras</span> <span class='ocrx_word' id='word_1_269' title='bbox 788 3529 1014 3599; x_wconf 86' lang='lat' dir='ltr'>Cobeti</span> <span class='ocrx_word' id='word_1_270' title='bbox 1073 3530 1140 3593; x_wconf 90' lang='lat' dir='ltr'>in</span> <span class='ocrx_word' id='word_1_271' title='bbox 1188 3526 1656 3614; x_wconf 82' lang='lat' dir='ltr'>Antiphontem</span> <span class='ocrx_word' id='word_1_272' title='bbox 1705 3530 2140 3598; x_wconf 85' lang='lat' dir='ltr'>adnotationes</span> <span class='ocrx_word' id='word_1_273' title='bbox 2185 3532 2352 3598; x_wconf 87' lang='lat' dir='ltr'>nihil</span> <span class='ocrx_word' id='word_1_274' title='bbox 2398 3554 2604 3621; x_wconf 73' lang='lat' dir='ltr'>egisse</span> <span class='ocrx_word' id='word_1_275' title='bbox 2647 3555 2755 3600; x_wconf 87' lang='lat' dir='ltr'>me</span> <span class='ocrx_word' id='word_1_276' title='bbox 2799 3531 2922 3599; x_wconf 86' lang='lat' dir='ltr'>ani·</span> 
     </span>
     <span class='ocr_line' id='line_1_32' title="bbox 544 3634 2923 3724; baseline -0.004 -13"><span class='ocrx_word' id='word_1_277' title='bbox 544 3641 887 3710; x_wconf 79' lang='lat' dir='ltr'>madverti:</span> <span class='ocrx_word' id='word_1_278' title='bbox 960 3635 1071 3722; x_wconf 83' lang='lat' dir='ltr'>„In</span> <span class='ocrx_word' id='word_1_279' title='bbox 1140 3640 1315 3702; x_wconf 84' lang='lat' dir='ltr'>tanto</span> <span class='ocrx_word' id='word_1_280' title='bbox 1375 3634 1870 3721; x_wconf 86' lang='lat' dir='ltr'>Inscriptionum</span> <span class='ocrx_word' id='word_1_281' title='bbox 1921 3640 2285 3706; x_wconf 87' lang='lat' dir='ltr'>Atticarum</span> <span class='ocrx_word' id='word_1_282' title='bbox 2331 3639 2642 3724; x_wconf 88' lang='lat' dir='ltr'>numero‚’</span> <span class='ocrx_word' id='word_1_283' title='bbox 2650 3639 2923 3707; x_wconf 82' lang='lat' dir='ltr'>’scribit</span> 
     </span>
     <span class='ocr_line' id='line_1_33' title="bbox 545 3744 2919 3835; baseline -0.003 -22"><span class='ocrx_word' id='word_1_284' title='bbox 545 3750 648 3816; x_wconf 84' lang='lat' dir='ltr'>vir</span> <span class='ocrx_word' id='word_1_285' title='bbox 694 3747 993 3835; x_wconf 86' lang='lat' dir='ltr'>egregius</span> <span class='ocrx_word' id='word_1_286' title='bbox 1042 3766 1203 3821; x_wconf 78' lang='lat' dir='ltr'>„una</span> <span class='ocrx_word' id='word_1_287' title='bbox 1252 3750 1338 3807; x_wconf 66' lang='lat' dir='ltr'>ent</span> <span class='ocrx_word' id='word_1_288' title='bbox 1387 3751 1561 3828; x_wconf 72' lang='lat' dir='ltr'>atque</span> <span class='ocrx_word' id='word_1_289' title='bbox 1606 3744 1789 3808; x_wconf 73' lang='lat' dir='ltr'>unica</span> <span class='ocrx_word' id='word_1_290' title='bbox 1836 3765 2033 3830; x_wconf 89' lang='lat' dir='ltr'>eaque</span> <span class='ocrx_word' id='word_1_291' title='bbox 2079 3745 2376 3811; x_wconf 90' lang='lat' dir='ltr'>mendose</span> <span class='ocrx_word' id='word_1_292' title='bbox 2422 3748 2657 3832; x_wconf 87' lang='lat' dir='ltr'>scripta</span> <span class='ocrx_word' id='word_1_293' title='bbox 2695 3747 2919 3832; x_wconf 47' lang='lat' dir='ltr'>&amp;elicio</span> 
     </span>
     <span class='ocr_line' id='line_1_34' title="bbox 544 3847 2919 3941; baseline -0.001 -25"><span class='ocrx_word' id='word_1_294' title='bbox 544 3853 833 3941; x_wconf 73' lang='lat' dir='ltr'>principii</span> <span class='ocrx_word' id='word_1_295' title='bbox 881 3858 978 3916; x_wconf 91' lang='lat' dir='ltr'>est</span> <span class='ocrx_word' id='word_1_296' title='bbox 998 3898 1013 3925; x_wconf 90' lang='lat'>,</span> <span class='ocrx_word' id='word_1_297' title='bbox 1062 3850 1228 3934; x_wconf 90' lang='lat' dir='ltr'>quod</span> <span class='ocrx_word' id='word_1_298' title='bbox 1278 3850 1506 3935; x_wconf 87' lang='lat' dir='ltr'>aiunt],</span> <span class='ocrx_word' id='word_1_299' title='bbox 1558 3850 1671 3916; x_wconf 91' lang='lat' dir='ltr'>ubi</span> <span class='ocrx_word' id='word_1_300' title='bbox 1719 3849 1879 3923; x_wconf 77' lang='grc' dir='ltr'><strong><em>ὅπως</em></strong></span> <span class='ocrx_word' id='word_1_301' title='bbox 1927 3872 2073 3917; x_wconf 88' lang='grc'><strong>611111</strong></span> <span class='ocrx_word' id='word_1_302' title='bbox 2138 3854 2538 3918; x_wconf 88' lang='lat' dir='ltr'>coniunctivo</span> <span class='ocrx_word' id='word_1_303' title='bbox 2591 3850 2833 3918; x_wconf 87' lang='lat' dir='ltr'>Aoristi</span> <span class='ocrx_word' id='word_1_304' title='bbox 2887 3847 2919 3913; x_wconf 96' lang='lat' dir='ltr'>I</span> 
     </span>
     <span class='ocr_line' id='line_1_35' title="bbox 550 3955 2918 4046; baseline -0.003 -19"><span class='ocrx_word' id='word_1_305' title='bbox 550 3961 977 4046; x_wconf 84' lang='lat' dir='ltr'>compositum</span> <span class='ocrx_word' id='word_1_306' title='bbox 1048 3955 1397 4033; x_wconf 85' lang='lat' dir='ltr'>videmus”,</span> <span class='ocrx_word' id='word_1_307' title='bbox 1463 3958 1680 4042; x_wconf 89' lang='lat' dir='ltr'>itaque</span> <span class='ocrx_word' id='word_1_308' title='bbox 1743 3958 2042 4023; x_wconf 86' lang='lat' dir='ltr'>audacter</span> <span class='ocrx_word' id='word_1_309' title='bbox 2102 3965 2247 4023; x_wconf 87' lang='lat' dir='ltr'>ante</span> <span class='ocrx_word' id='word_1_310' title='bbox 2306 3957 2637 4038; x_wconf 77' lang='grc' dir='ltr'><strong><em>Ἀρύββας</em></strong></span> <span class='ocrx_word' id='word_1_311' title='bbox 2695 3959 2771 4024; x_wconf 91' lang='lat' dir='ltr'>de</span> <span class='ocrx_word' id='word_1_312' title='bbox 2815 3974 2918 4022; x_wconf 89' lang='lat' dir='ltr'>suo</span> 
     </span>
     <span class='ocr_line' id='line_1_36' title="bbox 542 4062 2914 4150; baseline -0.005 -13"><span class='ocrx_word' id='word_1_313' title='bbox 542 4069 767 4137; x_wconf 89' lang='lat' dir='ltr'>inserit</span> <span class='ocrx_word' id='word_1_314' title='bbox 827 4062 922 4129; x_wconf 79' lang='grc' dir='ltr'>ἄν.</span> <span class='ocrx_word' id='word_1_315' title='bbox 1002 4065 1106 4129; x_wconf 90' lang='lat' dir='ltr'>.At</span> <span class='ocrx_word' id='word_1_316' title='bbox 1169 4082 1292 4129; x_wconf 90' lang='lat' dir='ltr'>non</span> <span class='ocrx_word' id='word_1_317' title='bbox 1355 4066 1677 4147; x_wconf 83' lang='lat' dir='ltr'>reputavit</span> <span class='ocrx_word' id='word_1_318' title='bbox 1740 4065 1949 4149; x_wconf 86' lang='lat' dir='ltr'>primo</span> <span class='ocrx_word' id='word_1_319' title='bbox 2011 4066 2202 4130; x_wconf 87' lang='lat' dir='ltr'>etiam</span> <span class='ocrx_word' id='word_1_320' title='bbox 2253 4064 2482 4129; x_wconf 89' lang='lat' dir='ltr'>Futuri</span> <span class='ocrx_word' id='word_1_321' title='bbox 2527 4064 2814 4150; x_wconf 85' lang='lat' dir='ltr'>exempla</span> <span class='ocrx_word' id='word_1_322' title='bbox 2857 4063 2914 4126; x_wconf 87' lang='lat' dir='ltr'>in</span> 
     </span>
     <span class='ocr_line' id='line_1_37' title="bbox 544 4169 2915 4254; baseline -0.005 -11"><span class='ocrx_word' id='word_1_323' title='bbox 544 4174 790 4250; x_wconf 86' lang='lat' dir='ltr'>titulis,</span> <span class='ocrx_word' id='word_1_324' title='bbox 853 4178 929 4236; x_wconf 89' lang='lat' dir='ltr'>ut</span> <span class='ocrx_word' id='word_1_325' title='bbox 985 4171 1078 4237; x_wconf 89' lang='lat' dir='ltr'>ibi</span> <span class='ocrx_word' id='word_1_326' title='bbox 1126 4169 1409 4246; x_wconf 86' lang='lat' dir='ltr'>ostendi,</span> <span class='ocrx_word' id='word_1_327' title='bbox 1460 4190 1593 4234; x_wconf 90' lang='lat' dir='ltr'>esse</span> <span class='ocrx_word' id='word_1_328' title='bbox 1640 4191 1893 4254; x_wconf 86' lang='lat' dir='ltr'>perrara</span> <span class='ocrx_word' id='word_1_329' title='bbox 1915 4221 1931 4241; x_wconf 92' lang='lat'>.</span> <span class='ocrx_word' id='word_1_330' title='bbox 1983 4170 2206 4236; x_wconf 91' lang='lat' dir='ltr'>deinde</span> <span class='ocrx_word' id='word_1_331' title='bbox 2254 4170 2405 4236; x_wconf 88' lang='lat' dir='ltr'>licet</span> <span class='ocrx_word' id='word_1_332' title='bbox 2450 4172 2763 4236; x_wconf 84' lang='lat' dir='ltr'>erroribus</span> <span class='ocrx_word' id='word_1_333' title='bbox 2804 4186 2915 4233; x_wconf 92' lang='lat' dir='ltr'>non</span> 
     </span>
     <span class='ocr_line' id='line_1_38' title="bbox 547 4274 2915 4364; baseline -0.005 -16"><span class='ocrx_word' id='word_1_334' title='bbox 547 4288 773 4348; x_wconf 84' lang='lat' dir='ltr'>vacent</span> <span class='ocrx_word' id='word_1_335' title='bbox 825 4276 1339 4364; x_wconf 86' lang='lat' dir='ltr'>(orthographica</span> <span class='ocrx_word' id='word_1_336' title='bbox 1387 4282 1537 4340; x_wconf 87' lang='lat' dir='ltr'>sunt</span> <span class='ocrx_word' id='word_1_337' title='bbox 1586 4282 1652 4340; x_wconf 87' lang='lat' dir='ltr'>et</span> <span class='ocrx_word' id='word_1_338' title='bbox 1697 4275 1942 4342; x_wconf 90' lang='lat' dir='ltr'>nullius</span> <span class='ocrx_word' id='word_1_339' title='bbox 1983 4279 2297 4342; x_wconf 89' lang='lat' dir='ltr'>momenti</span> <span class='ocrx_word' id='word_1_340' title='bbox 2333 4297 2491 4361; x_wconf 90' lang='lat' dir='ltr'>quae</span> <span class='ocrx_word' id='word_1_341' title='bbox 2530 4277 2711 4343; x_wconf 84' lang='lat' dir='ltr'>affert</span> <span class='ocrx_word' id='word_1_342' title='bbox 2734 4274 2915 4343; x_wconf 89' lang='lat' dir='ltr'>Cobet</span> 
     </span>
     <span class='ocr_line' id='line_1_39' title="bbox 544 4379 2913 4472; baseline -0.002 -22"><span class='ocrx_word' id='word_1_343' title='bbox 544 4387 677 4457; x_wconf 82' lang='lat' dir='ltr'>Mn.</span> <span class='ocrx_word' id='word_1_344' title='bbox 727 4383 877 4451; x_wconf 88' lang='lat' dir='ltr'>VIII</span> <span class='ocrx_word' id='word_1_345' title='bbox 923 4404 1071 4472; x_wconf 84' lang='lat' dir='ltr'>pag.</span> <span class='ocrx_word' id='word_1_346' title='bbox 1120 4380 1306 4465; x_wconf 80' lang='lat'>275),</span> <span class='ocrx_word' id='word_1_347' title='bbox 1354 4384 1793 4468; x_wconf 87' lang='lat' dir='ltr'>inscriptiones</span> <span class='ocrx_word' id='word_1_348' title='bbox 1842 4389 2055 4449; x_wconf 87' lang='lat' dir='ltr'>tamen</span> <span class='ocrx_word' id='word_1_349' title='bbox 2101 4385 2427 4469; x_wconf 87' lang='lat' dir='ltr'>antiquas,</span> <span class='ocrx_word' id='word_1_350' title='bbox 2478 4386 2532 4449; x_wconf 90' lang='lat' dir='ltr'>si</span> <span class='ocrx_word' id='word_1_351' title='bbox 2580 4405 2724 4450; x_wconf 88' lang='lat' dir='ltr'>cum</span> <span class='ocrx_word' id='word_1_352' title='bbox 2769 4379 2913 4467; x_wconf 88' lang='lat' dir='ltr'>opti-</span> 
     </span>
    </p>
   </div>
   <div class='ocr_carea' id='block_1_3' title="bbox 3120 2725 3132 4917">
    <p class='ocr_par' dir='ltr' id='par_1_4' title="bbox 3120 2725 3132 4917">
     <span class='ocr_line' id='line_1_40' title="bbox 3120 2725 3132 4917; baseline 0 0"><span class='ocrx_word' id='word_1_353' title='bbox 3120 2725 3132 4917; x_wconf 95' lang='lat' dir='ltr'> </span> 
     </span>
    </p>
   </div>
  </div>
 </body>
</html>
