3192 5017
620 291 752 358 382
1570 314 2066 363 Amswmmas.

707 484 1007 550 Nondum
1061 483 1426 550 intellectus
1474 486 1600 549 fuit
1648 505 1746 549 vs.
1801 483 1967 551 1¹72:

1826 594 1902 664 ὡς
1953 594 2021 669 ἥν
2069 617 2128 660 τι
2178 594 2379 659 πεσών

1261 696 1489 762 ἐνθένδε
1540 697 1753 763 πάθω.
1805 701 2032 777 τούμοῦ
2078 699 2341 767 θανάτου

1256 804 1442 869 πέντε
1490 805 1759 868 τάλανθ’
1809 807 1842 880 ἦ
1896 804 2075 878 πόλις
2129 810 2162 882 ἦ
2214 808 2412 873 Χίων

1255 910 1353 975 διὰ
1401 913 1503 977 τὸν
1554 914 1660 977 σὸν
1706 913 1977 992 πρωκτὸν
2026 914 2397 993 ὀφλήσει.

620 1019 941 1100 Quantum
995 1021 1314 1103 comperi,
1362 1038 1551 1083 nemo
1597 1018 1924 1104 hueusque
1986 1019 2290 1108 indagare
2342 1022 2586 1105 potuit,
2651 1041 2762 1085 eur
2818 1018 2975 1086 Chio-

614 1146 759 1190 rum
832 1124 938 1190 hie
1011 1124 1122 1189 fiat
1195 1127 1455 1190 mentio.
1549 1123 1833 1191 Tandem
1897 1124 2158 1191 Florens
2221 1124 2624 1193 Christianus
2685 1129 2856 1212 quasi
2914 1127 2974 1191 ad

615 1234 843 1298 incitas
911 1230 1238 1309 redactus,
1308 1230 1472 1295 nihil
1543 1252 1741 1316 aeque
1814 1237 2107 1298 metuens
2176 1254 2366 1318 quam
2431 1254 2508 1298 ne
2571 1236 2970 1321 ignorantiam

613 1337 893 1424 profiteri
943 1338 1257 1422 videatur,
1310 1337 1692 1422 „fortassis'’‚
1740 1340 1989 1423 inquit.
2044 1341 2282 1415 „etiam
2331 1360 2441 1424 per
2484 1359 2718 1405 nomen
2767 1336 2970 1405 Chium

616 1445 848 1512 alludit
893 1446 972 1511 ad
1021 1443 1320 1525 χέζοντας
1339 1491 1357 1523 ,
1406 1444 1575 1529 quod
1615 1445 1840 1526 qallico
1885 1445 2166 1509 idiomate
2208 1465 2476 1530 pronum
2527 1452 2627 1510 est
2666 1450 2730 1510 et
2768 1443 2969 1509 faesse'.

615 1552 739 1617 Sed
800 1550 947 1618 Chii
994 1550 1155 1615 nihil
1206 1557 1722 1616 commeruerunt
1768 1572 1881 1615 cur
1924 1571 2155 1616 nomen
2202 1552 2485 1617 civitatis
2532 1573 2683 1615 eum
2731 1550 2970 1635 sterqui-

615 1658 772 1723 linio
820 1663 1323 1743 componeretur.
1377 1656 1626 1721 Χαόνων
1676 1664 1891 1723 autem
1943 1664 2040 1722 est
2083 1658 2149 1722 in
2199 1655 2575 1742 Thesprotia
2621 1657 2882 1744 populus
2919 1663 2971 1721 et

615 1766 1077 1846 χαυνοπολίτας
1128 1762 1582 1848 Aristophanes
1629 1763 1978 1848 appellavit
2028 1763 2300 1831 Acharn.
2352 1762 2482 1829 635
2532 1768 2598 1830 et
2652 1765 2969 1845 χαυνοπρώ-

615 1893 793 1942 κτους
859 1869 1097 1942 Ἰάονας
1146 1868 1440 1935 Achata.
1506 1867 1634 1934 106
1694 1876 1759 1934 et
1805 1870 2002 1933 nimis
2049 1872 2243 1934 etiam
2295 1869 2480 1936 facile
2528 1870 2964 1958 intelligimus:

1888 1977 2116 2051 τούμοῦ
2170 1975 2433 2042 θανάτου

1165 2083 1351 2149 πέντε
1398 2080 1661 2147 τάλανθ’
1713 2083 1746 2156 ἡ
1796 2082 1977 2153 πόλις
2025 2084 2059 2156 ἦ
2110 2083 2433 2148 Χαόνων
3119 2066 3120 2087 ¹

1160 2190 1261 2255 διὰ
1310 2190 1411 2255 τὸν
1461 2187 1564 2254 σὸν
1615 2188 1884 2269 πρωκτὸν
1933 2188 2217 2268 ὀφλήσει.

703 2409 1054 2493 Postquam
1115 2405 1447 2492 Trygaeus
1508 2405 1575 2468 in
1641 2401 1887 2468 coelum
1951 2400 2305 2479 adscendit,
2374 2408 2561 2489 rogat
2607 2401 2962 2469 Mercurium

614 2522 687 2582 ut
747 2515 870 2580 sibi
928 2513 1150 2578 Iovem
1213 2511 1546 2576 convenire
1606 2507 1831 2591 liceat,
1880 2507 2284 2573 Atlantiades
2331 2514 2547 2573 autem
2593 2516 2804 2574 narrat
2843 2501 2993 2572 deos

611 2622 737 2688 alio
784 2623 1092 2709 migrasse
1140 2638 1232 2685 vs.
1283 2612 1448 2681 19¹7:

1152 2723 1394 2805 φροῦδοι
1441 2721 1567 2801 γὰρ
1617 2720 1794 2799 ἐχθές
1842 2721 2050 2784 εἰσιν
2097 2717 2519 2799 ἐξῳκισμένοι,

609 2837 718 2903 sed
763 2835 915 2920 quia
961 2831 1294 2919 Trygaeus
1343 2829 1556 2915 pergit
1603 2829 2029 2912 interrogare:

1056 2944 1183 3009 πῶς
1232 2933 1328 3002 οὖν
1369 2934 1444 2999 σὺ
1492 2933 1625 3006 δῆτ’
1675 2933 1939 2996 ἐνταῦθα
1982 2934 2397 3013 κατελείφθης
2442 2933 2662 3010 μόνοςς

609 3053 867 3135 apparet
914 3042 1386 3113 rescribendum
1435 3061 1603 3106 esse:

1064 3149 1305 3230 φροῦδοι
1356 3148 1484 3227 γὰρ
1532 3147 1711 3226 ἐχθὲς
1760 3143 2061 3218 πάντες
2113 3144 2513 3226 ἐξῳκισμένοι.

695 3367 1055 3434 Mercurius
1101 3369 1315 3430 autem
1366 3362 1633 3427 domum
1679 3381 1927 3426 servare
1975 3360 2277 3427 debebat:

1154 3471 1239 3535 τὰ
1286 3470 1476 3533 λοιποὶ
1524 3473 1679 3547 τηρῶ
1728 3466 2020 3548 σκευάρια
2066 3466 2154 3532 τα
2202 3473 2318 3532 τῶν
2365 3471 2527 3546 θεῶν,

1154 3576 1441 3659 χυτρίδια
1491 3575 1595 3639 καὶ
1646 3574 1982 3639 σανίδια
2032 3574 2472 3655 κάμφορείδια.

608 3689 785 3771 Quae
829 3692 979 3752 sunt
1023 3683 1139 3750 illa
1186 3682 1458 3760 σανίδια;
1510 3681 2026 3746 Numeranturne
2073 3681 2313 3753 σανίδες
2365 3685 2530 3747 inter
2577 3709 2667 3748 τα
2706 3687 2880 3755 σκεύη
2913 3688 2966 3745 st

604 3796 918 3881 reliquam
981 3785 1478 3878 supellectilem?
1543 3786 1843 3852 Solentne
1906 3787 2077 3852 fures
2125 3788 2384 3854 absente
2431 3790 2691 3856 domino
2734 3790 2962 3857 σανίδας

606 3897 900 3988 captare?
946 3898 1154 3965 Nemo
1201 3897 1457 3962 dixerit.
1507 3895 1715 3981 Lege.

1152 4003 1304 4080 αμί
1320 4002 1451 4067 δια
1503 4003 1607 4065 καὶ
1659 4000 1949 4082 χυτρίδια
1998 4001 2432 4082 κάμφορείδια.

605 4114 735 4181 Hie
799 4112 1131 4180 commode
1191 4108 1286 4176 M.
1351 4109 1621 4173 Antonii
1672 4107 1840 4171 mihi
1886 4109 1952 4171 in
2002 4113 2283 4172 mentem
2333 4108 2540 4184 vehit,
2593 4109 2674 4175 de
2719 4129 2836 4194 quo
2877 4104 2962 4170 Gi·

607 4242 748 4289 oero
797 4224 864 4285 in
915 4217 1189 4284 secunda
1233 4214 1594 4300 Philippica
1642 4214 1747 4277 25.
1802 4211 1920 4279 63:
1981 4214 2058 4277 In
2098 4222 2262 4279 coetu
2303 4238 2437 4280 vero
2463 4217 2681 4299 populi
2715 4211 2959 4283 Romani,

608 4332 899 4410 noyotium
935 4325 1239 4408 publicum
1275 4343 1518 4403 μεινεκε,
1568 4321 1847 4401 πιαῃίείει·
1884 4321 2182 4405 equilum,
2219 4323 2318 4384 cui
2368 4331 2608 4387 ructare
2657 4331 2820 4404 turpe
2868 4327 2958 4387 et!-

606 4437 661 4499 is
726 4456 953 4497 vomens
1006 4430 1238 4514 fruetis
1300 4428 1615 4491 esculentis
1675 4429 1869 4490 vinum
1936 4428 2337 4491 redolentibus
2393 4431 2680 4509 yremium
2721 4450 2875 4491 suunt
2913 4428 2960 4485 d
