3192 5017
620 281 755 348 210
1576 301 1685 349 mo
1731 300 2008 351 cssslus.

1075 470 1295 546 ὕδατος
1342 472 1627 552 ἀπέφθου
1675 473 1926 539 κύαθον·
1974 472 2052 538 ἂν
2097 474 2150 539 δ’
2197 471 2360 551 ὠμὸν
2405 474 2514 555 πίῃ

1070 579 1238 659 βαρὺ
1287 577 1392 643 καὶ
1441 578 1726 652 κοπῶδες.

709 792 836 859 Dio
883 791 1057 860 Cass·
1108 792 1214 859 66.
1269 792 1372 859 16.
1424 797 1455 858 δ
1503 793 1774 871 Σαβῖνος
1823 794 2043 867 ἐκεῖνος
2104 831 2181 841 -
2232 793 2260 858 ὅ
2310 794 2371 865 ἐς
2424 794 2492 857 τὸ
2544 802 2862 870 μνημεῖον
2917 816 3008 856 κα·

617 901 990 980 τακρυφθεὶς
1062 900 1520 981 ἐφΑΝΕΡΩθη
1589 923 1659 963 τε
1729 900 1832 965 καὶ
1907 901 1965 971 ἐς
2030 900 2140 973 τὴν
2201 901 2438 977 Ῥώμην
2502 900 2788 979 ἀνήχθη.
2882 896 3008 963 Non

618 1010 917 1092 congruit
960 1004 1085 1071 loci
1131 1006 1480 1072 sententiae
1527 1006 1794 1073 verbum
1841 1011 2138 1087 φανεροῦν
2172 1006 2383 1088 palam
2414 1005 2678 1089 facere,
2740 1005 2852 1071 sed
2902 1024 3010 1070 cor·

616 1111 960 1198 rig-endum
1008 1111 1373 1192 ἒφΩΡΑθη.

709 1213 986 1282 Omnino
1045 1218 1313 1285 verbum
1377 1221 1675 1297 φανεροῦν
1733 1215 1991 1282 Graecis
2053 1216 2521 1301 antiquioribus
2570 1218 2890 1282 omnibus
2932 1217 3011 1280 in·

618 1321 915 1387 auditum
979 1329 1075 1388 est
1093 1371 1109 1401 ,
1159 1327 1271 1408 qui
1317 1328 1674 1388 constanter
1719 1327 1783 1387 et
1827 1322 2339 1406 frequentissime
2388 1342 2461 1387 eo
2512 1342 2717 1388 sensu
2769 1320 3011 1405 φανερὸν

619 1435 812 1493 ποιεῖν
858 1427 1172 1494 dicebant.

711 1639 835 1706 Dio
896 1638 1073 1707 Cass.
1139 1638 1244 1706 76.
1314 1638 1377 1704 9.
1430 1642 1486 1703 l.
1551 1636 1705 1704 οὕτω
1754 1638 1859 1703 καὶ
1907 1639 1935 1703 ὅ
1982 1646 2410 1718 Μαρκελλῖνος
2463 1639 2637 1706 ἐοὶλω
2691 1643 3010 1723 φαλακροῦ

619 1747 1062 1827 παρακύψεως.
1122 1734 1319 1811 Ludit
1362 1748 1431 1810 in
1474 1744 1806 1831 proverbio
1844 1748 2035 1809 Ὄνου
2083 1745 2506 1826 παρακύψεως
2558 1747 2746 1832 apud
2794 1746 3004 1813 Zenob.

620 1851 697 1918 V.
749 1851 856 1918 39.

708 2066 905 2153 Apud
966 2064 1229 2131 D1omm
1290 2062 1477 2129 Cass.
1546 2060 1653 2129 77.
1715 2064 1773 2126 4.
1844 2060 1905 2127 3.
1970 2062 2212 2128 milites
2271 2084 2308 2128 a
2354 2062 2704 2132 Caracalla
2756 2064 3006 2132 immissi

618 2172 911 2241 Cilonem
973 2173 1232 2256 rapiunt
1293 2176 1644 2234 KAAI'IAC
1705 2166 2170 2244 ὑποδεδεμένον,
2237 2172 2298 2234 ἐν
2362 2170 2705 2255 βαλανείῳ
2774 2175 2898 2252 γὰρ
2949 2170 3008 2233 ὢν

617 2275 866 2358 ἔτυχεν.
979 2276 1327 2343 Salmasius
1395 2276 1845 2359 intempestiva
1906 2273 2258 2339 eruditione
2313 2275 2620 2360 ineptum
2679 2285 3006 2346 KAAHAC

618 2390 865 2450 tuetur:
934 2405 1067 2448 esse
1126 2384 1298 2447 enim
1346 2382 1569 2445 calceos
1616 2381 1838 2460 liqneos
1857 2427 1873 2456 ,
1920 2378 2028 2444 sed
2073 2400 2197 2445 non
2244 2382 2564 2467 cogitavit
2631 2388 3002 2451 rusticorum

622 2512 755 2557 esse
808 2476 882 2556 ¹et
946 2489 1104 2556 olim
1168 2493 1232 2553 et
1286 2507 1455 2551 nunc
1516 2486 1636 2549 hoc
1700 2484 2113 2550 calceamenti
2159 2506 2397 2573 genus,
2454 2488 2569 2554 sed
2623 2492 3002 2558 consularem

615 2597 832 2663 virum
878 2598 945 2660 in
992 2593 1219 2659 balneo
1266 2612 1391 2657 non
1437 2591 1539 2655 his
1585 2591 1693 2655 sed
1737 2591 1914 2654 soleis
1958 2593 2078 2655 uti.
2173 2588 2594 2658 Casaubonus
2647 2618 2882 2663 verum
2922 2597 3000 2661 vi·
3093 2638 3094 2643 κ

617 2703 714 2768 dit
772 2708 1177 2768 BAATTAC
1239 2717 1578 2782 reponens,
1641 2694 1750 2760 sed
1797 2703 1968 2760 certa
2014 2700 2077 2759 et
2124 2695 2382 2761 evidens
2431 2702 2819 2768 emendatio
2862 2721 2998 2786 sper·

614 2811 810 2873 nitur.
906 2806 1095 2892 Apud
1157 2801 1429 2868 Dionem
1493 2800 1600 2866 43.
1664 2799 1772 2864 22.
1843 2798 2063 2864 Caesar
2128 2824 2201 2863 εει·
2258 2804 2533 2868 convivio
2608 2807 2896 2872 soleatus
2952 2810 2997 2868 et
3087 2840 3088 2879 χ

616 2932 844 2979 corona
905 2911 1243 2977 redimitus
1300 2909 1367 2971 in
1419 2907 1631 2992 sorum
1689 2928 1858 2967 suum
1898 2906 2173 2987 prodiit,
2224 2904 2530 2981 βλαύτας
2582 2909 2995 2989 ὑποδεδεμένος
3085 2898 3086 2957 ¹

616 3019 719 3083 καὶ
780 3016 982 3081 ἄνθεσι
1052 3015 1469 3082 παντοδαποῖς
1521 3007 2005 3093 ἕςεφανωμένος.
2099 3009 2259 3084 Quis
2309 3011 2390 3075 ad
2440 3013 2606 3080 haee
2657 3038 2790 3084 non
2834 3034 2994 3082 meor-

615 3124 804 3189 datur
861 3121 986 3187 loci
1041 3118 1355 3185 Tulliani:
1418 3121 1614 3180 stabat
1683 3114 1959 3179 soleatus
2015 3118 2276 3179 Praetor
2309 3120 2536 3200 populi
2588 3122 2862 3187 Romam·
2900 3126 2987 3186 est.

2263 3296 2333 3362 Ο.
2386 3295 2474 3365 G.
2527 3301 2842 3372 ΟΟΒΕΤ.

1649 3941 1981 3992 pommus,

708 4109 908 4174 XXV.
958 4110 997 4175 9
1049 4115 1116 4173 bt
1167 4110 1352 4187 φήμη
1401 4103 1465 4169 δέ
1513 4128 1606 4176 τις
1657 4105 2065 4189 ἘΝέτρεχεν.

705 4216 845 4281 Non
893 4222 990 4282 est
1034 4214 1353 4279 Graecum
1404 4229 1476 4274 eo
1523 4229 1707 4273 sensu
1758 4209 2070 4292 ἐνέτρεχεν
2120 4213 2229 4277 sed
2280 4216 2674 4304 ΔΙέτρεχεν.

2555 4342 2633 4409 Ο.
2685 4344 2762 4413 G.
2810 4344 2872 4410 C.
