3192 5017
1216 326 1624 376 procorum.
2499 300 2624 371 163

223 518 284 558 τι
342 498 451 563 καὶ
524 496 709 575 δόξης
772 500 1045 575 μᾶλλον.
1136 497 1487 583 Procopius
1547 497 1675 564 vol.
1740 496 1852 575 III,
1917 519 1981 583 p.
2035 495 2167 562 120
2218 495 2416 580 (Hist.
2464 495 2618 561 Arc.

223 622 348 686 cap.
402 603 527 690 21)
578 605 692 671 οὐκ
742 604 994 684 ἔχοντος
1044 606 1255 677 αὐτοῖς
1303 603 1569 669 κίνδυνόν
1616 628 1755 669 τινα
1804 604 1839 679 ἢ
1889 602 2060 684 ὕβριν
2107 608 2215 670 τοῦ
2253 601 2468 683 ἔργου,
2512 601 2627 684 φέ-

220 730 413 787 ροντος
480 709 552 775 δέ
616 733 677 774 τι
726 711 834 776 καὶ
884 709 1061 788 δόξης
1108 715 1377 788 μᾶλλον.
1472 709 1657 776 Idem
1704 731 1897 797 supra
1942 732 2001 797 p.
2057 709 2212 794 204,
2261 708 2305 775 8
2356 708 2461 796 (II,
2510 708 2622 796 14)

221 816 280 879 οὐ
324 816 631 895 φέροντος
681 819 893 889 αὐτοῖς
943 817 1250 897 αἰσχύνην
1298 822 1403 882 τοῦ
1453 816 1652 898 ἔργον.

302 920 380 986 Ρ.
430 921 579 988 423
631 924 737 988 καὶ
789 923 842 988 οἰ
889 925 1213 997 Γηπαίδων
1262 922 1552 1003 πρέσβεις
1602 922 1824 999 ἔλεξαν
1870 921 1982 989 ὦδε
2034 924 2366 1007 1,Δίκοιιον,
2414 917 2457 985 ὦ
2498 921 2628 998 βα·-

228 1033 431 1112 σιλεῦ,
484 1030 642 1102 τοὺς
687 1030 788 1094 ἐπὶ
835 1028 1218 1109 ξυμμαχίας
1268 1031 1507 1104 αἰτήσει
1555 1030 1731 1108 παρά
1778 1030 1919 1103 τοὺς
1966 1028 2170 1099 πέλας
2219 1027 2630 1110 ἀφικομένους

230 1135 610 1212 ἁναδιδάξαι
661 1143 926 1217 πρῶτον,
974 1139 1053 1208 ὦς
1094 1137 1306 1202 δίκαιά
1344 1162 1413 1201 τε
1454 1134 1883 1214 ἀναδεξάμενοι
1922 1136 2164 1217 πάρεισι
2202 1134 2308 1201 καὶ
2335 1132 2632 1215 ξύμφορα

225 1250 341 1314 τοῖς
393 1243 992 1330 ξυμμαχήσουσιν,
1040 1241 1194 1309 οὕτω
1230 1268 1300 1308 τε
1342 1242 1482 1313 τοὺς
1521 1243 1742 1319 λόγους
1790 1239 1980 1322 ὦνπερ
2019 1239 2199 1308 ’ἕνεκα
2224 1240 2631 1321 πρεσβεύουσι

223 1347 582 1414 ποιεῖσθαι.
627 1352 706 1422 ὥς
748 1351 865 1427 μὲν
904 1347 1003 1416 οὖν
1048 1347 1399 1428 ἠδικήμεθα
1439 1350 1584 1429 πρὸς
1613 1349 2131 1435 Λαγγοβαρδῶν,
2158 1348 2408 1415 αὐτόθεν
2433 1347 2630 1422 δῆλον.

229 1453 357 1533 δίκη
398 1457 538 1535 γάρ
591 1456 868 1522 διαλύειν
903 1457 988 1521 τά
1024 1456 1291 1538 διάφορα
1315 1458 1377 1521 ἐν
1400 1456 1632 1537 σπουδῇ
1658 1455 1908 1535 ἔχομεν.
1943 1494 2026 1505 -
2052 1456 2119 1520 τί
2139 1455 2217 1521 ἀν
2243 1479 2334 1528 τις
2363 1456 2422 1519 ἐν
2447 1456 2631 1520 εἰδόσι

227 1564 684 1640 μακρολογοίη;
716 1560 813 1627 Cf.
836 1561 954 1627 Th.
983 1562 1032 1639 I,
1061 1561 1170 1647 32,
1201 1563 1258 1628 1.
1288 1560 1396 1640 39,
1420 1563 1477 1627 1.
1506 1561 1615 1645 IV,
1643 1560 1752 1639 59,
1773 1561 1836 1626 2.
1863 1561 2068 1643 Quam
2094 1564 2353 1650 egregio
2376 1559 2636 1626 ridiculi

232 1673 378 1731 sunt
418 1669 850 1735 barbarorum
889 1669 1095 1756 legati
1109 1717 1126 1745 ‚
1164 1690 1361 1754 paene
1398 1669 1479 1734 ad
1519 1668 1788 1734 verbum
1830 1667 2256 1735 declamantes
2295 1665 2636 1755 Corcyrae-

232 1791 409 1837 orum
473 1773 847 1862 legetorum
899 1777 1202 1841 orationis
1245 1775 1326 1840 ad
1371 1774 1681 1860 populum
1729 1774 2217 1839 Atheniensium
2265 1771 2631 1840 exordium!

316 1878 394 1944 P.
461 1881 604 1947 427
674 1882 826 1966 (ΙΠ,
891 1880 979 1946 34
1039 1884 1228 1967 extr.)
1296 1883 1418 1960 ἐγὼ
1490 1881 1552 1946 δὲ
1616 1878 1758 1946 ὅθεν
1817 1882 1927 1955 τὴν
1973 1880 2238 1960 ἐκβολὴν
2284 1884 2391 1945 τοῦ
2439 1879 2628 1959 λόγου

232 1986 632 2066 ἐποιησάμην
684 1987 998 2066 ἐπάνειμι.
1045 1985 1414 2072 Composita
1461 1986 1617 2052 haec
1655 1988 1971 2052 sententia
2008 2007 2085 2052 ex
2122 1993 2274 2052 nota
2312 1993 2632 2053 oratorum

235 2093 605 2161 Atticorum
673 2093 980 2159 formula:
1048 2094 1169 2171 ἐγὼ
1229 2093 1292 2158 δὲ
1350 2088 1492 2158 ὅθεν
1536 2096 1683 2174 πρὸς
1730 2096 1916 2157 ταῦτ’
1964 2091 2186 2171 ἐξέβην
2233 2093 2519 2173 ἐπάνειμι
2568 2099 2633 2160 et

240 2197 664 2288 Thucydideo
712 2202 823 2275 τὴν
872 2200 1137 2278 ἐκβολὴν
1182 2204 1290 2265 τοῦ
1339 2202 1530 2278 λόγου
1578 2200 1963 2284 ἐποιησάμην
2007 2198 2058 2278 Ι,
2109 2198 2196 2266 95
2243 2201 2280 2285 ς
2324 2199 2389 2265 2.

316 2310 384 2371 Ρ.
457 2308 623 2387 518,
691 2306 778 2372 14
842 2306 978 2392 (IV,
1047 2305 1158 2390 12)
1225 2305 1473 2385 ἀνάγκη
1521 2307 1649 2385 γάρ
1697 2291 1829 2372 οὐδὲ
1878 2304 2138 2385 ἀγαθῆς
2184 2330 2341 2378 τινος
2387 2305 2634 2379 ἐλπίδος

234 2418 520 2492 τυχοῦσα
595 2415 708 2488 τὴν
777 2414 1040 2492 ἀτιμίαν
1103 2413 1405 2494 ἐκφεύγει
1473 2414 1844 2497 δικαίως,
1923 2413 1991 2488 ἣν
2064 2413 2170 2478 καὶ
2250 2419 2367 2479 τῶν
2441 2411 2630 2493 ἔργων

240 2516 629 2596 ἐπιβάληται
670 2522 758 2585 τὰ
800 2518 1219 2600 αἰσχρότατα.
1268 2519 1592 2585 Adverbio
1630 2519 1876 2591 δικαίως
1916 2522 2123 2585 utitur
2157 2519 2236 2585 ad
2260 2519 2628 2606 exemplum

238 2620 351 2689 loci
417 2626 833 2714 Thucydidei
891 2627 1153 2691 fortasse
1216 2644 1342 2689 non
1405 2627 1646 2712 integri
1703 2624 1810 2702 IV,
1861 2622 1950 2690 62
1997 2630 2180 2709 extr„
2228 2624 2307 2691 de
2353 2646 2476 2712 quo
2522 2628 2629 2715 egi

248 2728 482 2798 Mnem.
539 2733 793 2820 I(nov.
841 2735 990 2816 ser.)
1038 2753 1100 2817 p.
1152 2729 1259 2796 86.

318 2835 393 2901 Ρ.
460 2838 638 2922 530,
702 2839 745 2902 4
803 2836 1034 2928 ἔσχατ’
1103 2838 1393 2916 ἐσχάτων
1439 2836 1611 2901 κακά
1660 2836 1848 2903 debet
1895 2765 2215 2923 Sophocli.
2272 2837 2425 2905 Vid.
2476 2839 2630 2905 Phi-

239 2937 440 3009 loctet.
496 2944 611 3010 65.

322 3048 394 3115 Ρ.
464 3049 626 3133 53¹7,
690 3048 733 3115 2
795 3049 909 3125 (IV
977 3049 1089 3136 15)
1154 3054 1498 3132 φοιτῶντας
1556 3049 1623 3114 δὲ
1668 3047 1818 3128 παρ’
1869 3050 2184 3123 ἀλλήλους
2231 3049 2626 3130 ἑκατέρωθεν.

247 3154 337 3216 καὶ
386 3157 588 3228 ἀδεῶς
644 3155 1253 3236 ἐπικηρυκευομένους
1298 3157 1361 3219 ἐν
1407 3155 1603 3234 τούτῳ
1634 3156 1720 3236 τῷ
1758 3158 1971 3236 χρόνῳ.
2022 3154 2123 3223 Of.
2153 3156 2353 3223 Thuc.
2395 3156 2446 3235 I,
2479 3158 2628 3237 146,

248 3260 348 3325 ubi
408 3267 622 3352 igitur
684 3266 817 3329 iam
868 3262 1031 3350 legit
1079 3263 1273 3329 verba
1316 3262 1422 3328 καὶ
1473 3268 1537 3327 et
1585 3263 1842 3337 ἐφοίτων
1889 3283 2050 3347 quae
2095 3270 2349 3329 auctore
2394 3261 2632 3333 Cobeto

248 3373 312 3430 ut
373 3369 621 3437 alienae
685 3390 913 3435 manus
979 3368 1484 3434 additamentum
1550 3367 1760 3434 delevi
1812 3370 1882 3433 in
1931 3368 2207 3435 editione
2254 3390 2415 3436 mea.
2507 3370 2633 3437 Sed

249 3468 427 3562 longe
475 3476 780 3563 pleraque
828 3475 1217 3540 emblemata
1264 3476 1331 3539 in
1377 3475 1496 3540 hoc
1541 3475 1845 3559 scriptore
1892 3483 2042 3540 sunt
2087 3475 2394 3562 Procopio
2439 3476 2630 3566 longe

254 3580 621 3666 antiquiora.
671 3581 965 3647 Eundem
1012 3579 1225 3645 locum
1275 3582 1472 3646 etiam
1523 3582 1796 3665 pressius
1839 3582 2137 3646 imitatur
2181 3581 2347 3648 infra
2382 3605 2445 3669 p.
2475 3584 2626 3662 551,

258 3681 331 3746 15
391 3709 481 3773 sq.
553 3686 688 3772 (IV,
756 3687 867 3760 18)
933 3682 1087 3750 ὅσοιν
1133 3710 1204 3750 τε
1250 3683 1438 3759 οὕτως
1488 3687 1780 3752 ἐνιαυτοῖν
1833 3688 2177 3768 ἐκεχειρίαν
2225 3691 2628 3768 πεποίηνται,

250 3784 440 3866 ὅπως
491 3794 819 3872 μεταξὺ
871 3792 1658 3874 ἐπικηρυκευόμενοί
1699 3817 1784 3857 τε
1824 3794 1954 3858 καὶ
1995 3796 2168 3874 παρ’
2210 3797 2626 3869 ἀλλήλους

256 3895 368 3960 ἀεὶ
416 3901 852 3981 φοιτῶντες
901 3897 1161 3964 ἅπαντα
1209 3900 1269 3971 ἐς
1319 3900 1388 3963 τὸ
1434 3898 1688 3976 ἀκριβὲς
1737 3900 1824 3963 τὰ
1869 3897 2137 3981 διάφορα
2175 3900 2529 3967 διαλύσωσι.

335 4002 405 4068 Ρ.
447 4006 601 4090 561,
649 4008 727 4071 11
771 4004 907 4092 (IV,
952 4002 1062 4088 20)
1115 4004 1243 4084 εἰμί
1293 4005 1356 4069 δὲ
1396 4003 1591 4077 ἄπαις
1633 4004 1879 4086 ἄρσενός
1920 4029 1989 4071 τε
2028 4007 2133 4071 καὶ
2175 4004 2399 4082 θήλεος
2424 4007 2624 4086 γόνου.

262 4107 632 4195 Agnoscisne
676 4109 1119 4178 Herodotum?

335 4215 402 4282 P.
452 4218 605 4294 582,
657 4217 699 4282 8
763 4217 898 4294 (IV,
949 4216 1089 4302 23):
1160 4217 1279 4289 τάς
1344 4242 1415 4281 τε
1466 4220 1592 4297 γαρ
1656 4222 1804 4291 ναῦς
1868 4221 2347 4295 μετωπηδὸν
2408 4223 2626 4287 ἀντι-

267 4324 587 4405 πρῴρους
636 4333 778 4397 ταῖς
825 4332 942 4391 τῶν
991 4325 1272 4389 ε’ναντίων
1324 4324 1595 4406 ἑκάτεροι
1645 4325 1948 4397 ζήσαντες
1989 4326 2118 4391 κτὲ.
2213 4328 2386 4394 Scire
2424 4328 2625 4395 velim

268 4432 556 4506 quomodo
605 4431 671 4496 id
719 4430 907 4498 aliter
952 4429 1088 4500 fieri
1134 4433 1416 4516 potuerit
1461 4451 1655 4517 quam
1703 4431 2064 4509 μετωπηδόν
2086 4481 2102 4509 ,
2150 4433 2259 4499 sed
2306 4433 2462 4499 talia
2503 4454 2630 4501 non
