3192 5017
1326 323 1695 372 nmsronm.
2621 291 2707 372 53

409 485 644 560 Iuliani
691 496 884 579 Epist.
939 493 1054 558 IX.
1103 496 1141 578 ξ
1189 493 1248 557 3.
1292 513 1437 582 pag.
1485 494 1638 559 340.
1677 497 1780 560 τὸν
1824 494 2300 574 μακαριώτατον
2325 493 2705 563 Rev-:otmar

319 603 533 681 ἐρεῖτε.
627 600 1004 688 Legendum
1068 599 1235 685 quod
1298 601 1372 664 de
1436 601 1741 683 defunctis
1786 605 2098 667 usitatum
2147 608 2245 667 est
2289 601 2393 665 τὸν
2437 604 2705 682 μακαρί·

316 715 499 772 ΤΗΝ
549 708 949 776 Κωνςοὶντιον.
997 706 1097 771 De
1144 708 1459 772 adiectivo
1501 709 1853 788 μακαρίτης
1916 708 2246 794 complura
2308 708 2703 796 collegerunt

316 813 658 879 Ruhnken.
722 814 802 879 ad
863 812 1204 878 Timaeum
1264 833 1412 901 pag.
1479 812 1586 878 59.
1639 820 1704 880 et
1749 814 2196 902 Wyttenbach.
2247 814 2327 879 ad
2373 814 2706 880 Plutarchi

320 922 594 985 Moracia
676 940 821 1006 pag.
896 919 1047 984 121.
1112 942 1160 983 e.
1235 920 1344 983 sed
1412 922 1694 985 notionis
1763 922 2199 986 diversitatem
2270 941 2382 1006 pro
2453 921 2704 987 diversa

319 1033 528 1092 aetate
588 1046 713 1090 non
777 1027 934 1090 satis
980 1025 1431 1090 distinxerunt.
1526 1027 1719 1111 Apud
1767 1026 2024 1093 Veteres
2068 1028 2420 1108 μακαρίτης
2468 1041 2565 1094 est
2612 1034 2705 1091 ter

320 1137 554 1209 beatus,
617 1132 1052 1219 felicissimus,
1118 1140 1184 1197 et
1245 1132 1503 1217 ponitur
1549 1136 1910 1218 promiscue
1959 1134 2037 1200 de
2083 1137 2252 1200 vivis
2300 1142 2365 1200 et
2410 1136 2703 1199 mortuis.

319 1237 685 1323 Aeschylus
731 1241 801 1303 in
853 1240 1053 1303 Persis
1097 1259 1190 1304 vs.
1241 1237 1392 1303 633.

687 1341 724 1419 ἦ
770 1347 822 1425 ῥ’
870 1346 992 1410 ἀΐει
1040 1369 1159 1422 μου
1205 1347 1565 1425 μακαρίτας
1613 1348 1944 1425 ἰσοδαίμων
1990 1348 2316 1426 βασιλεύς.

320 1460 387 1519 et
429 1454 498 1516 in
543 1451 994 1538 Aristophanis
1038 1452 1219 1516 Pluto
1266 1473 1363 1518 vs.
1419 1452 1571 1517 555.

502 1560 579 1631 ὥς
627 1559 1015 1637 μακαρίτην,
1065 1555 1107 1622 ὦ
1161 1558 1496 1638 Δάματερ,
1546 1561 1651 1623 τὸν
1697 1561 1835 1637 βίον
1881 1564 2072 1626 αὐτοῦ
2123 1561 2497 1639 κατέλεξας.

321 1670 386 1732 et
436 1666 528 1730 sic
576 1665 604 1728 ὅ
651 1665 988 1737 Κυνουλκός
1037 1664 1206 1750 apud
1250 1663 1657 1731 Athenaeum
1709 1687 1853 1754 pag.
1910 1667 2061 1734 113:
2112 1691 2162 1732 c.
2228 1668 2706 1750 ὑπεραττικίζων

322 1778 400 1837 ut
459 1770 860 1857 Lexiphanes
921 1774 1049 1837 ait:
1113 1773 1453 1850 μακαρίους
1519 1768 1615 1836 οὖν
1662 1774 1886 1845 αὐτοὺς
1933 1773 2308 1861 (discipulos)
2355 1779 2600 1852 μᾶλλον
2648 1775 2711 1840 δὲ

322 1877 686 1957 μακαρίτας
732 1873 893 1943 εἶναί
931 1884 1097 1958 Φημι
1139 1878 1434 1950 τοιαύτας
1475 1876 1693 1953 δείξεις
1732 1883 1852 1943 τῶν
1891 1878 2280 1944 διδασκάλων
2319 1881 2710 1957 ποιουμένων.

323 1992 697 2063 Μακαρῖται
757 1991 907 2048 sunt
950 1971 1437 2066 fortunatissimi
1481 1987 1594 2068 qui
1637 1987 1701 2048 in
1748 1987 1933 2048 terris
1980 1985 2183 2050 adhuc
2228 1993 2588 2066 versantes,
2636 1993 2711 2051 ut

326 2091 609 2157 defuncti
672 2092 739 2154 in
787 2089 1018 2155 insulis
1063 2090 1431 2174 beatorum,
1481 2110 1734 2156 summa
1780 2090 2086 2156 felicitate
2133 2099 2436 2177 perpetuo
2485 2093 2708 2158 fruun-

326 2204 455 2262 tur.
509 2195 635 2262 Sed
692 2199 993 2282 quoniam
1044 2217 1377 2261 summum
1423 2197 1543 2262 hoc
1590 2203 1934 2282 perpetuae
1981 2197 2309 2263 felicitatis
2354 2198 2594 2263 bonum
2639 2200 2708 2262 in

326 2307 466 2371 vita
531 2303 816 2368 humana
885 2311 998 2368 aut
1059 2323 1199 2368 raro
1260 2309 1375 2369 aut
1435 2324 1790 2388 numquam
1854 2306 2168 2388 reperitur
2228 2304 2307 2368 ad
2370 2323 2475 2369 eos
2538 2303 2710 2367 trahi

324 2423 618 2497 coeptum
682 2415 778 2475 est
837 2410 945 2494 qui
1004 2411 1178 2476 vitae
1239 2408 1566 2474 laboribus
1630 2415 1695 2474 et
1758 2413 2079 2475 aerumnis
2125 2410 2409 2475 defuncti
2456 2410 2710 2475 beatam

325 2524 603 2584 aetatem
663 2521 945 2604 agerent.
1036 2515 1210 2580 Hinc
1253 2513 1714 2600 Aristophanes
1758 2519 1827 2580 in
1873 2516 2127 2582 Stobaei
2174 2516 2391 2581 Floril.
2446 2513 2593 2580 121.
2646 2513 2710 2579 8.

328 2622 408 2688 de
450 2624 725 2689 mortuis
768 2626 864 2687 ita
909 2622 1101 2687 dicit:

789 2728 892 2795 διὰ
938 2733 1152 2794 ταῦτα
1197 2728 1415 2809 γάρτοι
1465 2730 1570 2795 καὶ
1620 2734 1956 2796 καλοῦνται
2009 2729 2322 2811 μακάριοι.

779 2841 908 2909 πᾶς
959 2836 1087 2917 γὰρ
1131 2836 1310 2915 λέγει
1357 2859 1488 2910 τις·
1539 2838 1567 2902 ὃ
1614 2837 1967 2916 μακαρίτης
2015 2834 2283 2915 οἴχεται,

781 2943 1187 3028 κατέδαρθεν,
1235 2943 1540 3020 εὐδαίμων
1585 2940 1677 3008 ὅτι
1725 2945 1834 3007 οὐκ
1882 2941 2229 3006 ἀνιάσεται.

327 3060 403 3119 ut
448 3053 619 3140 apud
663 3052 1045 3119 Horatium:

743 3182 937 3225 omnes
979 3158 1289 3242 composui.
1343 3191 1425 3207 ....
1473 3157 1734 3223 Felices.
1784 3177 1944 3221 nunc
1987 3179 2087 3239 eye
2135 3161 2309 3223 resto.

423 3269 656 3334 Aetate
715 3265 1055 3333 Menandri
1100 3269 1441 3350 coeperunt
1485 3264 1808 3349 defunctos
1854 3287 2047 3328 omnes
2090 3262 2447 3344 μακαρίτας
2499 3261 2710 3351 appel-

330 3374 487 3441 lare.
578 3371 851 3440 Photius
908 3370 1250 3452 Μακαρί
1264 3388 1448 3443 τας
1513 3367 1654 3441 τοὺς
1720 3371 2084 3445 τεθνηκότας
2147 3368 2515 3450 Μένανδρος.
2596 3369 2709 3436 'Pi-

331 3501 556 3548 maeus
617 3501 679 3549 v.
746 3479 945 3544 Βαλλ
1007 3479 1065 3552 ἐς
1129 3478 1484 3556 μακαρίαν·
1533 3513 1621 3527 —-
1669 3477 1810 3549 τοὺς
1874 3475 2300 3549 ἀποθανόντας
2345 3479 2709 3559 μακαρίτας

332 3587 456 3663 ἔθος
501 3595 736 3653 καλεῖν.
787 3587 1009 3671 Neque
1057 3589 1268 3650 tamen
1315 3585 1676 3670 promiscue
1721 3603 1977 3667 omnes,
2026 3585 2138 3669 qui
2174 3584 2345 3649 diem
2385 3585 2710 3670 obiissent,

330 3694 691 3775 μακαρίτας
753 3691 1246 3778 appellitabant‚
1310 3690 1420 3755 sed
1479 3710 1634 3775 quos
1680 3692 1946 3775 quisque
1993 3691 2058 3753 in
2107 3692 2245 3755 vita
2287 3691 2554 3757 dilectos
2600 3698 2713 3757 aut

331 3804 622 3889 cognitos
665 3800 1013 3866 habuisset.
1061 3796 1406 3862 Verissime
1449 3796 1783 3862 Bentleius
1832 3797 2080 3863 Phalar.
2130 3818 2275 3884 pag.
2325 3797 2384 3861 9.
2441 3799 2711 3876 „nomine

330 3907 685 3988 μακαρίτης
749 3913 1003 3970 utuntur
1067 3904 1285 3968 Graeci
1329 3906 1403 3967 de
1449 3904 1613 3980 illis,
1660 3903 1764 3988 qui
1808 3925 1925 3967 non
1971 3903 2061 3967 ita
2093 3903 2328 3988 pridem
2376 3911 2432 3966 et
2479 3904 2713 3988 quidem

330 4015 608 4080 memoria
653 4018 781 4077 eius
826 4018 930 4098 qui
974 4012 1136 4074 dicat
1180 4011 1399 4075 mortui
1442 4009 1649 4074 eunb.”
1697 4008 2110 4075 Servavimus
2158 4009 2428 4073 eundem
2468 4031 2712 4076 morem

333 4128 398 4189 et
465 4124 781 4187 sentimus
830 4138 1047 4184 omnes
1095 4138 1172 4182 ex
1217 4117 1479 4203 linguae
1523 4114 1899 4183 vernaculae
1949 4135 2068 4178 usu
2114 4134 2307 4199 quam
2355 4117 2440 4180 sit
2487 4116 2707 4181 absur-

334 4228 490 4294 dum
538 4227 745 4292 dicere
794 4223 1038 4301 „Iulius
1092 4227 1307 4286 Caesar
1353 4223 1380 4286 ὅ
1420 4218 1829 4301 μακαρίτης.”
1875 4218 2111 4284 Nullus
2148 4218 2336 4284 bodie
2375 4219 2713 4289 Menandri

332 4335 514 4402 locus
575 4336 860 4419 superest
919 4334 983 4394 in
1043 4349 1167 4414 quo
1229 4329 1256 4393 ὃ
1317 4329 1667 4408 μακαρίτης
1714 4346 1786 4392 eo
1834 4346 2021 4390 sensu
2066 4323 2340 4413 legatur,
2387 4327 2497 4392 sed
2545 4329 2714 4414 apud

335 4440 789 4526 Alciphronem
833 4435 1097 4525 legitur,
1145 4437 1257 4521 qui
1299 4434 1599 4520 pleraque
1643 4435 1860 4500 omnia
1904 4453 2020 4499 sua
2065 4453 2104 4498 a
2148 4430 2498 4500 Menandro
2535 4455 2711 4503 sum-
