3192 5017
607 258 746 329 220
1639 280 1974 333 uranus.

706 451 839 517 Lib.
905 450 1018 517 111.
1085 449 1194 516 20.
1261 450 1368 517 55.
1439 451 1762 520 Antonius
1825 452 1904 518 ad
1967 452 2392 520 Octavianum
2456 457 2549 520 ita
2614 454 2807 520 dicit:
2854 454 2965 519 ὅδὲ

611 555 801 635 δῆμός
851 559 1006 636 ἐςιν,
1056 556 1255 640 ὥσπερ
1303 559 1409 624 καὶ
1460 560 1534 625 σὺ
1583 567 1699 626 τῶν
1739 563 2111 634 Ἑλληνικῶν
2154 560 2578 642 ἀρτιδίδακτος
2616 562 2694 627 ὢν
2733 561 2969 645 ἔμαθες,

610 665 971 742 ἀςάθμητον
1024 661 1222 746 ὥσπερ
1270 666 1331 729 ἐν
1378 666 1665 747 θαλάσσκ
1713 672 1886 744 κῦμα
1937 666 2315 744 κινούμενον·
2366 668 2394 732 ὃ
2443 668 2558 744 μὲν
2603 664 2816 743 ἦλθεν,
2860 670 2885 730 ὃ
2929 667 2969 732 δ’

607 771 901 843 ἀπῆλθεν.
999 770 1384 837 Decantatus
1427 771 1606 838 locus
1653 778 1750 838 est
1808 793 1886 837 ex
1932 773 2212 839 oratione
2274 773 2407 854 περὶ
2472 772 2968 854 παραπρεσβείας

606 899 751 967 pag.
797 875 949 942 383.
992 877 1056 941 4.
1102 878 1130 942 ὃ
1166 879 1278 954 μὲν
1318 877 1508 954 δῆμός
1551 880 1678 946 ἕςιν
1724 878 2246 955 ἀςαθμητότατον
2287 882 2566 959 πρᾶγμα
2592 917 2678 928 -
2706 868 2971 958 ὥσπερέν

607 985 893 1063 θαλάττῃ
940 989 1187 1062 πνεῦμα
1232 987 1312 1058 ὥς
1358 983 1436 1049 ἂν
1484 983 1654 1065 τύχῃ
1702 984 2069 1062 κινούμενον,
2124 986 2151 1050 ὅ
2198 987 2313 1062 μὲν
2356 981 2568 1063 ἦλθεν,
2610 987 2638 1051 ὃ
2678 984 2737 1050 δ’
2782 988 2972 1057 ἀπῆλ·

608 1093 724 1157 θεν.
773 1089 1159 1158 Octavianus
1205 1090 1578 1177 Apolloniae
1627 1090 1832 1156 literis
1888 1090 2148 1156 Graecis
2196 1090 2388 1156 dabat
2435 1111 2691 1176 operam
2745 1096 2811 1157 et
2855 1089 2972 1155 Ho-

606 1199 769 1263 meri
829 1196 1113 1262 carmina
1177 1195 1280 1281 (cf.
1347 1195 1468 1261 111.
1538 1194 1645 1262 13.
1696 1193 1832 1279 78.)
1879 1201 1944 1261 et
1987 1196 2438 1262 Demosthenis
2484 1201 2804 1264 orationes
2852 1197 2974 1263 dili·

605 1308 830 1392 genter
873 1302 1310 1386 lectitaverst,
1367 1303 1534 1368 unde
1580 1307 1700 1367 τῶν
1747 1305 2115 1379 Ἑλληνικῶν
2164 1303 2587 1384 ἀρτιδίδακτος
2641 1304 2899 1371 dicitur.

696 1541 837 1607 Lib.
889 1540 1004 1608 III.
1052 1538 1161 1608 28.
1213 1541 1316 1606 54.
1370 1542 1397 1607 ὃ
1449 1550 1691 1624 Καῖσαρ
1736 1542 2154 1629 (Octavianus)
2198 1543 2535 1624 ἐπιφθόνως
2577 1544 2885 1623 ἱκέτευεν,
2923 1543 2977 1609 οὖ

602 1647 717 1727 μὲν
777 1648 969 1714 αὐτοῦ
1034 1649 1239 1714 τοιάδε
1289 1686 1371 1697 -
1422 1646 1776 1727 πάσχοντος
1843 1650 2134 1728 ὖπεροράν
2193 1650 2298 1713 καὶ
2348 1650 2609 1728 ἀμελεῖν
2659 1652 2975 1725 ἑκόντΟΕ,

605 1756 872 1835 Καίσαρι
934 1754 998 1819 δὲ
1049 1790 1129 1801 -
1180 1756 1456 1833 ἀμύνειν.
1550 1754 1694 1820 Una
1755 1757 2046 1820 omnium
2093 1754 2424 1821 lenissima
2469 1760 2780 1824 correctio
2826 1757 2977 1823 hunc

602 1858 816 1927 locum
884 1879 964 1927 ex
1033 1861 1341 1947 impedito
1411 1868 1474 1925 et
1545 1860 1811 1926 obscuro
1875 1860 2120 1926 clarum
2184 1866 2251 1925 et
2312 1864 2724 1947 perspicuum
2777 1864 2973 1929 faciet.

602 1965 772 2033 Satis
835 1972 932 2033 est
975 1970 1146 2033 enim
1196 1988 1407 2033 unum
1447 1967 1726 2050 spiritum
1777 1967 2134 2033 emendare.
2232 1963 2462 2033 Caesar
2509 1969 2797 2035 dixerat:
2846 1970 2978 2047 ἐμοῦ
3099 2054 3100 2067 ¹

602 2075 716 2152 μὲν
805 2074 995 2139 αὐτοῦ
1063 2111 1143 2123 -
1211 2073 1578 2153 ὑπερορᾶτε,
1673 2075 1937 2154 Καίσαρι
2011 2072 2076 2136 δὲ
2144 2073 2453 2152 ἀμύνετε,
2525 2080 2590 2141 et
2659 2079 2979 2162 Appianas

601 2183 970 2266 scripserat:
1058 2179 1324 2245 ἱκέτευεν
1407 2175 1491 2243 οὗ
1560 2180 1676 2257 μὲν
1754 2179 1947 2244 αὐτοῦ
2010 2216 2096 2228 -
2164 2179 2491 2262 ὑπερορᾶν,
2570 2182 2842 2261 Καίσαρι
2923 2181 2977 2246 δὲ

599 2286 876 2366 ἀμύνειν.

689 2528 829 2597 Lib.
895 2529 1022 2595 111.
1084 2530 1190 2596 51.
1245 2531 1350 2596 17.
1417 2529 1736 2611 ὠργίζοντο
1790 2530 2105 2617 (Antonio)
2153 2532 2365 2613 πρώτῳ
2412 2532 2583 2610 μετὰ
2629 2534 2741 2607 τὴν
2790 2539 2977 2613 ἀμνη-

599 2640 740 2709 ςΙαν
790 2637 1308 2714 ἈΝΑκινῆσαντι
1357 2638 1443 2702 τα
1492 2636 1639 2701 κατ’
1681 2636 1928 2711 αὐτούς.
1978 2635 2252 2703 Summa
2289 2641 2645 2706 constantia
2686 2661 2761 2707 eo
2800 2662 2976 2708 sensu

597 2746 869 2813 verbum
914 2743 1188 2830 simplex
1233 2725 1628 2829 usurpabant
1676 2743 2033 2819 ἀμνηςΙΛΝ
2073 2747 2419 2820 Κινήσαντι.
2474 2744 2708 2813 Odiose
2751 2748 2976 2813 dicitur

599 2849 834 2935 aliquis
903 2857 1083 2915 κινεῖν
1141 2872 1202 2914 τι
1228 2900 1242 2927 ,
1314 2852 1426 2935 qui
1488 2870 1752 2915 manum
1819 2850 2115 2916 admovet
2178 2858 2290 2916 aut
2351 2852 2654 2918 convellit
2701 2874 2777 2919 es
2825 2872 2975 2939 quse

597 2956 907 3024 inviolate
976 2963 1042 3022 et
1107 2959 1347 3023 intacta
1409 2958 1649 3022 servari
1715 2956 2079 3041 oportebat,
2150 2962 2225 3022 ut
2281 2956 2373 3023 11.
2437 2957 2545 3022 41.
2595 2958 2702 3024 41.
2766 2958 2975 3025 Caesar

597 3069 714 3129 τῶν
761 3060 1067 3144 ἀψαύςων
1114 3062 1292 3127 ἐκίνει
1338 3062 1709 3143 χρημάτων.

689 3307 835 3375 Lib.
897 3307 1012 3374 Ill.
1075 3306 1185 3373 80.
1256 3306 1366 3375 72.
1426 3308 1565 3381 τοὺς
1634 3306 1983 3401 ἀλωμένους
2035 3309 2101 3375 ἐκ
2148 3316 2261 3383 τῆς
2308 3309 2531 3375 ἐκείνου
2578 3316 2837 3392 τρατιᾶς
2884 3346 2964 3360 -—

596 3422 720 3488 τοῖς
783 3414 945 3488 ἰδίοις
1014 3414 1460 3493 ἐγκατέλεγεν.
1556 3414 1645 3479 Ut
1702 3414 1988 3501 plerique
2034 3414 2448 3481 Alexandrini
2493 3415 2826 3502 Appianas
2873 3420 2962 3483 vi·

595 3525 761 3588 tiosa
822 3521 1166 3588 admodum
1217 3521 1493 3587 dictione
1539 3524 1766 3587 utitur.
1861 3522 2216 3588 Immemor
2264 3522 2599 3589 ἑαλωκέναι
2651 3546 2784 3591 esse
2829 3544 2962 3610 pas·

595 3629 809 3694 sivum
858 3628 936 3694 de
983 3647 1098 3693 suo
1145 3627 1419 3692 ἀλᾶσθαι
1464 3625 1672 3694 finxit.
1720 3627 1935 3694 Etiam
1979 3628 2284 3703 ἀλωθῆναι
2324 3627 2619 3696 dicebant
2655 3628 2961 3697 Graeculi.

595 3734 673 3800 In
720 3736 984 3800 caeteris
1033 3739 1247 3798 tamen
1291 3732 1482 3806 locis,
1528 3742 1642 3818 qui
1681 3733 1990 3819 permulti
2028 3740 2213 3811 sunt,
2253 3754 2501 3819 semper
2539 3737 2737 3821 probe
2773 3737 2961 3802 forms

596 3840 845 3906 ἑάλοοκα
895 3839 1133 3917 utitur,
1184 3844 1259 3904 ut
1305 3837 1388 3904 V.
1436 3838 1500 3904 8.
1551 3837 1659 3906 70.
1708 3840 2057 3926 (Antonius)
2106 3841 2276 3912 εὐθὺς
2326 3840 2520 3915 αὐτῆς
2563 3840 2958 3928 (Cleopatrae)

591 3945 999 4030 μειρακιωδῶς
1050 3945 1345 4022 ἑαλώκει,
1396 3950 1470 4011 ut
1515 3946 1721 4012 solent
1767 3949 2088 4031 aequiores
2133 3947 2371 4012 ἀλῶναί
2414 3970 2572 4020 τινος
2612 3948 2820 4016 dicere
2855 3966 2955 4034 pro

593 4055 934 4137 ἐρασθῆναι.
2305 4056 2311 4062 ’
2637 4071 2650 4084 ·

681 4286 826 4353 Lib.
873 4285 980 4354 IV.
1033 4286 1090 4351 5.
1144 4286 1249 4353 97.
1301 4294 1410 4363 τῆς
1453 4286 1735 4358 Ἰταλίας
1777 4284 2070 4363 πολέμοις
2108 4310 2180 4350 τε
2230 4284 2334 4350 καὶ
2380 4285 2671 4366 ἐσφοραῖς
2696 4289 2949 4364 τετρῐΜ·

591 4394 798 4472 μένης.
898 4392 1210 4479 Perpetuo
1268 4395 1337 4458 in
1398 4390 1581 4457 libris
1645 4394 1812 4457 inter
1870 4412 1935 4457 se
1981 4393 2445 4477 permiscentur
2489 4390 2815 4472 τέτρυμαι,
2861 4386 2944 4453 τέ-
