3192 5017
1433 1048 2002 1123 SPICILEGIUM

1173 1228 2236 1305 ANIMADVERSIONUM

1669 1424 1757 1472 AD

1374 1595 2053 1685 IULIANUM.

1584 1913 1830 1943 qen-ef-

1661 2172 1858 2219 qunm
1895 2172 2234 2222 lurmroius
2267 2189 2387 2237 quae
2422 2182 2692 2240 supersunt.

1661 2255 1912 2302 Recensuit
1944 2255 2239 2305 qunmcus
2275 2258 2507 2306 Cnmws
2545 2260 2816 2309 Humane.

2199 2339 2384 2405 Lipsiae
2423 2340 2772 2393 1875-1876.

608 2527 839 2615 Relegi
900 2548 1099 2613 nuper
1162 2529 1225 2590 in
1277 2524 1449 2591 dulci
1496 2526 1796 2590 feriarum
1849 2529 1980 2590 otio
2028 2528 2223 2593 semel
2272 2536 2335 2592 et
2381 2533 2621 2595 iterum
2670 2533 2904 2618 scripta

518 2633 749 2699 Iuliani
811 2637 877 2698 in
939 2634 1200 2721 egregia
1264 2631 1572 2705 editione,
1623 2651 1816 2715 quam
1867 2631 2210 2697 Hmvrnam
2255 2636 2495 2723 insigni
2566 2636 2904 2725 diligentia

516 2745 580 2805 et
656 2741 941 2806 doctrina
1006 2740 1385 2824 procuravit.
1484 2737 1780 2801 Primum
1855 2760 2002 2803 oum
2072 2738 2432 2824 pulvisculo
2501 2743 2766 2831 collegit·
2837 2760 2904 2811 et

516 2849 777 2911 corrasit
824 2845 1134 2931 quidquid
1183 2850 1277 2909 est
1326 2842 1563 2927 ubique
1613 2845 1678 2908 in
1729 2843 1911 2907 libris
1958 2843 2110 2909 Mss.
2158 2848 2456 2931 praesidii
2502 2850 2583 2914 ad
2635 2853 2904 2936 scriptu·

514 2974 651 3018 ram
721 2950 959 3017 Iuliani
1030 2950 1554 3016 constituendam.
1653 2946 1884 3037 Relegi
1955 2952 2188 3015 iterum
2250 2959 2534 3020 veterem
2601 2953 2898 3023 codicem

515 3056 893 3123 Vossianum
964 3062 1027 3122 et
1087 3055 1253 3145 nihil
1316 3077 1394 3121 ne
1452 3058 1517 3119 in
1581 3057 2035 3121 minutissimis
2098 3059 2352 3143 quidem
2417 3068 2530 3126 aut
2590 3067 2900 3130 omissum

514 3169 626 3229 aut
674 3168 955 3228 erratum
1006 3182 1139 3228 esse
1187 3162 1486 3247 comperi.

606 3268 848 3335 Deinde
894 3267 1112 3334 sedulo
1159 3266 1544 3335 Oriticorum
1593 3270 1886 3352 inventa,
1940 3289 2099 3354 quae
2146 3271 2402 3356 quidem
2449 3273 2693 3361 aliquid
2742 3299 2895 3364 pon-

516 3375 682 3440 deris
747 3382 859 3440 aut
921 3374 1203 3460 aliquam
1270 3377 1403 3441 veri
1465 3376 1738 3460 speciem
1806 3376 2143 3454 haberent,
2189 3379 2468 3465 undique
2516 3387 2898 3469 conquisivit

515 3489 579 3549 et
625 3483 704 3549 ad
752 3482 1038 3570 singulos
1082 3482 1252 3548 locos
1299 3484 1518 3568 paucis
1566 3484 1879 3567 apposuit.

604 3589 896 3675 Denique
955 3587 1196 3654 multos
1258 3593 1320 3653 et
1381 3589 1515 3672 ipse
1562 3587 1733 3653 locos
1780 3588 2012 3654 Iuliani
2061 3590 2229 3657 male
2275 3591 2525 3659 habitos
2574 3601 2651 3660 ut
2694 3597 2895 3683 pluri-

512 3718 695 3761 mum
745 3695 1033 3762 sollerter
1079 3715 1149 3759 ac
1198 3693 1467 3759 feliciter
1512 3698 1579 3759 in
1629 3697 1951 3783 integrum
1999 3700 2302 3763 restituit.

604 3803 680 3868 In
728 3800 1071 3869 Codicibus
1120 3801 1509 3866 conferendis
1561 3805 1850 3887 peccavit
1897 3802 2193 3870 Hertlein
2237 3805 2304 3870 id
2352 3808 2518 3891 quod
2574 3813 2641 3874 in
2705 3834 2778 3878 ea
2830 3834 2896 3878 re

512 3910 713 3999 vulgo
768 3910 1008 3995 peccari
1058 3907 1238 3972 solet.
1288 3907 1577 3973 Misellos
1625 3907 1819 3974 libros
1866 3910 2107 3977 nullius
2157 3919 2461 3978 momenti
2511 3923 2622 3981 aut
2670 3922 2891 4003 pretii,

510 4017 753 4083 nullius
813 4018 1209 4082 auctoritatis
1274 4021 1385 4081 aut
1445 4014 1627 4097 fidei,
1677 4022 1750 4081 ut
1800 4022 1992 4082 testes
2039 4019 2370 4085 mendaces
2418 4028 2483 4086 et
2528 4032 2878 4109 corruptos,

510 4130 726 4190 tamen
787 4123 1218 4208 producendos
1278 4128 1342 4187 et
1408 4120 1754 4188 audiendos
1801 4144 1935 4189 esse
1982 4127 2248 4189 censuit.
2341 4126 2629 4193 Perdidit
2677 4131 2880 4197 oleum

508 4234 571 4293 et
620 4249 914 4313 operam,
963 4229 1122 4293 nihil
1174 4231 1342 4292 enim
1398 4231 1541 4294 boni
1591 4250 1666 4293 ex
1707 4231 1849 4294 istis
1889 4231 2121 4314 prodiit
2167 4254 2496 4318 umquam.
2547 4235 2635 4301 Ut
2685 4239 2882 4304 malae

504 4335 733 4401 herbae
806 4337 871 4398 in
934 4333 1090 4400 Mss,
1163 4335 1604 4401 huiuscemodi
1671 4340 2007 4402 succrescit
2072 4359 2236 4405 nova
2286 4343 2466 4425 copia
2512 4344 2880 4410 mendorum
