3192 5017
1638 279 1952 332 eume.
2833 257 2961 327 357

593 455 827 539 πιέζειν.
893 456 1020 525 Sed
1066 457 1266 524 Dores
1312 455 1534 536 πιοὶξαι
1586 458 1879 524 dicebant
1925 477 2039 541 pro
2087 455 2296 519 πιέσαι
2345 459 2412 519 et
2457 451 2797 533 πιαχθῆναι
2850 472 2961 537 pro

599 568 922 641 πιεσθῆναι.

681 672 796 737 His
842 671 1087 736 dudum
1133 673 1387 756 seriptis
1431 671 1773 756 inspiciens
1817 669 2097 734 Bekkeri
2150 667 2633 731 Commentariun
2687 666 2965 729 Oricia-um

601 778 768 845 video
813 781 881 842 in
929 778 1190 843 caeteris
1234 777 1418 842 libris
1464 798 1600 841 esse
1638 776 2017 853 ποιμαίνειν,
2059 779 2123 838 in
2165 795 2291 839 uno
2331 781 2395 838 et
2434 772 2634 837 altero
2658 771 2965 850 παχύνειν

605 889 660 947 et
721 887 783 947 in
853 905 981 949 uno
1039 886 1331 948 omnium
1395 885 1641 968 optimo
1699 883 1987 947 Parisino
2050 883 2107 946 A
2164 880 2297 945 solo
2358 879 2590 943 diserte
2653 880 2961 962 scriptum

604 990 877 1068 πιαίνειν,
927 989 1095 1075 quod
1141 988 1609 1055 Stallbaumius
1653 1008 2150 1055 commemorare
2196 986 2583 1073 neglexerat.

1545 1313 1632 1360 AD
1681 1311 2008 1361 GALRNUM.

692 1539 917 1605 Artem
979 1540 1294 1604 medicam
1351 1545 1417 1603 et
1475 1541 1646 1624 ipsos
1706 1538 1987 1603 medicos
2034 1537 2275 1603 Romae
2322 1547 2576 1623 propter
2624 1539 2979 1604 multorum

615 1645 1037 1730 impudentem
1084 1647 1403 1709 inscitiam
1462 1643 1631 1729 apud
1680 1646 1955 1708 saniores
2002 1664 2124 1708 non
2163 1646 2228 1706 in
2268 1664 2506 1730 magno
2530 1645 2762 1711 honore
2786 1646 2980 1710 fuisse

614 1751 873 1816 ostendit
936 1750 1219 1817 Galenus
1290 1752 1474 1817 Tom.
1523 1749 1691 1815 VlII.
1742 1770 1890 1836 pag.
1940 1747 2108 1813 366:
2161 1749 2187 1811 ὅ
2238 1748 2299 1812 δὲ
2346 1751 2642 1815 Γλαύκων
2696 1751 2749 1837 (ὁ
2795 1753 2984 1831 Φιλό-

615 1865 787 1938 σοφος
852 1879 1000 1946 pag.
1070 1856 1247 1944 361.)
1302 1857 1368 1935 ἐξ
1416 1858 1638 1922 ἐκείνου
1687 1856 1827 1935 περί
1871 1879 1943 1919 τε
1990 1858 2155 1933 ἡμῶν
2204 1857 2306 1919 καὶ
2358 1851 2501 1930 ὅλης
2550 1865 2661 1930 τῆς
2711 1858 2984 1935 ἰατρικῆς

614 1962 788 2045 ἔσχεν
856 1964 1179 2042 ἀξιόλογον
1248 1963 1557 2042 ὑπόληψιν
1621 1962 1954 2041 ἔμπροσθεν
2018 1960 2248 2026 οὐδὲν
2309 1961 2535 2039 μέγα
2605 1965 2713 2037 τὴν
2761 1964 2990 2045 τέχνην

617 2067 771 2150 ἔχειν
817 2068 1085 2145 οἰόμενος
1132 2070 1198 2133 ἐκ
1246 2076 1350 2135 τοῦ
1400 2068 1712 2146 μηδέποτε
1763 2067 2346 2150 (ΞΤΝτετυχηκέναι
2387 2070 2986 2148 παρεσκευασμένοις

617 2178 746 2241 κατ’
795 2178 991 2250 αὐτὴν
1038 2173 1390 2254 ἀξιολόγοις
1440 2176 1761 2259 οξνδρασιν,
1810 2176 1923 2240 ubi
1970 2175 2173 2240 soribe
2224 2173 2803 2258 ἘΝτετυχηκέναι.

697 2419 880 2486 Tom.
933 2419 1043 2485 VI.
1107 2441 1252 2507 pag.
1318 2419 1484 2485 454:
1550 2419 1717 2485 οὐδὲν
1781 2419 1855 2485 ἂν
1906 2419 2023 2485 ἔδει
2073 2425 2171 2484 νῦν
2222 2423 2387 2496 ἡμᾶς
2437 2418 2604 2500 ἔχειν
2651 2424 2993 2500 πρᾶγμα

616 2526 969 2606 γράφοντας
1036 2523 1203 2599 αὖθις
1270 2528 1413 2606 ὑπὲρ
1474 2534 1591 2591 τῶν
1652 2530 1872 2591 αὐτῶν.
1970 2527 2147 2591 Alias
2193 2549 2291 2591 res
2338 2548 2533 2614 agens
2579 2529 2784 2592 scriba
2832 2527 2995 2591 οὐδὲν

615 2637 884 2711 πρᾶγμα
931 2635 1297 2717 coniunxit,
1346 2639 1412 2699 at
1461 2639 1532 2698 tu
1579 2634 1782 2699 scribe
1831 2632 1999 2713 ἔχειν
2046 2632 2469 2712 πραγμαΤΑ.

700 2877 880 2945 Tom.
933 2878 1069 2943 VII.
1118 2897 1263 2966 pag.
1314 2878 1486 2945 838:
1533 2880 1585 2944 οἱ
1636 2880 1899 2958 ἀμαθεῖς
1955 2917 2035 2928 -
2087 2879 2354 2958 ἐναργῶς
2399 2875 2797 2949 πεπτωκότες
2841 2891 2999 2940 πολ-

612 2986 794 3058 λάκις
876 2985 1163 3066 αἵσχιςον
1240 2992 1472 3063 πτῶμα
1541 2996 1953 3051 TOCATTA
2033 2984 2263 3050 δέουσιν
2333 2983 2636 3050 αἰδεῖσθαι
2707 2983 2823 3053 ὤςε
2895 2983 2996 3047 καὶ

612 3093 978 3168 νενικηκέναι
1028 3091 1385 3173 νομίζουσιν.
1437 3092 1760 3157 Emenda:
1809 3100 2216 3157 τοσΟΤΤΟΥ
2272 3090 2524 3158 δέουσιν.

705 3339 887 3407 Tom.
936 3337 1073 3404 VII.
1125 3361 1272 3427 pag.
1324 3337 1494 3404 913:
1545 3346 1662 3403 τῶν
1710 3339 1824 3403 ὑπὸ
1871 3341 2218 3422 Φιλονικίας
2269 3341 2480 3405 πολλοὶ
2524 3337 3005 3404 ΠΛΡΛκοπτόν·

612 3472 732 3511 των
802 3449 883 3518 ὡς
951 3449 1017 3511 οὐ
1090 3450 1318 3524 γνήσια
1390 3450 1496 3510 τοῦ
1569 3447 2008 3534 Ἱπποκράτους
2082 3446 2320 3524 βιβλία
2392 3446 2581 3517 οὐδεὶς
2665 3445 3008 3521 ἐτόλμησεν

613 3553 963 3634 ἀφελέσθαι
1027 3551 1130 3616 τὸν
1176 3551 1366 3631 ἄνδρα
1418 3555 1583 3616 τουτὶ
1633 3552 1702 3615 τὸ
1753 3552 2180 3632 σύγγραμμα.
2278 3553 2402 3617 Pro
2449 3551 3006 3632 παρακοπτόντων,

612 3660 783 3743 quod
863 3661 1210 3724 sententiae
1287 3679 1412 3724 non
1484 3661 1816 3745 congruit,
1891 3657 2177 3725 Galenus
2248 3663 2584 3744 scripserat
2653 3667 3005 3725 nemon·-

612 3764 863 3831 τόντων.

706 3987 891 4055 Tom.
967 3989 1135 4054 VIII.
1213 4011 1357 4077 pag.
1430 3991 1595 4057 190:
1669 3993 1958 4068 θεώμενος
2034 3992 2095 4057 δέ
2168 4019 2261 4065 τις
2331 3993 2524 4065 ἄλλος
2596 3994 3005 4074 ἀλεκτρυόνας

614 4095 884 4177 ᾄδοντας
951 4093 1150 4176 ὥσπερ
1218 4098 1425 4161 ἐκεῖνοι
1493 4099 1610 4170 τὰς
1672 4101 1992 4179 πτέρυγας
2066 4100 2449 4179 προσέκρουον
2498 4102 2608 4179 πρὸ
2657 4100 2808 4180 ᾠδῆς
2857 4099 3009 4165 οὕτω

615 4202 727 4266 καὶ
791 4204 977 4274 αὐτὸς
1025 4203 1165 4275 τοὺς
1212 4203 1556 4285 βραχίονας
1610 4206 1982 4285 προσκρούων
2030 4215 2172 4278 ταῖς
2224 4215 2523 4285 πλευραῖς
2573 4206 2857 4287 ἐμιμεῖτο
2905 4211 3015 4282 τὴν

617 4311 829 4384 Φωνῆν
875 4316 991 4374 τῶν
1039 4307 1219 4390 ζῴων.
1321 4308 1802 4395 Comparandns
1850 4319 1947 4377 est
1995 4333 2144 4377 cum
2192 4313 2294 4377 his
2342 4311 2517 4378 locus
2566 4312 3015 4381 Demosthenis

619 4419 794 4481 κατὰ
861 4415 1118 4490 Κόνωνος
1178 4437 1324 4504 pag.
1379 4416 1572 4481 1259.
1632 4419 1756 4483 21:
1810 4414 1910 4498 ᾖδε
1958 4420 2084 4499 γὰρ
2136 4420 2271 4492 τοὺς
2322 4420 2730 4504 ἀλεκτρυόνας
2784 4423 3014 4503 μιμού-
