3192 5017
607 286 736 350 134
1672 301 1933 353 sanam.

598 496 778 561 posse
839 477 1094 542 videtur
1117 528 1130 546 ,
1198 480 1251 540 si
1313 475 1700 562 legerimus:
1764 499 1930 556 quem
1976 479 2369 559 spectaculum
2419 480 2826 560 repentinum,
2875 486 2969 539 aut

596 584 844 647 auditus
904 606 975 647 exc
1035 588 1344 666 improviso
1403 603 1580 646 sonus
1643 583 1891 656 auribus
1944 588 2150 665 pravis
2215 583 2451 648 excutit.
2548 582 2624 648 In
2698 582 2969 667 „pann”

594 688 795 754 latent
854 690 1130 775 vestigia
1172 689 1526 773 spectaculi,
1574 689 1786 754 nescio
1833 707 1958 773 qua
2005 689 2083 754 de
2131 695 2321 756 c‘ausa
2366 689 2730 775 depravati,
2782 692 2972 755 totius

594 815 741 860 vero
804 793 928 860 loci
991 799 1170 860 tenor
1229 794 1351 859 hoc
1413 814 1615 859 unum
1675 796 2154 861 substantivum
2203 795 2513 861 admittit.
2610 794 2971 862 Lectionem

591 920 802 966 meam
847 898 1115 965 firmabo
1160 900 1390 966 iisdem
1436 900 1679 977 verbis,
1731 902 1964 985 quibus
2009 900 2382 989 Madvigius
2428 922 2568 968 eam
2613 923 2809 987 quam
2848 903 2975 986 ipse

589 1005 893 1094 vulgatae
957 1007 1414 1092 praeponebat,
1478 1005 1703 1072 lectori
1762 1008 2026 1092 probare
2074 1015 2338 1072 conatus
2384 1013 2502 1073 est.
2598 1008 2977 1088 „Quaeritur

594 1111 835 1190 „altera
894 1132 1118 1187 causa,
1184 1132 1344 1197 quae
1403 1131 1527 1177 non
1573 1114 1776 1177 animi
1816 1112 2076 1179 affectus
2127 1114 2350 1198 (pavor
2394 1116 2567 1181 enim
2614 1112 2878 1199 Lipsius
2921 1119 2978 1177 et

593 1216 993 1296 „Gronovius
1054 1220 1466 1304 scripserunt)
1526 1239 1659 1284 esse
1721 1223 1967 1304 potest,
2031 1220 2140 1286 sed
2163 1269 2180 1299 ,
2248 1227 2323 1287 ut
2363 1242 2576 1298 conus,
2626 1241 2727 1286 res
2770 1221 2977 1285 sensui

593 1325 1024 1402 „extrinsecus
1088 1324 1336 1390 obiecta
1355 1373 1372 1408 ,
1436 1345 1560 1409 quo
1622 1327 1877 1390 animus
1939 1326 2153 1392 subito
2213 1331 2544 1404 movetur;
2609 1346 2750 1391 eam
2803 1343 2978 1411 porro

594 1451 770 1509 „rem
821 1430 899 1496 ad
948 1429 1161 1496 oculos
1207 1430 1521 1514 pertinere
1567 1431 1894 1515 probabile
1936 1437 2031 1497 est
2050 1479 2066 1510 ,
2112 1437 2187 1498 ut
2233 1452 2423 1498 sonus
2462 1431 2542 1498 ad
2584 1452 2768 1498 aures
2792 1433 2979 1516 perti·
3110 1403 3111 1478 Ῠ

594 1542 777 1615 „net,
826 1540 1070 1602 certum
1130 1541 1346 1603 autem
1366 1586 1384 1620 ,
1449 1535 1878 1624 significatam
1924 1558 2058 1603 esse
2104 1541 2315 1603 neutri
2364 1537 2617 1626 generis
2665 1535 2978 1602 nomine.”

591 1645 708 1707 His
755 1642 1053 1707 omnibus
1097 1641 1352 1730 legibus
1399 1647 1791 1728 spectaculum
1839 1648 2128 1709 accurate
2169 1644 2520 1730 respondet.

678 1749 883 1815 Paulo
945 1749 1211 1815 inferius
1283 1749 1319 1832 §
1371 1747 1436 1815 4.
1507 1750 1735 1834 capitis
1802 1748 1956 1814 XII.
2051 1748 2135 1814 Di
2206 1750 2328 1814 tibi
2398 1749 2712 1816 dederunt
2774 1747 2978 1814 filium

587 1877 710 1922 non
780 1855 1168 1944 longaevum
1232 1854 1517 1940 quidem,
1583 1854 1692 1919 sed
1772 1857 1881 1939 qui
1957 1858 2207 1941 juvenis
2285 1855 2494 1921 adhue
2573 1856 2653 1921 ad
2731 1874 2981 1920 summa
3110 1907 3111 1928 ,

588 1984 737 2029 cum
787 1963 1062 2048 corporis
1087 2011 1101 2038 ,
1147 1968 1287 2026 tum
1339 1960 1753 2046 animixbona
1799 1964 2179 2045 pervenerit.
2236 1961 2520 2043 „Filium
2563 1961 2686 2027 tibi
2733 1961 2805 2026 di
2853 1965 2975 2027 im·

587 2067 889 2133 mortales
950 2086 1074 2132 non
1136 2066 1249 2131 diu
1297 2065 1508 2130 daturi
1555 2067 1781 2130 statim
1832 2065 2024 2131 talem
2071 2066 2382 2132 dederunt
2428 2066 2627 2147 qualia
2673 2066 2786 2130 dia
2838 2066 2980 2151 ‹ffci

579 2173 834 2257 potest.''
928 2172 1052 2237 Vix
1123 2170 1257 2237 fieri
1320 2175 1528 2255 potest
1591 2174 1745 2255 quin
1793 2170 2028 2238 ultima
2075 2174 2202 2237 sint
2249 2171 2564 2239 lacunosa.
2660 2172 2982 2240 Goniicio:

588 2282 807 2345 statim
858 2278 1055 2344 talem
1104 2276 1446 2358 dederunt,
1497 2277 1697 2360 qualis
1742 2277 1851 2340 diu
1905 2278 2205 2362 (vivendo)
2256 2280 2408 2361 effici
2429 2279 2585 2363 (ciac)
2605 2280 2973 2364 pastui-uei).

680 2382 925 2471 Copula
985 2382 1267 2448 abundat
1327 2403 1380 2446 c.
1433 2381 1617 2446 XIII.
1666 2384 1703 2466 ἓ
1751 2381 1815 2448 2.
1878 2381 2164 2449 Pulvillo
2213 2381 2608 2469 Capitolium
2656 2385 2975 2451 dedicanti

584 2510 755 2556 mors
818 2487 937 2554 filii
999 2488 1294 2553 nuntiata
1355 2493 1471 2552 est.
1572 2487 1782 2564 „Idem
1841 2496 2037 2552 tamen
2099 2496 2166 2552 ut
2224 2490 2409 2554 rediit
2454 2490 2720 2573 domum,
2770 2499 2832 2555 et
2876 2498 2972 2554 im·

590 2596 811 2679 „plevit
847 2596 1045 2658 oculos
1083 2600 1139 2656 et
1185 2593 1423 2677 aliquas
1469 2615 1634 2658 voces
1663 2595 1902 2676 flebiles
1950 2595 2126 2670 misit,
2190 2594 2297 2681 [cb]
2350 2601 2614 2677 peractis
2660 2618 2817 2681 quae
2865 2617 2977 2661 nce

590 2709 755 2784 „crat
789 2711 1107 2785 praestare
1150 2699 1491 2780 defunctis,
1541 2700 1626 2762 ad
1676 2700 2070 2782 Capicobinum
2117 2701 2291 2764 illum
2337 2701 2523 2765 rediit
2566 2701 2854 2767 (κᾶπειθ’

674 2806 801 2872 Res
847 2824 962 2891 pro
1008 2825 1074 2870 se
1125 2806 1257 2889 ipsa
1316 2803 1624 2887 loquitur.

673 2935 727 2978 c.
775 2910 963 2977 XIV.
1013 2913 1049 2995 ξ
1101 2909 1158 2974 1.
1223 2908 1422 2975 Nulla
1481 2930 1608 2975 non
1672 2910 1921 2976 familia
1981 2932 2127 2978 suos
2198 2913 2405 3000 luget.
2502 2913 2747 2994 „Quota
2824 2915 2971 2978 enine

582 3041 841 3105 quaeque
886 3018 1089 3081 domuc
1135 3038 1315 3099 usque
1362 3016 1445 3078 ad
1488 3016 1710 3079 exitum
1755 3018 2021 3081 omnibus
2055 3020 2339 3101 partibus
2384 3019 2512 3082 arcis
2559 3019 2863 3095 constitit,
2916 3025 2974 3081 in

583 3149 700 3212 qua
760 3147 877 3188 non
944 3122 1183 3206 aliquid
1243 3122 1539 3185 turbatum
1609 3121 1747 3186 eitl'
1839 3122 2214 3211 Madvigius
2260 3144 2373 3209 pro
2420 3125 2501 3188 sit
2548 3125 2971 3190 indicativum

581 3231 866 3297 restituit
912 3235 977 3294 et
1022 3228 1404 3292 sententiam
1446 3225 1741 3292 bifariam
1779 3227 2012 3293 dividit
2050 3231 2144 3293 ita
2180 3234 2254 3293 ut
2294 3228 2667 3296 efficeretur.
2720 3230 2972 3311 „Quota

582 3338 752 3403 enim
814 3353 1098 3420 quaeque
1159 3333 1386 3397 domus
1447 3353 1646 3417 usque
1707 3335 1786 3398 ad
1848 3337 2092 3399 exitum
2156 3336 2455 3400 omnibus
2504 3337 2796 3421 partibus
2839 3339 2972 3401 suis

584 3437 912 3509 constitit?
957 3442 1025 3504 in
1071 3458 1197 3523 qua
1240 3457 1365 3503 non
1403 3438 1644 3522 aliquid
1685 3439 2016 3505 turbatum
2057 3448 2152 3506 est
2168 3437 2231 3506 P’
2275 3440 2743 3507 Duriusculum
2769 3447 2967 3507 sonat.

580 3547 877 3632 Suspicor
939 3545 1419 3610 coniunctivum
1465 3547 1545 3607 cib
1592 3547 1946 3632 vestigium
1997 3549 2294 3631 antiquae
2339 3547 2634 3613 lectionis
2682 3568 2965 3614 servasse

580 3659 644 3719 et
689 3652 783 3716 ita
828 3652 1138 3736 scriptum
1183 3649 1413 3714 fuisse:
1472 3649 1667 3729 Quota
1713 3658 1865 3715 enim
1909 3674 2168 3736 quaeque
2205 3654 2436 3729 domus,
2478 3676 2630 3739 quae
2666 3676 2849 3736 usque
2886 3654 2969 3716 ad

578 3757 800 3823 exitum
861 3755 1127 3819 omnibus
1186 3760 1313 3818 suis
1363 3755 1645 3837 partibus
1693 3763 2054 3832 constiterit,
2105 3763 2171 3821 in
2218 3781 2334 3844 qua
2382 3781 2501 3824 non
2543 3761 2784 3846 aliquid
2826 3769 2963 3825 tur·

581 3869 780 3927 batum
826 3859 956 3926 eit?

668 4081 745 4145 de
794 4078 975 4143 Brev.
1028 4078 1200 4142 vitae
1245 4072 1349 4138 VI.
1404 4073 1462 4138 1.
1512 4073 1739 4138 Livius
1788 4073 2066 4148 Drusus,
2116 4080 2217 4141 vir
2273 4097 2415 4142 acer
2460 4081 2525 4142 et
2571 4078 2954 4161 vehemens,

576 4208 724 4252 cum
779 4186 933 4266 loyes
976 4204 1158 4246 novae
1203 4187 1260 4246 et
1305 4181 1464 4244 mala
1517 4180 1870 4242 Gracchana
1915 4181 2182 4246 movisset
2235 4218 2317 4232 --
2362 4184 2585 4248 dicitur
2621 4184 2845 4249 dixisse
2890 4193 2953 4250 et

573 4315 632 4380 q.
678 4315 728 4358 s.
779 4291 986 4373 Leqem
1029 4311 1254 4355 movere
1299 4287 1556 4353 etiamsi
1594 4284 1895 4351 Londinii
1934 4290 2287 4354 rectissime
2326 4288 2592 4367 dicatur,
2631 4310 2852 4357 vereor
2872 4312 2950 4356 ne

570 4399 741 4465 idem
793 4397 1032 4463 Romae
1078 4393 1456 4462 mendosum
1507 4392 1723 4456 fuerit.·
1810 4391 1908 4456 Ex
1957 4413 2081 4458 uno
2130 4394 2321 4460 verbo
2368 4403 2433 4460 et
2481 4393 2756 4461 alterum
2805 4417 2946 4463 ver-
