3192 5017
405 148 445 216 4
1417 170 1776 221 nummum.

914 343 1025 407 οὐκ
1072 340 1149 407 ἂν
1197 340 1397 407 δύναιο
1444 348 1550 407 τοῦ
1600 343 1992 424 πεπρωμένου
2042 345 2248 411 πλέον.

406 448 698 515 Secunda
751 469 1017 534 persona
1063 448 1263 514 δύναιο
1312 447 1495 533 facit,
1544 456 1619 513 ut
1665 471 1778 535 pro
1825 449 2225 517 κατθανόντα
2273 454 2402 519 fere
2448 454 2786 519 rescribere

409 555 675 621 malim:
725 554 1269 620 κακτανόντα.
1322 554 1641 619 Κάκτανον
1681 555 1921 643 legitur
1958 561 2026 623 in
2051 561 2271 646 Antig.
2304 558 2494 624 1340.
2548 557 2786 639 Quodsi

411 663 554 746 quis
602 681 743 726 eam
793 662 1063 726 formam
1110 663 1175 724 in
1223 662 1617 748 tragoediam
1660 684 1784 727 non
1831 665 2058 731 audeat
2104 668 2461 751 conjectura
2518 665 2784 741 inferre,

405 770 639 852 poterit
685 766 1275 832 κατακανόνσοι
1324 768 1616 833 scribere.
1667 767 1761 834 De
1807 771 2000 836 verbo
2049 771 2352 853 ὑπάρχειν
2415 772 2563 837 vide
2625 790 2787 856 quae

405 872 904 939 Valckenaerius
950 875 1271 960 congessit
1314 874 1394 939 ad
1439 873 1592 939 Eur.
1642 874 1877 941 Phoen.
1933 877 2129 944 1576.

496 1090 822 1157 Minervae
869 1093 1017 1153 sunt
1063 1089 1143 1153 ad
1187 1087 1488 1153 Paridem
1538 1089 1733 1153 verba
1778 1111 1872 1155 vs.
1923 1090 2085 1155 646:

764 1195 1002 1275 θάρσει·
1048 1192 1470 1273 φυλάσσει
1519 1193 1577 1258 σ’
1631 1192 1732 1269 ἥδε
1781 1202 2119 1274 πρευμενὴς
2171 1197 2444 1277 xxia-m„

405 1305 515 1369 sed
562 1303 930 1389 planissime
968 1301 1367 1381 φυλάσσω
1418 1304 1782 1384 requiritur.
1833 1301 2032 1388 Saepe
2079 1304 2404 1388 loquimur
2450 1305 2526 1368 de
2574 1304 2782 1368 nobis·

404 1412 692 1495 metipsis
764 1414 1094 1492 tamquam
1167 1407 1532 1472 absentibus
1576 1410 1973 1500 ‘utimurque
2043 1413 2233 1475 tertia
2304 1429 2601 1494 persona,
2676 1410 2783 1474 sed

401 1535 590 1581 nemo
655 1519 775 1579 hoc
837 1514 1026 1597 facit,
1087 1513 1243 1577 dum
1307 1513 1449 1578 vult
1498 1512 1814 1579 declarare
1860 1516 2072 1599 ipsum
2124 1537 2191 1579 se
2237 1521 2628 1600 praesentem
2676 1515 2780 1580 ad-

405 1643 555 1687 esse.
622 1619 818 1685 Multi
865 1620 989 1684 loci
1035 1619 1155 1684 hoc
1203 1620 1529 1684 ost-endere
1574 1625 1906 1704 poterunt:
1957 1620 2217 1705 Hippol.
2277 1620 2490 1685 1285:
2539 1625 2776 1693 Λητοῦς

400 1727 461 1792 δὲ
516 1727 655 1807 κόρη
709 1727 769 1791 σ’
812 1730 1115 1804 ’Ἄρτεμις
1165 1725 1326 1789 αὐδῶ
1376 1732 1439 1789 et
1486 1725 1791 1790 Androm.
1847 1724 2056 1791 1232:
2108 1726 2227 1803 ἥκω
2280 1727 2460 1797 Θέτις
2508 1731 2774 1789 λιποῦσαι

401 1832 645 1913 Νηρέως
693 1831 908 1909 δόμους
959 1837 1023 1896 et
1067 1829 1294 1896 Helen.
1348 1829 1557 1894 1643:
1610 1831 1796 1895 δισσοὶ
1851 1830 1913 1895 δέ
1963 1855 2031 1894 σε
2078 1870 2158 1880 -
2204 1832 2508 1912 Διόσκοροι
2551 1835 2777 1895 καλοῦ-

403 1963 519 2017 μεν
582 1944 646 2005 et
707 1938 942 2004 Alcest.
1016 1937 1178 2003 167:
1248 1938 1280 2011 ἦ
1343 1937 1586 2001 τεκοῦσ’
1637 1936 2005 2014 ἀπόλλυμαι
2057 1943 2121 2003 et
2167 1938 2469 2004 Androm.
2523 1937 2690 2002 414:
2741 1940 2774 2013 ἠ

403 2051 668 2110 τεκοῦσα
728 2047 922 2125 ςείχω
973 2043 1115 2122 πρὸς
1156 2042 1378 2116 ’Ἃιδην
1426 2049 1490 2107 et
1536 2042 1782 2108 Hecub.
1836 2043 2001 2109 503:
2053 2042 2425 2122 Ταλθύβιος
2474 2043 2594 2120 ἥκω
2647 2054 2780 2108 Δα-

402 2151 619 2216 ναϊδῶν
695 2149 988 2229 ὑπηρέτης
1063 2156 1128 2214 et
1194 2147 1421 2213 Bacch.
1498 2152 1566 2214 l:
1634 2148 1752 2223 ἥκω
1818 2149 1959 2220 Διὸς
2026 2157 2178 2221 παῖς
2243 2151 2418 2223 τήνδε
2484 2148 2782 2226 Θηβαίαν

402 2255 649 2339 χθόνα,
713 2255 885 2321 alibi.
983 2254 1151 2319 Satis
1212 2262 1435 2319 notum
1499 2259 1594 2319 est
1642 2255 1811 2339 apud
1857 2254 2338 2342 Thucydidem:
2390 2261 2779 2332 Θεμιςοκλῆς

402 2364 523 2440 ἥκω
572 2362 742 2442 παραὶ
796 2385 865 2425 σε
912 2366 977 2425 et
1025 2359 1189 2445 apud
1237 2359 1585 2444 Nepotem:
1640 2360 2047 2424 Themistocles
2091 2365 2227 2424 veni
2271 2360 2355 2423 ad
2397 2367 2454 2423 be
2499 2366 2563 2423 et
2610 2359 2777 2444 apud

401 2470 603 2535 Tacit.
665 2466 835 2532 Ann.
901 2465 1054 2530 XII.
1127 2464 1245 2530 19:
1311 2465 1704 2529 Mithridates
1770 2473 1973 2549 sponte
2030 2467 2260 2530 adeum.
2354 2465 2536 2531 Dixit
2583 2464 2660 2530 de
2705 2485 2777 2532 eo

400 2596 523 2641 usu
571 2572 848 2639 Cobetus
896 2574 962 2635 in
1008 2570 1252 2637 Mnem.
1308 2569 1389 2635 V.
1440 2569 1572 2634 245
1622 2572 1840 2655 ibique
1886 2572 2251 2637 emendavit
2296 2570 2526 2636 Helen.
2581 2567 2775 2647 1168,

402 2681 668 2747 Acharn.
737 2676 888 2752 306,
951 2677 1103 2743 Eur.
1166 2676 1403 2741 Electr.
1471 2674 1645 2740 1238
1711 2683 1776 2741 et
1837 2675 2039 2741 Orest.
2112 2675 2305 2742 1225.
2398 2676 2778 2742 Rectissime

401 2792 620 2853 autem
668 2785 879 2850 editur
924 2787 990 2848 in
1038 2782 1176 2867 Iph.
1226 2781 1414 2847 Taur.
1467 2778 1632 2848 7¹70:

854 2891 888 2964 ἡ
938 2888 988 2952 ’ν
1038 2888 1254 2953 Αὐλίδι
1303 2885 1616 2967 σφαγεῖσ’
1666 2886 1978 2955 ἐπιςέλλει
2025 2887 2179 2952 τάδε

852 2993 993 3075 ζῶσ’
1041 2993 1418 3074 Ἰφιγένεια,
1469 3000 1594 3064 τοῖς
1644 2992 1774 3057 ἐκεῖ
1816 2992 1867 3055 δ’
1915 2993 1980 3056 οὐ
2029 2991 2170 3073 ζῶσ’
2222 2990 2355 3070 ira,

398 3124 545 3170 nam
597 3104 652 3168 si
699 3101 1033 3186 Iphigenia
1078 3098 1343 3163 dixisset
1390 3098 1728 3172 ἐπιςέλλω,
1783 3117 2063 3164 sororem
2110 3119 2292 3164 suam
2335 3100 2557 3164 statim
2598 3096 2779 3163 Ores-

397 3216 494 3275 tes
540 3210 908 3295 agnovisset
952 3225 1157 3290 neque
1203 3204 1512 3289 potuisset
1560 3203 1950 3270 exclamare:

844 3316 960 3376 ποῦ
1009 3312 1063 3376 δ’
1113 3308 1201 3378 ἶς’
1251 3310 1480 3387 {uelum
1534 3308 1918 3375 κατθανοῦσ’
1967 3309 2096 3387 ἥκει
2145 3309 2374 3387 πάλινς

397 3420 595 3505 Saepe
664 3437 812 3483 cum
885 3417 1093 3501 prima
1161 3436 1423 3501 persona
1492 3436 1838 3500 pronomen
1907 3411 2009 3480 ὅδε
2073 3419 2514 3504 conjungitur,
2581 3416 2784 3482 veluti

402 3524 606 3591 Orest.
681 3522 888 3589 1626:
963 3519 1184 3600 Φοῖβός
1247 3526 1305 3585 σ’
1374 3522 1401 3586 ὃ
1468 3528 1710 3595 Λητοῦς
1777 3531 1927 3593 παῖς
1991 3520 2085 3589 ὅδ’
2132 3524 2329 3601 ἔγγὺς
2379 3522 2455 3587 ὢν
2503 3529 2672 3588 καλῶ
2722 3527 2786 3588 et

401 3630 553 3696 Oed.
603 3629 759 3716 Tyr.
808 3629 930 3694 40:
981 3629 1331 3705 ἱκετεύομέν
1386 3652 1456 3692 σε
1505 3628 1738 3702 πάντες
1786 3626 1912 3695 οἵδε
1956 3630 2313 3709 πρόστροποι
2358 3635 2422 3695 et
2459 3630 2607 3696 vide
2631 3630 2786 3695 alios

405 3737 577 3803 locos
624 3739 691 3801 in
739 3735 960 3800 eodem
1008 3734 1463 3820 Mnemosynes
1509 3734 1838 3801 volumine
1884 3757 1946 3820 p.
1997 3735 2151 3803 268.
2221 3735 2447 3828 Itaque
2490 3737 2652 3801 hanc
2696 3736 2787 3800 lo-

408 3843 727 3909 cutionem
780 3844 1013 3926 quippe
1060 3844 1217 3906 satis
1262 3861 1573 3925 superque
1622 3840 2003 3926 explicatam
2051 3848 2115 3908 et
2160 3842 2515 3908 stabilitam
2562 3862 2642 3906 ne
2688 3846 2784 3906 at-

410 3951 703 4036 tigissem
766 3946 1057 4031 quidem,
1119 3949 1246 4012 nisi
1306 3946 1515 4012 levem
1576 3947 2027 4013 nonnullorum
2091 3968 2366 4014 errorem
2412 3948 2788 4034 redarguere

409 4054 675 4119 fortasse
722 4073 990 4137 possem.
1043 4051 1309 4137 Scripsit
1357 4051 1693 4135 Euripides
1741 4055 1807 4116 in
1855 4051 2073 4118 Oreste
2117 4075 2209 4120 vs.
2266 4051 2478 4119 12252

767 4155 808 4222 ὦ
860 4158 1038 4236 δῶμα
1085 4159 1264 4222 ναίων
1313 4158 1523 4228 νυκτὸς
1571 4157 1866 4238 ὀρφναίας
1919 4158 2149 4238 πάτερ,

772 4272 1029 4327 καλεῖ
1071 4266 1126 4325 σ’
1177 4262 1431 4342 'Ope-45²&
1483 4273 1633 4333 παῖς
1683 4266 1784 4332 σὸς
1835 4265 2138 4344 ἐπίκουρον
2186 4273 2399 4341 μολεῖν
