3192 5017
1370 245 1631 296 snnscs.
2577 232 2697 298 131

312 417 544 481 iniuria
570 416 845 501 quadam
873 416 1183 496 laeditur,
1213 420 1538 504 quaeritur.
1562 424 1781 485 utrum
1810 424 2022 508 gratia
2042 442 2235 508 quam
2260 441 2374 508 pro
2401 418 2701 487 beneficio

312 522 500 589 debet
561 525 906 608 posteriore
952 524 1190 589 iniuria
1238 532 1719 611 compensetur,
1761 547 1849 593 an
1897 549 2101 614 neque
2146 530 2426 616 gratiam
2475 527 2701 593 debere

312 629 587 706 desinat,
641 651 844 715 neque
890 633 991 695 ius
1036 631 1453 698 vindicandae
1497 634 1773 699 iniuriae
1813 634 2118 700 amiserit.
2214 633 2287 698 In
2326 634 2460 700 foro
2500 632 2700 700 altera

309 756 499 801 causa
567 738 646 801 ab
715 737 915 803 altera
983 747 1376 825 segregatur.
1476 737 1907 825 „Separantur
1983 744 2264 806 actiones
2335 745 2401 806 et
2475 740 2551 806 de
2625 760 2697 805 eo

309 842 478 928 quod
542 846 799 930 agimus
845 843 922 908 de
970 844 1191 909 eodem
1238 844 1567 910 nobiscum
1619 845 1890 933 agitur.''
1983 846 2099 911 Est
2143 845 2333 913 lectio
2380 846 2698 930 Fickerti,

311 969 473 1034 quae
542 970 694 1014 sana
756 970 890 1015 esse
951 969 1074 1015 non
1137 956 1381 1035 potest,
1450 972 1601 1016 nam
1664 973 1812 1017 cum
1872 951 2070 1018 altero
2118 951 2431 1029 beneficii,
2485 957 2561 1016 ut
2605 955 2698 1017 ita

312 1054 553 1139 dicam,
604 1062 864 1142 agetur,
917 1077 1064 1120 cum
1116 1055 1314 1122 altero
1361 1058 1653 1123 iniuriae.
1750 1056 2027 1124 Haasius
2066 1058 2298 1125 edidit:
2331 1060 2698 1141 Separantur

311 1166 568 1225 actiones
629 1169 686 1225 ct
730 1163 803 1224 do
849 1184 913 1225 eo
968 1161 1180 1248 [quod]
1231 1162 1459 1243 aqimus
1506 1170 1562 1227 et
1608 1164 1681 1227 de
1728 1186 1791 1228 eo
1837 1165 2132 1228 nobiscum
2177 1166 2401 1246 aqitur.
2494 1163 2697 1229 Tollit

311 1266 687 1344 relativum,
759 1268 866 1333 sed
929 1289 1008 1332 66
1067 1270 1160 1333 ita
1222 1268 1478 1354 quidem
1525 1272 1780 1356 integra
1824 1271 2160 1335 reducetur
2206 1271 2443 1352 oratio,
2492 1272 2696 1335 immo

309 1379 603 1439 nascetur
659 1373 1086 1439 soloecismus.
1182 1372 1449 1438 Videtur
1504 1377 1678 1440 enim
1723 1374 2003 1441 Haasius
2049 1376 2123 1439 de
2169 1396 2264 1450 eo,
2316 1374 2414 1439 bis
2459 1376 2695 1459 repeti-

310 1490 477 1557 tum,
529 1480 622 1546 ita
668 1482 1010 1566 accepisse,
1061 1485 1390 1564 tamquam
1440 1487 1606 1547 esset
1652 1482 1783 1559 περὶ
1833 1487 1940 1547 τοῦ
1991 1480 2106 1558 μέν
2148 1518 2232 1530 -
2275 1480 2410 1559 περ)
2459 1484 2566 1544 τοῦ
2608 1478 2694 1543 δέ.

309 1586 439 1663 Qui
485 1607 687 1672 nuper
732 1585 926 1651 libros
977 1586 1054 1651 de
1100 1584 1434 1651 Beneficiis
1480 1592 1545 1651 et
1591 1586 1670 1652 de
1720 1584 2085 1672 Clementia
2125 1586 2352 1662 edidit,
2407 1588 2507 1651 vir
2555 1586 2694 1650 doc-

309 1694 598 1757 tissimus
638 1690 953 1763 Gertzius‚
998 1711 1183 1767 vero,
1234 1712 1340 1756 me
1386 1692 1629 1775 iudice,
1678 1694 1937 1777 propius
1984 1696 2277 1767 accessit,
2330 1692 2691 1757 scribendo:

309 1804 682 1881 Separantur
743 1804 1000 1862 actiones
1057 1804 1113 1862 et
1158 1799 1232 1862 de
1278 1820 1369 1874 ec,
1420 1798 1592 1882 quod„
1615 1798 1872 1882 aqimus,
1922 1806 1978 1862 et
2025 1800 2098 1862 de
2145 1820 2242 1874 ec,
2294 1799 2452 1882 quod
2494 1799 2693 1862 nobis-

307 1929 436 1971 cum
480 1911 711 1986 ayitur,
765 1927 882 1968 non
927 1904 1326 1990 confunditur
1353 1904 1662 1989 formula.
1750 1902 2001 1969 Ultima
2048 1905 2241 1970 verba
2286 1906 2525 1988 priores
2566 1902 2695 1970 edi-

308 2018 474 2078 tores
559 2012 903 2076 sententiae
928 2059 944 2088 ,
1026 2030 1187 2095 quae
1269 2011 1563 2095 proximo
1632 2010 1772 2076 loco
1843 2013 2168 2095 sequitur,
2242 2012 2686 2076 attribuerent.

306 2116 550 2183 Melius
614 2116 821 2183 adhuc
882 2116 1295 2205 Madvigius,
1361 2115 1444 2181 V.
1509 2115 1582 2181 O.
1652 2125 1750 2193 „ec
1798 2118 1871 2181 de
1918 2140 2030 2202 quo
2073 2118 2367 2180 nobiccum
2421 2114 2689 2199 ayitur.”

307 2223 622 2309 Equidem
685 2225 1064 2289 sententiam
1114 2224 1413 2288 omnibus
1458 2225 1745 2288 numeris
1792 2221 2153 2288 absolutam
2201 2223 2331 2288 fore
2379 2224 2687 2308 suspicor,

308 2332 364 2394 si
426 2328 693 2416 legeris:
765 2330 1134 2412 Separantur
1195 2334 1486 2404 actiones,
1557 2337 1655 2406 „et
1715 2330 1788 2392 de
1845 2351 1909 2393 eo
1966 2351 2105 2414 quo
2153 2330 2239 2393 de
2290 2329 2459 2414 (prot
2509 2329 2692 2413 quod)

312 2441 610 2520 „ayim2.¹·s,
674 2442 730 2499 et
785 2436 858 2499 de
916 2457 1012 2517 ee,
1076 2435 1165 2498 de
1221 2455 1372 2519 quo
1430 2435 1727 2498 nobiscum
1787 2434 2018 2515 aqitur.
2073 2456 2190 2498 uon
2236 2435 2690 2519 confunduntur

310 2543 672 2618 „sm-mulae:
765 2541 829 2604 Si
890 2541 995 2625 qui
1059 2539 1286 2623 (quid)
1355 2541 1520 2622 apud
1578 2563 1665 2602 me
1718 2540 2032 2622 pecuniam
2095 2539 2468 2624 deposuerit,
2536 2540 2688 2603 idem

310 2655 549 2731 „postea
598 2649 853 2732 furtum
916 2646 1063 2709 mihi
1115 2646 1343 2730 fecerit
1363 2691 1379 2720 ,
1447 2656 1505 2707 et
1566 2667 1666 2725 eqo
1730 2667 1858 2707 cum
1904 2645 2013 2706 illo
2041 2644 2222 2727 furti
2268 2668 2436 2725 aqam
2483 2654 2538 2708 et
2584 2646 2692 2709 ille

310 2775 565 2832 „mecum
611 2753 919 2836 depositi.''

397 2858 567 2925 Ueiis
612 2860 878 2926 forensis
923 2859 1240 2944 requirere
1286 2859 1544 2924 videtur
1589 2879 1763 2939 aqere
1808 2879 1935 2920 cum
1982 2858 2183 2942 aliquo
2229 2859 2302 2921 de
2349 2859 2556 2942 aliqua
2592 2882 2688 2932 re,

306 2966 444 3032 sive
480 2967 741 3030 alicuius
775 2971 864 3030 rei
882 3013 897 3040 ,
925 2967 979 3030 si
1003 2984 1232 3030 nomen
1260 2962 1555 3030 definitae
1580 2962 1911 3028 cuiusdam
1936 2965 2206 3028 actionis
2229 2962 2521 3028 additum
2546 2967 2686 3029 erit.

395 3072 760 3158 Respondet
829 3071 1096 3137 Seneca:
1173 3072 1562 3155 comparatio
1582 3117 1599 3146 ,
1675 3090 1867 3154 quam
1938 3067 2266 3154 protulisti
2335 3066 2687 3135 claudicat:

309 3178 485 3258 „Lex
549 3178 682 3267 legi
745 3198 870 3243 non
933 3178 1255 3243 miscetur.
1322 3175 1704 3262 Depositum
1767 3174 1960 3241 habet
2004 3178 2320 3239 actionem
2366 3176 2689 3259 propriam

309 3292 483 3363 „tam
505 3336 521 3362 ,
572 3285 965 3368 mehercule,
1015 3304 1205 3369 quam
1256 3283 1523 3347 furtum.
1619 3278 2011 3346 Beneficium
2061 3279 2224 3345 nulli
2271 3278 2405 3368 legi
2446 3283 2690 3348 subiec—

309 3401 492 3470 „tum
554 3399 684 3476 est,
749 3412 852 3456 me
916 3391 1153 3455 arbitro
1200 3390 1430 3453 utitur.
1523 3388 1709 3454 Licet
1756 3387 1919 3452 mihi
1966 3389 2131 3452 inter
2179 3406 2245 3451 se
2291 3405 2691 3472 comparare,

309 3504 663 3585 „quantum
724 3497 1034 3583 profuerit
1095 3495 1257 3561 mihi
1306 3496 1574 3580 quisque
1623 3492 1767 3558 aut''
1819 3491 1974 3579 (leg.
2028 3500 2087 3556 et
2107 3541 2123 3569 ,
2177 3491 2344 3575 quod
2391 3498 2456 3557 et
2503 3490 2690 3560 Gert-

305 3608 442 3670 zius
522 3603 776 3669 mavult
796 3650 811 3680 ‚
896 3602 1099 3668 nimia
1174 3621 1322 3667 vero
1391 3598 1703 3686 religione
1774 3600 1841 3663 in
1912 3603 2164 3664 textum
2234 3617 2356 3663 non
2429 3602 2689 3683 recepit)

311 3716 662 3797 „quantum
748 3712 1033 3775 nocuerit
1056 3758 1072 3790 ,
1145 3713 1287 3773 tum
1357 3707 1804 3791 pronuntiare,
1878 3711 2095 3769 utrum
2168 3703 2315 3789 plus
2387 3703 2693 3770 debeatur

310 3818 518 3896 „mibi
562 3838 642 3882 an
688 3816 976 3881 debeam.
1024 3814 1100 3878 In
1147 3814 1281 3879 illis
1328 3812 1439 3899 (sc.
1487 3814 1555 3876 in
1604 3811 1792 3877 rebus
1839 3811 2026 3876 certis
2073 3808 2327 3896 legibus
2374 3809 2691 3894 obnoxiis)

309 3924 518 4003 „nihil
557 3929 652 3988 est
690 3930 940 3987 nostrae
986 3923 1358 4005 potestatis,
1407 3918 1684 3984 eundum
1735 3924 1869 4000 est,
1918 3936 2043 4001 qua
2090 3914 2420 3992 ducimur3
2470 3916 2539 3980 in
2584 3915 2691 3981 be-

308 4028 574 4109 „neflcio
639 4034 773 4094 tota
837 4032 1113 4112 potestas
1171 4046 1315 4091 mea
1362 4030 1487 4090 est:
1542 4046 1642 4105 eqo
1692 4024 1891 4108 itaque
1935 4022 2136 4086 iudico
2182 4021 2317 4084 illa.
2411 4021 2553 4085 Non
2599 4044 2693 4085 ee-

310 4157 497 4221 „paro
559 4157 666 4199 nec
726 4134 942 4196 diduco
1002 4131 1110 4197 sed
1173 4133 1442 4197 iniurias
1504 4136 1567 4196 et
1623 4127 1925 4195 beneficia
1969 4127 2048 4193 ad
2097 4126 2368 4191 eundem
2407 4126 2694 4211 judicem

312 4240 614 4322 „mitto.'’
707 4238 808 4304 Ita
851 4236 1131 4303 Haasius
1177 4246 1238 4302 et
1285 4243 1431 4304 ante
1477 4258 1626 4303 eum
1667 4234 2003 4301 Fickertus
2039 4232 2252 4298 locum
2292 4233 2690 4300 constituere.

310 4346 604 4415 Gertzius
654 4346 990 4411 verborum
1041 4342 1257 4409 ordine
1303 4342 1643 4429 paululum
1693 4344 2041 4407 immutato
2090 4337 2314 4404 edidit:
2370 4339 2438 4402 in
2486 4341 2696 4428 benefi-
