3192 5017
1109 316 1611 365 Amsrornmns.
2427 295 2552 362 381

897 490 1003 555 καὶ
1054 490 1141 567 μὴ
1191 489 1386 567 βδεῖ
1427 513 1530 566 μοι
1581 487 1792 554 κακόν.

170 599 434 666 Utinam
489 603 847 686 superesset
892 597 1220 683 Euripidis
1266 618 1341 663 ex
1391 597 1876 682 Bellerophonte
1923 596 2132 675 locus,
2170 616 2359 681 quem
2403 593 2564 682 Try-

168 726 364 794 gaeus
417 711 572 772 ante
618 704 832 771 oculos
876 705 1137 773 habuit!

250 888 358 955 Vs.
411 888 543 957 97:

812 995 1119 1075 εὐφημεῖν
1164 996 1288 1074 χρὴ
1338 994 1440 1058 καὶ
1490 997 1579 1070 μὴ
1628 998 1907 1074 φλαῦρον

803 1101 992 1178 μηδὲν
1037 1100 1320 1182 γρύζειν,
1371 1102 1469 1165 άλ
1491 1103 1552 1166 λ’
1595 1099 1926 1182 ὀλολύζειν.

169 1210 388 1277 Nonne
436 1211 656 1277 verius
702 1214 831 1274 est:
881 1207 1025 1286 μηδ’
1073 1203 1424 1289 ὀλολύζεινῖ

250 1389 665 1458 Constructio
708 1390 955 1457 laborat
1003 1411 1097 1456 vs.
1143 1388 1308 1454 119:

433 1495 697 1574 δοξάσαι
749 1495 870 1574 ἔςι,
923 1497 1127 1577 κόραι·
1188 1498 1257 1562 τὸ
1307 1496 1358 1561 δ’
1407 1495 1745 1573 ἐτήτυμον,
1796 1493 2076 1579 ἄχθομαι
2132 1496 2322 1574 ὑμῖν

436 1606 594 1679 ἡνίκ’
645 1602 722 1669 ἂν
769 1601 1035 1683 αἰτίζητ’
1084 1601 1266 1684 ἄρτον
1315 1604 1593 1669 πάππαν
1641 1627 1724 1680 με
1775 1608 2100 1669 καλοῦσαι.

171 1709 428 1777 Contuli
481 1718 703 1778 autem
750 1732 847 1777 vs.
899 1707 1065 1775 683:

473 1827 482 1835 ‘
672 1816 1097 1899 άποςρέφεται
1148 1816 1250 1881 τὸν
1299 1815 1485 1893 δῆμον
1532 1815 1888 1898 άχθεσθεῖσ’
1936 1813 2028 1881 ὅτι

673 1922 827 1989 οὕτω
877 1925 1122 2005 πονηρὸν
1168 1922 1467 1998 δεσπότην
1516 1922 1952 2004 ἐπεγράψατο,
2055 1907 2063 1915 ’

175 2036 238 2096 et
282 2032 648 2116 suspicatus
695 2051 839 2095 sum
887 2029 1234 2118 legendum
1284 2047 1451 2095 esse:
1495 2027 1775 2109 ἄχθομαι
1821 2030 2050 2107 ὑμᾶς.
2099 2027 2312 2094 Sentis
2351 2029 2569 2094 discri-

180 2158 348 2203 men.
415 2138 583 2214 Quis
649 2159 740 2205 VS.
806 2135 969 2204 604:
1046 2137 1097 2201 εἶ
1159 2136 1451 2215 βούλεσθ’
1501 2138 1761 2202 άκοῦσαι
1809 2135 1976 2212 τήνδ’
2027 2133 2188 2210 ὅπως
2237 2137 2565 2215 άπώλετο,

183 2263 291 2328 pro
338 2244 521 2317 τήνδε
572 2246 735 2310 ferre
780 2251 989 2331 posset
1034 2243 1270 2318 τῆσδεΡ

266 2425 510 2493 Parum
562 2428 865 2493 concinne
912 2427 1212 2492 scribitur
1255 2448 1346 2494 vs.
1406 2425 1568 2491 131:

635 2532 857 2603 άπιςον
910 2528 1092 2603 εἶπας
1142 2536 1365 2610 μῦθον,
1415 2530 1456 2597 ὦ
1504 2532 1767 2611 πάτερ
1818 2532 2068 2614 πάτερ

635 2636 842 2712 ὅπως
893 2638 1204 2715 κάκοσμον
1253 2639 1397 2721 ζῷον
1445 2633 1622 2712 ἦλθεν
1671 2641 1731 2711 ἐς
1779 2641 1966 2712 θεούς.

180 2742 321 2811 Non
395 2753 660 2833 apparet
732 2768 845 2812 cur
903 2749 1234 2813 vocativus
1294 2749 1359 2811 in
1427 2744 1541 2812 tali
1604 2748 1918 2812 sententia
1977 2748 2243 2811 iteretur
2290 2752 2354 2811 et
2401 2746 2576 2813 deest

182 2859 500 2935 praeterea
547 2853 957 2930 adverbium,
1002 2872 1126 2937 quo
1163 2873 1351 2940 segre
1382 2853 1489 2918 hic
1528 2873 1737 2918 careo:
1785 2851 1937 2917 οὕτω
1978 2851 2304 2930 κάκοσμον.
2360 2852 2568 2941 Lego:

638 2956 858 3027 άπιςον
907 2954 1089 3031 εἶπας
1137 2962 1360 3036 μῦθον,
1407 2953 1498 3027 ὥς
1549 2956 1723 3022 ποτ’
1776 2955 1818 3023 ὦ
1867 2957 2105 3044 πάτερ,

642 3062 839 3130 οὕτω
889 3064 1200 3144 κάκοσμον
1248 3063 1393 3146 ζῷον
1439 3062 1619 3140 ἦλθεν
1670 3065 1730 3138 ἐς
1780 3065 1971 3139 θεούς.

278 3263 687 3353 Languidmn
740 3269 836 3330 est
883 3258 926 3345 ᾧ
975 3264 1288 3344 χρήσομαι
1336 3265 1403 3329 in
1449 3263 1727 3352 Trygeei
1777 3264 1988 3331 verbis
2033 3285 2126 3330 vs.
2180 3264 2345 3331 142:

650 3369 934 3443 ἐπίτηδες
977 3366 1146 3450 εἶχον
1197 3369 1529 3447 πηδάλιον,
1580 3364 1623 3451 ᾧ
1670 3372 2106 3451 χρήσομαι.

195 3474 357 3553 Quid
422 3479 741 3562 requiram
804 3476 1090 3542 ostendet
1156 3477 1425 3564 Lysistr.
1489 3475 1653 3541 929:
1723 3476 1891 3558 δεῦρό
1941 3501 2071 3555 νυν,
2123 3475 2165 3543 ὦ
2214 3479 2465 3561 χρυσίον
2516 3484 2581 3545 et.

199 3580 469 3651 Acharn.
539 3583 748 3649 1200:
823 3581 1175 3665 φιλήσατόν
1237 3608 1321 3659 με
1376 3585 1713 3661 μαλθακῶς
1779 3581 1822 3649 ὦ
1874 3586 2127 3668 χρυσίω.
2224 3584 2427 3652 Sicuti
2475 3586 2581 3651 hic

194 3693 566 3757 correxerim
626 3686 667 3754 ὦ
732 3689 1078 3771 χρυσία,
1144 3691 1235 3755 sic
1281 3695 1488 3775 potest
1536 3692 1730 3755 etiam
1782 3710 1929 3756 cum
1978 3695 2215 3759 maiore
2261 3692 2583 3761 evidentia

195 3791 357 3859 idem
407 3797 585 3863 reddi
636 3795 1030 3862 Philocleoni
1078 3797 1143 3859 in
1194 3795 1417 3881 Vespis
1463 3818 1559 3863 vs.
1614 3795 1828 3863 1353:

644 3903 769 3981 ἐγώ
819 3902 901 3979 σ’,
954 3901 1203 3967 ἐπειδάν
1251 3901 1433 3979 οὑμὸς
1483 3903 1606 3976 υἱὸς
1654 3904 1964 3988 άποθάνη,

646 4008 988 4087 λυσάμενος
1041 4006 1155 4084 ἔξω
1207 4008 1583 4086 παλλακήν,
1636 4007 1678 4074 ὦ
1724 4010 2051 4090 χοιρίον.

201 4106 369 4178 Itane
417 4114 456 4180 ὦ
509 4116 730 4196 χοιρίον
748 4113 805 4179 Ἰ·
821 4115 919 4180 Ne
968 4115 1393 4199 prostibulum
1446 4114 1700 4200 quidem
1753 4115 2208 4201 propudiosum
2259 4121 2323 4182 et
2370 4117 2581 4184 abiec-

206 4215 430 4285 tissimi
499 4222 738 4288 ordinis
808 4221 873 4285 in
940 4241 1087 4285 sene
1155 4227 1437 4287 amatore
1504 4219 1665 4286 tales
1712 4220 2054 4287 blanditias
2101 4223 2278 4287 seret.
2372 4222 2580 4311 Lege:

207 4316 244 4380 ὦ
303 4330 655 4403 χρυσίον.
751 4327 904 4393 Alio
967 4347 1153 4391 sensu
1218 4325 1388 4393 filius
1450 4328 1528 4393 ad
1573 4332 1817 4413 patrem
1872 4349 1961 4394 vs,
2020 4327 2225 4394 1365:
2275 4331 2582 4411 τυφεδανὲ

211 4432 308 4490 καὶ
356 4435 697 4514 χοιρόθλιψ.
