3192 5017
531 212 619 278 213
1562 232 1895 282 nummus.

529 406 773 489 potitus
820 408 953 487 est,
999 423 1123 468 non
1172 422 1298 487 quo
1345 424 1506 469 anno
1551 410 1741 470 natus
1791 410 1908 471 est.
1957 404 2051 469 De
2093 406 2191 470 die
2237 413 2361 492 {pso
2406 406 2625 475 fabula
2665 416 2796 475 est:
2839 408 2919 474 de

531 531 693 576 anno
753 512 908 574 satis
970 514 1255 586 constat,
1320 530 1546 594 nempe
1607 529 1768 576 anno
1816 510 1947 575 406
1998 514 2031 585 ἦ
2078 513 2248 593 τύχη
2298 510 2442 590 ἅμα
2488 515 2590 578 τὸν
2639 517 2922 593 μιμητὴν

529 623 647 682 τῶν
694 619 1001 695 τραγικῶν
1054 617 1260 679 παθῶν
1308 613 1625 693 ἐξήγαγεν
1674 618 1779 679 καὶ
1829 618 1928 680 τὸν
1977 619 2284 695 azymas-{w
2334 622 2793 699 ἐπεισήγαγεν,
2845 628 2923 686 ut

528 722 740 807 lepide
788 722 954 786 dixit
1002 720 1305 786 Timaeus
1353 722 1521 807 apud
1568 722 1988 786 Plutarchum
2039 724 2154 788 1.].

621 828 780 894 'Pam
865 827 1218 912 puerilibus
1296 831 1694 913 argumentis
1761 828 2090 913 Eunapius
2159 831 2427 914 putabat
2498 833 2922 899 demonstrari

525 956 707 1022 posse
756 934 1056 999 historiae
1104 934 1519 1018 scriptoribus
1566 932 2061 1021 Chronologiam
2110 956 2244 1001 esse
2289 937 2625 1003 inutilem!

620 1147 858 1212 Nullus
916 1152 1011 1210 est
1073 1148 1341 1229 scriptor
1388 1165 1578 1228 quem
1628 1144 1955 1229 Eunapius
2002 1146 2195 1211 homo
2242 1148 2512 1213 minime
2555 1148 2778 1214 doctus
2826 1150 2924 1214 di-

526 1255 837 1342 ligentius
906 1252 1138 1337 legerit
1209 1271 1401 1336 quam
1468 1250 1913 1315 Plutarchum.
1979 1254 2386 1332 Πλούταρχος
2455 1255 2488 1329 ἦ
2536 1256 2921 1334 Φιλοσοφίας

528 1360 783 1433 άπάσης
835 1355 1172 1438 Ἀφροδίτη
1221 1357 1324 1419 καὶ
1375 1357 1569 1433 λύρα,
1625 1363 1697 1420 ut
1745 1356 1967 1421 scribit
2012 1360 2075 1420 in
2126 1357 2199 1421 V.
2251 1356 2297 1421 S
2367 1380 2514 1444 pag.
2567 1362 2606 1422 3
2656 1366 2720 1424 et
2762 1360 2923 1424 ibid.

525 1488 675 1554 pag.
741 1466 804 1529 4.
868 1465 937 1528 τὸ
1002 1467 1303 1530 κάλλιςον
1367 1464 1557 1526 αὐτοῦ
1613 1463 1985 1548 (Plutarchi)
2034 1470 2149 1527 τῶν
2196 1463 2724 1543 συγγραμμάτων
2773 1466 2927 1530 εἰσὶν

526 1576 577 1638 οἱ
652 1570 1017 1647 καλούμενοι
1090 1568 1485 1647 παράλληλοι
1557 1568 1683 1643 βίοι
1754 1575 1872 1632 τῶν
1944 1570 2162 1646 άρίςων
2227 1607 2306 1617 -
2374 1570 2616 1649 άνδρῶν.
2711 1570 2916 1650 Quam

526 1678 737 1745 multa
796 1677 1124 1762 Eunapius
1186 1696 1223 1741 a
1286 1674 1631 1740 Plutarcho
1691 1696 1813 1738 non
1859 1678 2187 1740 nominato
2234 1679 2537 1741 sumserit
2581 1680 2648 1741 in
2695 1680 2919 1762 paucis

527 1787 701 1850 hisce
747 1783 1157 1849 Historiarum
1203 1780 1582 1867 fragmentis
1629 1780 1957 1845 ostendere
2003 1782 2207 1847 iuvat.

619 1996 875 2083 Fragm.
947 1996 1052 2060 14.
1104 1994 1166 2059 2.
1231 1995 1258 2057 ὁ
1322 1998 1624 2068 Ῥωμαῖος
1693 1992 1926 2073 Μάριος
1977 1995 2078 2057 τὸν
2128 1993 2474 2058 άντίπαλον
2525 1995 2783 2059 Σύλλαν
2832 1994 2916 2059 δι·

528 2108 720 2169 πλοῦν
785 2104 972 2180 θηρίον
1036 2102 1367 2164 άποκαλῶν
1432 2099 1736 2161 άλώπεκα
1784 2099 1888 2162 καὶ
1939 2099 2158 2163 λέοντα
2208 2105 2452 2176 μᾶλλον
2502 2099 2746 2182 ἔφασκε
2794 2108 2913 2181 φο-

525 2211 775 2289 βεῖσθαι
847 2210 957 2281 τὴν
1028 2209 1349 2269 άλώπεκα.
1444 2203 1829 2269 Plutarchus
1899 2207 1965 2269 in
2038 2206 2208 2269 Sulla
2273 2206 2381 2270 28.
2438 2206 2538 2272 18.
2604 2207 2912 2286 Κάρβωνά

526 2324 723 2400 φασιν
786 2316 977 2379 εἰπεῖν
1031 2316 1108 2383 ὠς
1159 2311 1435 2375 άλώπεκι
1484 2314 1588 2374 καὶ
1641 2309 1836 2375 λέοντι
1887 2317 2173 2387 πολεμῶν
2220 2313 2282 2376 ἐν
2328 2322 2406 2393 τῇ
2458 2316 2680 2377 Σύλλα
2727 2322 2911 2394 ψυχῇ

527 2427 914 2490 κατοικοῦσιν
978 2420 1091 2484 ὑπὸ
1155 2427 1266 2493 τῆς
1320 2417 1649 2495 ,άλώπεκος
1715 2417 1930 2495 άνιῷτο
1980 2421 2245 2493 μᾶλλον.
2341 2417 2714 2484 Memoriter
2758 2421 2912 2485 haee

523 2532 798 2597 referens
846 2528 1172 2611 Eunapius
1220 2544 1330 2609 pro
1378 2521 1663 2588 Carbone
1687 2570 1702 2598 ,
1753 2544 1940 2608 quem
1988 2543 2111 2588 uon
2157 2530 2449 2601 noverat,
2498 2529 2907 2591 notissimum

524 2638 810 2706 Marium
860 2632 1214 2699 substituit.

614 2849 873 2935 Fragm.
934 2844 1040 2909 21.
1091 2843 1150 2908 2.
1219 2844 1287 2907 τὸ
1335 2842 1446 2918 πρὸ
1499 2846 1928 2916 Κτησιφῶντος
1976 2838 2176 2903 πεδίον
2223 2840 2251 2903 ὁ
2268 2864 2297 2917 ρ
2314 2842 2471 2919 χής·
2488 2864 2623 2919 ραν
2674 2840 2908 2905 πολέ-

521 2980 673 3035 μου
762 2952 1041 3031 πρότερον
1123 2945 1493 3029 άποδείξας,
1563 2949 1641 3018 ὡς
1715 2944 1932 3022 ἔλεγεν
2005 2944 2546 3029 Ἐπαμεινώνδας,
2621 2946 2909 3011 Διονύσου

522 3062 742 3135 σκηνὴν
792 3058 1105 3123 ἐπεδείκνυ
1152 3052 1500 3123 Ἰουλιανός.
1595 3051 1980 3116 Plutarchus
2025 3054 2092 3115 in
2142 3053 2438 3115 Marcello
2483 3074 2631 3139 pag.
2674 3052 2823 3116 310.
2855 3058 2909 3114 b.

522 3165 1023 3242 Ἐπαμεινώνδας
1095 3162 1162 3226 τὸ
1214 3156 1485 3224 Βοιώτιον
1534 3157 1738 3223 πεδίον
1777 3156 2056 3236 ’Ἄρεος
2106 3160 2135 3222 ὃ
2152 3181 2181 3236 ρ
2198 3160 2516 3238 χήςραν
2559 3166 2906 3237 προσεῖπεν.

523 3281 588 3341 et
646 3274 828 3340 Tom.
894 3270 957 3334 II
1046 3289 1193 3354 pag.
1248 3264 1394 3331 193.
1447 3287 1492 3328 e.
1559 3264 2057 3348 (Epaminondas)
2106 3270 2215 3339 τὴν
2261 3263 2473 3345 χώραν
2520 3266 2750 3330 ὑπτίαν
2799 3263 2904 3327 καὶ

523 3376 1057 3453 άναπεπταμένην
1106 3371 1464 3449 πολέμου
1511 3371 1925 3451 &exsistam
1970 3371 2429 3451 προσηγόρευεν.

612 3590 869 3675 Fragm.
917 3584 1003 3648 24
1051 3583 1248 3660 φασὶν
1294 3579 1700 3657 Ἀλεξάνδρου
1750 3578 2081 3658 θειάζοντος
2133 3582 2345 3646 ἑαυτὸν
2387 3584 2453 3647 ἐκ
2498 3583 2641 3654 Διὸς
2667 3586 2906 3661 Ὀλυμ-

521 3696 721 3761 πιάδα
771 3690 1178 3771 θρυπτομένην
1225 3689 1528 3767 φάσκειν·
1588 3688 1692 3767 „oo
1741 3687 2051 3751 παύσεται
2102 3690 2170 3753 τὸ
2210 3690 2519 3764 μειράκιον
2557 3690 2906 3768 διαβάλλειν

521 3827 604 3880 με
656 3802 799 3878 πρὸς
849 3800 957 3871 τὴν
1000 3793 1251 3871 ‘'ripam”
1344 3792 1588 3857 Sumsit
1637 3792 2031 3877 perlepidum
2084 3793 2488 3880 Olympiadis
2534 3795 2779 3860 dietum
2828 3818 2906 3861 ex

518 3905 849 3974 Plutarchi
920 3904 1057 3967 vita
1120 3899 1456 3963 Alexandri
1502 3919 1638 3983 cap.
1693 3898 1753 3961 3.
1809 3899 2005 3977 φασὶν
2058 3901 2246 3971 αὐτὴν
2300 3901 2758 3986 (Olympiadem)
2807 3902 2906 3966 M!-

517 4038 652 4093 γειν
721 4011 827 4088 ,,οὗ
891 4006 1209 4071 παύσεταί
1274 4030 1353 4080 με
1427 4004 1791 4081 διαβάλλων
1856 4003 2256 4084 Ἀλέξανδρος
2308 4008 2450 4082 πρὸς
2501 4010 2609 4079 τὴν
2653 4006 2908 4085 Ἥραμ,”

516 4116 903 4185 Plutarchus
962 4120 1315 4196 temporum
1371 4131 1611 4196 gnarus
1673 4130 1797 4175 non
1860 4113 2071 4194 potuit
2118 4111 2549 4178 Alexandrum
2597 4115 2905 4193 μειράκιον

516 4220 833 4309 appellare
853 4268 871 4297 ‚
922 4223 996 4283 ut
1041 4216 1388 4300 Eunapius.
