3192 5017
450 261 539 334 '78
1444 282 1840 335 Arsomm.

414 458 557 543 ·qui
614 477 762 523 cum
819 455 1264 523 Heimsoethio
1310 457 1642 533 κυκώμενοι
1690 457 1979 543 scripsit,
2032 453 2260 522 deinde
2307 455 2538 522 incidit
2582 457 2687 523 in:
2735 454 2847 523 κύ-

446 586 647 646 ρισσον
691 565 801 635 εἷς
854 564 1138 643 σκιραν
1184 560 1416 646 χθόνα.
1477 562 1564 629 Et
1611 561 1689 630 de
1734 549 1855 629 hac
1902 561 2162 649 quidem
2209 565 2572 650 conjectura
2617 561 2850 629 dubito

448 670 604 756 quid
672 670 882 736 dicam
906 720 922 746 ‚
995 669 1159 736 illud
1224 675 1441 736 autem
1502 669 1866 759 intelligere
1927 669 2096 734 mihi
2158 667 2380 737 videor
2423 671 2846 756 participium

449 778 758 855 νικώμενοι
820 775 1103 843 nondum
1168 782 1338 843 recte
1402 775 1816 842 emendatum
1882 795 2040 842 esse.
2133 773 2435 861 Suspicor
2500 774 2844 842 Persarum

449 884 641 950 duces
687 904 721 949 e
768 883 1040 949 navibus
1085 884 1155 948 in
1197 882 1387 948 littus
1431 881 1743 948 excidisse
1786 881 2048 966 supinos.
2110 879 2284 947 Hinc
2329 882 2846 963 ῥικνούμενοι

449 989 806 1078 Aeschylus
851 990 1126 1056 scribere
1169 990 1402 1075 potuit.
1449 988 1545 1055 Of.
1596 987 1902 1054 Photius:
1944 986 2208 1067 λέγεται
2249 987 2312 1053 δὲ
2348 987 2452 1053 κα)
2491 985 2844 1072 ρικνοῦσθαι

449 1096 522 1163 τὸ
605 1095 941 1174 καμπύλον
1022 1092 1383 1182 γίγνεσθαιζ
1449 1094 1825 1175 ἀσχημόνως
1900 1094 2005 1160 κα)
2077 1094 2251 1160 κατὰ
2332 1095 2653 1161 συνουσίαν
2732 1095 2842 1161 καὶ

451 1201 699 1285 ὄρχησιν
769 1201 1150 1280 καμπτοντα
1212 1204 1322 1277 τὴν
1383 1203 1602 1283 όσφῦν.
1677 1207 2005 1283 Σοφοκλῆς
2070 1202 2438 1282 Ἰχνευταῖς.
2519 1200 2846 1288 Compone

451 1309 688 1375 Xerxis
731 1308 927 1375 verba
973 1329 1069 1374 vs,
1124 1306 1292 1374 964:
1342 1308 1546 1383 ὀλοοὺς
1595 1307 1934 1374 ἀπέλειπον
1983 1309 2219 1387 Τυρίας
2268 1309 2336 1374 ἐκ
2378 1308 2520 1383 ναὸς
2562 1308 2837 1391 ἔρροντας

454 1418 553 1481 ἐπ’
599 1421 851 1489 ἀκταῖς.
944 1414 1091 1482 Non
1137 1415 1484 1481 admodum
1532 1415 1845 1482 dissimile
1892 1422 2025 1493 est,
2074 1437 2275 1501 quum
2301 1414 2645 1499 *Homerus
2682 1416 2845 1483 dicit

455 1522 793 1602 κυβιςῆσαι
856 1541 1007 1588 eum
1054 1523 1167 1606 qui
1213 1542 1247 1586 e
1295 1541 1490 1586 curru*
1530 1523 1600 1586 in
1646 1526 1883 1587 terram
1931 1521 2192 1588 decidit.
2282 1521 2525 1589 Eodem
2568 1525 2848 1610 pertinet

456 1628 784 1696 Scholion:
835 1624 1126 1699 πεσόντες
1173 1627 1300 1708 γὰρ
1351 1624 1688 1706 ἡμιθνῆτες
1730 1628 1874 1694 ποσί
1909 1652 1980 1694 τε
2023 1629 2128 1694 καὶ
2170 1633 2422 1711 κεφαλῇ
2465 1629 2844 1710 ἑςροβοῦντο.

546 1824 723 1908 Pers.
764 1823 905 1907 '370
950 1842 1150 1906 miror
1195 1839 1506 1907 absonum
1551 1841 1878 1927 participii
1924 1861 2153 1920 usum3
2203 1845 2316 1929 qui
2362 1844 2535 1909 enim
2574 1840 2843 1924 δρασμὸν

460 1944 595 2031 εὗρε
615 1997 633 2033 ,
672 1950 813 2035 jam
858 1945 1098 2028 ἀπέδρα
1146 1967 1422 2031 eumque
1470 1946 1708 2012 frustra
1751 1949 2132 2033 insequeris:

912 2054 989 2125 ὦς
1037 2053 1090 2118 εἰ
1136 2052 1316 2132 μόρον
1361 2050 1714 2130 φευξοίαθ’
1739 2050 2043 2127 Ἕλληνες
2091 2053 2312 2140 κακόν,

911 2158 1121 2225 ναυσὶν
1168 2159 1478 2240 κρυφαίως
1527 2158 1795 2240 δρασμὸν
1843 2158 2210 2240 εὑρόντες
2259 2160 2432 2239 τινα,

911 2268 1067 2331 ποῖσι
1115 2262 1408 2345 ςέρεσθαι
1458 2266 1680 2347 κρατὸς
1728 2263 1797 2342 ἦν
1846 2267 2254 2348 προκείμενον.

458 2373 629 2456 Quid
675 2374 995 2458 requiram
1013 2420 1031 2451 ,
1082 2374 1320 2458 aperiet
1365 2393 1462 2439 vs.
1513 2370 1682 2439 795:

821 2554 824 2558 ,
912 2479 1063 2544 ἀλλ’
1111 2480 1349 2554 εὖςαλῆ
1397 2502 1488 2544 τοι
1557 2478 1776 2545 λεκτὸν
1822 2480 2085 2561 ἀροῦμεν
2127 2478 2307 2550 ςόλον
2327 2528 2344 2558 ,

457 2606 735 2673 quocum
781 2604 1088 2671 compone
1134 2606 1226 2652 vs.
1280 2582 1447 2650 481:

914 2694 1059 2757 κατ’
1106 2688 1270 2771 οὖρον
1310 2693 1417 2757 οὐκ
1467 2691 1763 2771 εὔκοσμον
1813 2691 2082 2772 αἴρονται
2131 2693 2365 2775 φυγήν.

457 2799 700 2868 Eodem
764 2798 950 2864 modo
970 2846 986 2876 ‚
1044 2799 1172 2864 nisi
1234 2796 1450 2878 fallor,
1506 2797 1777 2880 δρασμὸν
1825 2797 2012 2878 αἴρειν
2059 2805 2227 2866 recte
2272 2800 2520 2866 dicetur
2562 2805 2627 2866 et
2672 2820 2847 2887 repo·

458 2922 646 2971 nam:
697 2904 980 2984 ἄραντες.

552 3115 727 3183 Pers.
779 3113 945 3181 539:

1005 3221 1252 3298 διαμυ
1271 3222 1306 3287 δ
1325 3220 1609 3294 αλέοις
1658 3219 1908 3303 δάκρυσι
1956 3220 2220 3295 κόλπους

1007 3326 1303 3407 remove·
1349 3325 1589 3406 ἄλγους
1645 3328 2052 3408 μετέχουσαι.

459 3434 785 3503 Praefero:
832 3432 1471 3513 διαμυδαλέους.

550 3644 923 3711 Portentose
970 3645 1252 3730 corrupti
1299 3647 1450 3710 sunt
1494 3642 1797 3710 versiculi
1844 3644 2020 3711 Pers.
2072 3643 2244 3712 576:

1145 3750 1558 3828 κναπτόμενοι
1606 3750 1659 3815 δ’
1705 3750 1847 3816 ἁλὶ
1898 3751 2124 3818 δεινὰ

1143 3857 1520 3924 σκύλλονται
1571 3858 1718 3940 πρὸς
1766 3857 2042 3924 ἀναύδων

1143 3964 1378 4032 παίδων
1423 3968 1543 4036 τᾶς
1590 3963 1921 4043 ἀμιάντου.

461 4073 682 4141 Sermo
745 4076 841 4137 est
888 4072 967 4137 de
1012 4073 1248 4137 misera
1293 4077 1460 4139 sorte
1508 4072 1848 4138 Persarum
1869 4118 1887 4148 ,
1937 4073 2047 4156 qui
2093 4073 2259 4137 mari
2306 4072 2741 4140 occubuerunt
2785 4081 2851 4141 et

463 4180 698 4268 praeda
729 4178 884 4244 facti
920 4183 1072 4243 sunt
1111 4180 1438 4264 rapacium
1462 4181 1755 4264 piscium.
1807 4176 1926 4243 Sed
1954 4177 2108 4261 quid
2134 4184 2229 4243 est
2254 4178 2360 4244 ἁλὶ
2390 4177 2593 4246 amai?
2640 4180 2852 4247 Facile

461 4285 781 4355 credimus
817 4282 1166 4362 Dindorfio,
1216 4282 1469 4350 Codicis
1515 4283 1856 4349 lectionem
1904 4288 2264 4369 suspectam
2312 4305 2479 4371 esse,
2527 4285 2638 4352 sed
2684 4286 2852 4372 quod

456 4393 713 4479 reponit
785 4390 937 4462 ἁλὸς
1008 4388 1154 4456 αἰναί
1172 4436 1189 4469 ,
1265 4391 1332 4457 id
1400 4390 1650 4456 tamdiu
1679 4391 1946 4473 -poterit
2005 4390 2292 4476 probari,
2359 4391 2553 4458 donec
2616 4392 2851 4460 melius
