3192 5017
1302 284 1691 341 somonam„
2560 264 2693 335 219

936 463 1172 540 ἀγνῶτ’
1218 463 1419 527 ἀκούω
1474 461 1757 542 Φθόγγον
1805 458 2071 540 ὀρνίθων.

310 569 426 636 Hic
493 568 790 655 equidem
863 569 1246 653 praeferam:
1323 566 1396 633 ἵν’
1470 571 1661 646 ἡμῖν
1736 568 1966 639 παντὸς
2036 566 2237 630 οἰωνοῦ
2309 565 2527 640 λιμήν,
2590 563 2696 629 vel

310 677 487 753 ἡμὶν
508 728 525 754 ,
589 696 756 762 quae
817 675 1022 740 forma
1070 674 1369 761 Sophocli
1417 678 1484 738 in
1532 673 1781 739 deliciis
1834 679 1948 739 est.
2045 671 2287 737 Eadem
2338 669 2697 757 corruptela

307 804 429 847 sese
474 783 644 848 mihi
696 779 932 847 obtulit
972 784 1039 845 in
1079 780 1311 846 Electr.
1357 778 1511 857 785,
1549 780 1663 845 ubi
1702 780 1921 846 audita
1960 778 2200 843 Orestis
2224 784 2429 843 morte
2452 778 2696 843 nefaria

306 894 499 953 mater
544 888 710 954 haec
754 888 1172 952 vociferatur:

666 1000 768 1059 νῦν
817 992 899 1075 δ’,
950 994 1147 1075 ἡμέρᾳ
1197 994 1321 1074 γὰρ
1370 992 1506 1075 τῇδ’
1557 993 1945 1070 ἀπηλλάγην
1992 990 2198 1073 Φόβου

670 1101 816 1180 πρὸς
865 1101 1032 1171 τῆςδ’
1082 1099 1307 1164 ἐκείνου
1359 1099 1460 1165 θ’·
1511 1096 1611 1174 ἥδε
1662 1099 1787 1177 γὰρ
1834 1096 2057 1178 μείζων
2100 1097 2329 1175 βλάβη

670 1207 935 1284 ξύνοικος
990 1201 1027 1280 ἦ
1042 1230 1070 1268 ν
1113 1230 1274 1283 μοι.
1323 1205 1546 1282 τούμὸν
1593 1204 1898 1270 ἐκπίνουσ”
1948 1204 2047 1269 αἐὶ

665 1318 884 1392 ψυχῆς
934 1311 1200 1390 ἄκρατον
1252 1307 1447 1388 αἷμα·
1498 1318 1601 1375 νῦν
1649 1311 1702 1375 δ’
1749 1308 1947 1385 ἕκηλά
1996 1334 2111 1374 που

673 1416 792 1484 τῶν
840 1418 1008 1490 τῆςδ’
1054 1419 1326 1483 ἀπειλῶν
1375 1415 1563 1497 εἵνεχ’
1618 1419 2048 1496 ἡμερεύσομεν.

312 1522 535 1588 Malim
602 1524 868 1602 ξύνοικος
946 1525 1087 1601 ἠμί
1103 1550 1147 1587 ν.
1248 1524 1481 1590 Totum
1542 1523 1758 1589 locum
1808 1524 2110 1608 descripsi
2159 1530 2233 1588 ut
2278 1529 2575 1608 appareat
2621 1544 2696 1587 ex

307 1629 488 1694 verbo
538 1630 957 1710 ἡμερεύσομεν
1002 1630 1248 1696 nullam
1298 1651 1431 1695 esse
1478 1630 1882 1695 offensionem
1931 1631 1996 1694 in
2047 1629 2281 1715 plurali
2327 1650 2612 1694 numero.

389 1840 532 1906 Non
578 1848 758 1908 recte
805 1842 1181 1925 describitur
1230 1840 1431 1909 Creon
1482 1865 1577 1908 vs.
1631 1841 1847 1908 1163:

765 1949 1046 2026 λαβών
1092 1973 1162 2014 τε
1209 1949 1417 2029 χώρας
1466 1957 1752 2023 παντελῆ
1798 1947 2148 2027 μοναρχίαν

763 2052 1005 2129 εὔθυνε,
1055 2052 1315 2120 θάλλων
1361 2058 1610 2132 εὐγενεῖ
1646 2057 1867 2119 τέκνων
1913 2062 2133 2137 σπορᾷ.

322 2158 457 2225 Non
506 2160 768 2239 λαβὼν,
815 2162 939 2225 nisi
985 2159 1204 2239 fallor,
1255 2162 1363 2226 sed
1410 2162 1702 2241 λαχών,
1751 2162 1996 2227 scilicet
2042 2160 2252 2239 γένους
2301 2162 2445 2225 κατ’
2500 2162 2705 2241 ἀγχι-

314 2273 444 2331 ςεῖα
487 2275 611 2332 τῶν
660 2268 1016 2350 ὀλωλότων,
1064 2272 1140 2332 ut
1186 2273 1284 2332 est
1332 2288 1424 2333 vs.
1479 2266 1631 2333 174.

396 2475 567 2541 Risit
640 2472 874 2543 alicubi
937 2476 1216 2543 Cobetus
1271 2497 1477 2561 neque
1538 2476 1866 2541 immerito
1918 2476 2344 2541 studiosorum
2386 2480 2700 2563 juvenum

318 2583 619 2669 ineptias,
694 2589 803 2670 qui
861 2605 1059 2669 quum
1126 2584 1325 2649 semel
1386 2586 1746 2668 iterumque
1809 2582 2183 2669 Sophoclem
2247 2583 2700 2672 perlegissent,

318 2689 440 2754 sine
504 2711 693 2756 mora
759 2711 893 2756 sese
964 2691 1365 2777 accingerent
1434 2689 1513 2753 ad
1575 2690 1947 2776 corrigenda
2008 2697 2073 2754 et
2132 2689 2534 2755 sollicitanda
2598 2710 2704 2774 ea,

319 2813 469 2877 quae
535 2799 809 2862 vixdum
874 2798 1029 2861 satis
1092 2799 1447 2881 potuissent
1492 2816 1883 2883 cognoscere.
1979 2796 2123 2860 Non
2166 2798 2389 2882 ignoro
2437 2798 2502 2860 in
2551 2817 2708 2881 quos

316 2897 426 2965 hoc
486 2903 737 2967 dictum
799 2904 879 2966 sit
947 2908 1012 2967 et
1072 2903 1343 2966 memini
1389 2906 1682 2987 tempus,
1732 2922 1933 2986 quum
1981 2901 2213 2967 Leidae
2262 2908 2570 2988 quotquot
2610 2904 2704 2966 ibi

315 3009 666 3075 studiorum
732 3029 921 3074 causa
980 3009 1562 3083 commorabamur,
1620 3028 1840 3073 omnes
1889 3010 2159 3093 correpti
2208 3029 2489 3074 essemus
2539 3029 2703 3075 novo

318 3114 583 3194 quodam
654 3115 884 3179 furoris
953 3135 1184 3201 genere
1241 3119 1305 3179 et
1366 3115 1661 3179 certatim
1731 3114 2118 3180 deferremur
2183 3115 2260 3180 ad
2325 3114 2704 3200 Sophoclem

317 3222 798 3287 emendandum.
895 3219 1081 3284 Nihil
1129 3222 1359 3285 attinet
1406 3219 1692 3305 proloqui
1746 3241 1870 3305 quo
1920 3227 2153 3285 eventu
2202 3222 2498 3306 equidem
2559 3231 2709 3286 tunc

318 3326 630 3407 praeclara
689 3338 798 3401 τῆς
868 3327 1163 3399 Ἀττικῆς
1224 3329 1523 3404 μελίττης
1588 3310 2004 3393 monumenta
2054 3331 2454 3405 vexaverim,
2506 3349 2707 3415 quum

319 3434 498 3497 etiam
567 3433 759 3500 hodie
816 3439 960 3518 post
1018 3454 1211 3498 annos
1272 3432 1419 3518 plus
1482 3454 1675 3518 quam
1740 3436 2010 3521 triginta
2057 3439 2235 3499 tanta
2284 3435 2450 3499 mihi
2499 3435 2710 3502 deesse

319 3536 709 3629 intelligam,
773 3540 881 3606 sed
930 3540 1057 3605 fuit
1103 3547 1319 3604 tamen
1366 3541 1533 3604 inter
1578 3560 1693 3604 nos
1741 3539 1902 3606 alter
1948 3538 2148 3606 altero
2189 3542 2519 3607 interdum
2568 3541 2708 3608 feli-

321 3642 441 3708 cior
508 3654 574 3712 et
640 3668 765 3712 non
833 3653 930 3712 est
997 3646 1364 3711 mirandum
1434 3647 1617 3711 nobis
1678 3647 1978 3712 accidisse
2044 3648 2211 3733 quod
2258 3650 2456 3714 etiam
2504 3651 2705 3714 caecis

323 3750 573 3832 gallinis
643 3755 709 3817 in
779 3750 1018 3817 fabula.
1113 3750 1329 3817 Veluti
1400 3772 1527 3817 una
1595 3754 1931 3817 nobiscum
1998 3761 2133 3819 erat
2194 3753 2541 3838 Pompius,
2593 3757 2705 3839 qui

324 3864 522 3928 vostea
585 3861 650 3923 in
712 3856 933 3924 Gelria
995 3856 1233 3922 alicubi
1279 3878 1394 3942 per
1441 3857 1682 3924 multos
1728 3879 1921 3924 annos
1967 3881 2198 3945 pueros
2244 3861 2439 3925 bonas
2489 3859 2707 3925 literas

323 3957 525 4029 docuit
572 3987 644 4029 ac
691 3964 954 4029 fortasse
1004 3967 1370 4028 etiamnunc
1417 3964 1631 4041 docet;
1684 3967 1738 4028 is
1788 3969 2165 4052 provocavit
2210 3987 2323 4031 nos
2373 3966 2711 4052 aliquando

324 4071 391 4129 ut
432 4072 900 4155 disputaremus
948 4070 1024 4134 de
1069 4068 1294 4158 Antig.
1344 4091 1433 4135 vs.
1492 4069 1708 4135 1219:

761 4175 902 4241 τάδ’
952 4176 1038 4253 ἐξ
1084 4177 1399 4252 ἀθύμου
1445 4176 1744 4242 δεσπότου
1796 4179 2218 4255 κελεύσμασιν

768 4283 1077 4362 ἠθροῦμεν.

328 4380 553 4453 Neuius
619 4402 733 4474 pro
796 4387 1096 4469 ἠθροῦμεν
1154 4390 1437 4475 reposuit
1483 4391 1782 4475 ἐδρῶμεν,
1831 4392 1999 4479 quod
2047 4391 2379 4460 Nauckius
2427 4400 2695 4485 recepit,
