3192 5017
1196 353 1589 407 ansanum.
2508 329 2594 401 67

702 530 879 607 τέλος
923 529 980 597 δ’
1032 529 1290 612 ἐναργὴς
1340 530 1530 609 βάξις
1580 525 1772 606 ἦλθεν
1820 526 2083 614 Ἰνάχῳ,

699 645 920 718 σαφῶς
969 637 1434 712 ἐπισκήπτουσα
1487 637 1591 702 καὶ
1619 634 1997 717 ,μυθουμένη

702 743 812 819 ἔξω
859 743 1054 824 δόμων
1099 767 1169 810 τε
1218 743 1324 809 καὶ
1372 744 1621 824 πάτρας
1667 741 1848 809 ὠθεῖν
1895 741 2006 819 ἐμέ
2026 789 2043 819 ,

701 848 936 934 ἄφετον
984 848 1276 916 άλέὶσθαι
1324 857 1444 929 γῆς
1492 852 1590 915 ἐπ’
1640 851 1933 933 ἐσχάτοις
1984 845 2168 927 ὅροις,

701 959 822 1023 κεί
870 959 959 1036 μὴ
1007 956 1219 1043 θέλοι,
1267 957 1550 1037 πυρωπὸν
1597 958 1666 1022 ἐκ
1715 956 1860 1031 Διὸς
1908 962 2122 1034 μολεῖν

703 1064 1020 1144 κεραυνὸν,
1069 1059 1130 1137 ὃς
1180 1068 1310 1129 πᾶν
1357 1060 1721 1139 ἐξαϊστώσει
1769 1062 1964 1142 γένος.

221 1168 307 1234 Ad
348 1169 519 1236 hunc
567 1169 782 1237 locum
833 1169 1226 1237 Weckleinii
1272 1175 1369 1236 est
1414 1170 1775 1237 adnotatio:
1826 1169 1957 1235 Mit
2001 1176 2217 1247 μολεῖν
2261 1166 2435 1256 (stau
2481 1191 2591 1246 μο·

221 1274 486 1362 λεῒσθαι)
532 1279 688 1342 vird
731 1279 881 1343 ohne
926 1278 1253 1343 Raekaeickt
1299 1279 1423 1365 auf
1457 1278 1557 1342 die
1604 1278 1736 1342 Zeit
1785 1278 1886 1342 die
1932 1277 2114 1341 sache
2156 1299 2236 1341 an
2283 1277 2408 1340 sich
2452 1277 2591 1341 her-

220 1385 580 1465 vorqekoben.
673 1384 920 1451 Deinde
980 1390 1058 1450 ut
1116 1405 1258 1451 eam
1316 1386 1700 1450 sententiam
1763 1384 2164 1469 comprobet,
2214 1381 2371 1448 duos
2417 1382 2595 1449 affert

218 1486 388 1554 locos.
487 1490 675 1556 Prior
742 1489 986 1578 legitur
1053 1492 1285 1578 Agam.
1355 1488 1561 1567 1612,
1624 1489 1774 1568 ubi,
1838 1495 2209 1575 postquam,
2244 1489 2595 1577 Aegisthus

220 1593 402 1660 dixit:
458 1597 563 1660 οὐκ
612 1597 941 1674 ἀναίνομαι
991 1593 1240 1672 θανεῖν,
1290 1596 1519 1661 chorus
1562 1595 1933 1681 respondet:
1981 1596 2332 1675 δεχομένοις
2382 1594 2590 1674 λέγεις

219 1702 400 1768 θανεῖν
469 1726 570 1779 σε,
644 1723 835 1788 quam
904 1705 1288 1787 scripturam
1356 1722 1504 1767 sane
1574 1701 1868 1787 equidem
1940 1721 2067 1767 non
2125 1700 2481 1768 sollicitabo
2528 1708 2593 1769 et

218 1828 396 1893 quam
459 1809 811 1875 ridiculum
871 1810 965 1875 ibi
1010 1808 1172 1875 foret
1217 1809 1510 1874 futurum
1558 1814 1815 1893 tempus
1833 1855 1849 1883 ,
1896 1808 1965 1872 id
2013 1807 2307 1893 perfacile
2351 1807 2592 1874 intelli-

219 1916 404 2001 gitur.
455 1914 673 1981 Minus
722 1917 918 1981 etiam
966 1914 1267 2001 praesidii
1312 1921 1408 1981 est
1452 1915 1521 1978 in
1567 1912 1763 1999 Soph.
1803 1912 1902 1978 El.
1955 1910 2107 1988 442,
2147 1913 2260 1979 ubi
2297 1917 2591 1981 certatim

218 2022 330 2086 viri
392 2021 563 2088 docti
622 2042 737 2108 pro
799 2018 1106 2098 δέξασθαι
1168 2027 1585 2107 reposuerunt
1641 2020 1934 2084 futurum
1985 2017 2303 2096 δέξεσθαι.
2396 2021 2596 2086 Addit

216 2132 524 2210 praeterea
596 2127 1042 2195 Weckleinius
1061 2177 1077 2205 ,
1151 2127 1229 2193 ab
1300 2128 1532 2192 aoristo
1593 2124 1863 2210 pendere
1919 2125 2211 2190 futurum
2278 2124 2594 2202 ἐξαϊςώσει

216 2232 460 2299 relativi
506 2237 904 2320 pronominis
949 2254 1065 2320 ope
1084 2283 1101 2309 ,
1150 2231 1319 2318 quod
1366 2251 1622 2317 prorsus
1667 2251 1791 2296 non
1839 2230 2026 2297 video
2066 2232 2218 2316 quid
2259 2232 2339 2298 ad
2377 2234 2595 2297 aoristi

218 2342 509 2426 temporis
571 2340 1063 2426 explicationem
1127 2338 1423 2406 conferat.
1520 2336 1701 2417 Quod
1747 2337 2029 2425 Krugeri
2074 2336 2305 2402 utilem
2348 2337 2590 2403 librum

216 2443 457 2524 laudat,
513 2446 695 2513 doleo
755 2447 924 2512 hunc
986 2444 1151 2511 mihi
1196 2464 1322 2510 non
1370 2445 1450 2510 ad
1498 2464 1727 2509 manus
1774 2464 1942 2520 esse,
1989 2442 2098 2509 sed
2148 2442 2447 2510 credibile
2497 2450 2594 2510 est

217 2557 591 2641 excerpsisse
660 2552 1131 2619 Weckleinium
1198 2550 1371 2616 locos
1390 2599 1406 2624 ,
1465 2552 1577 2635 qui
1638 2552 1921 2615 maxime
1980 2550 2107 2614 huc
2168 2552 2589 2635 pertinerent:

214 2661 389 2727 nobis
432 2667 684 2738 autem,
734 2666 1070 2747 postquam
1119 2659 1540 2744 cognovimus
1577 2677 1773 2742 quam
1814 2655 1979 2721 nihil
2018 2657 2143 2721 huc
2184 2656 2419 2721 faciant
2457 2655 2595 2721 lau-

218 2767 346 2835 dati
390 2789 640 2852 versus,
692 2766 1069 2832 concedetur
1117 2764 1378 2830 fortasse
1397 2811 1414 2840 ‚
1461 2765 1518 2828 si
1564 2760 2038 2850 neglexerimus
2082 2782 2156 2827 ea
2194 2783 2355 2847 quae
2395 2764 2591 2827 etiam

218 2876 424 2941 minus
486 2876 775 2962 apposite
832 2871 1199 2938 afferuntur.
1291 2868 1609 2955 Equidem
1658 2889 1780 2934 non
1828 2889 2085 2954 possum
2135 2869 2346 2933 verbis
2392 2867 2596 2934 decla-

218 3002 379 3059 rare,
427 3002 618 3069 quam
666 2979 831 3045 mihi
878 2983 1199 3045 contortae
1247 2975 1699 3062 explicationes
1745 2975 2122 3061 displiceant
2184 2981 2247 3040 et
2308 2974 2593 3040 multum

217 3094 484 3172 praestat
551 3087 736 3153 fateri
797 3085 1233 3173 ignorantiam
1254 3131 1269 3161 ‚
1330 3103 1523 3168 quam
1573 3103 1765 3148 suum
1814 3082 1936 3147 sibi
1983 3086 2226 3147 rectum
2271 3081 2593 3167 judicium

219 3212 626 3280 corrumpere.
721 3190 864 3257 Hoc
912 3189 1235 3256 mordicus
1284 3189 1546 3255 tenebo:
1595 3196 1810 3264 μολεῖν
1858 3192 2106 3273 praeter
2158 3188 2377 3253 aoristi
2430 3192 2594 3252 tem·

219 3301 376 3383 poris
442 3305 737 3365 naturam
804 3296 912 3363 hic
975 3301 1357 3382 usurpatum
1405 3299 1523 3361 est.
1618 3294 1686 3360 Si
1745 3292 2103 3380 Aeschylus
2163 3296 2257 3359 ita
2301 3294 2593 3378 scripsit,

220 3405 618 3495 indiligenter
689 3405 975 3489 scripsit:
1048 3401 1216 3488 quod
1287 3403 1343 3467 si
1413 3400 1587 3466 haud
1659 3400 1813 3465 satis
1877 3398 2180 3465 credibile
2240 3399 2590 3476 videbitur,

222 3510 458 3598 culpam
509 3513 924 3600 conjiciemus
971 3511 1039 3574 in
1082 3508 1418 3574 librarium
1467 3513 1533 3573 et
1580 3527 1963 3593 quaeremus
2006 3506 2382 3573 remedium.
2447 3506 2592 3572 Non

224 3615 461 3685 difficile
541 3619 882 3705 negotium
963 3616 1085 3680 hoc
1160 3621 1290 3693 est,
1363 3616 1432 3679 in
1500 3614 1724 3679 morbo
1793 3614 2164 3698 praesertim
2234 3617 2370 3679 tam
2439 3611 2591 3678 levi.

224 3720 455 3792 Scribe:

748 3830 816 3895 εἰ
865 3829 955 3906 μὶν
1004 3825 1177 3894 θέλοι
1226 3825 1506 3907 πυρωπὸν
1557 3827 1627 3891 ἐκ
1676 3825 1822 3898 Διὸς
1870 3833 2083 3900 μολεῖν

755 3933 1075 4016 κεραυνὸν,
1125 3929 1187 4008 ὃς
1235 3938 1365 4000 πᾶν
1412 3929 1732 4012 ἐξαῖςώσει
1781 3930 1976 4012 γένος.

230 4042 572 4130 AbJ’ecimus
643 4044 906 4108 unicam
975 4040 1303 4107 literulam
1362 4046 1427 4106 et
1487 4038 1670 4105 nulla
1720 4042 1858 4126 jam
1909 4038 2249 4105 difficultas
2290 4046 2591 4124 superest.

231 4146 488 4217 Verbum
559 4149 751 4216 θέλειν
818 4147 936 4215 hoc
1008 4147 1196 4213 modo
1262 4151 1645 4232 usurpatum
1714 4145 1862 4211 vide
1918 4145 2071 4211 Eur.
2134 4145 2357 4230 Suppl.
2425 4144 2589 4211 126:

236 4257 461 4331 κομίσαι
524 4281 596 4322 σε
664 4259 870 4330 Θησεῦ
933 4255 1173 4325 παῖδας
1233 4252 1530 4333 Ἀργείων
1595 4250 1796 4317 θέλων
1856 4251 1963 4318 vel
2008 4251 2163 4316 Eur.
2216 4249 2354 4337 Iph.
2403 4250 2589 4319 Taur.

241 4358 340 4425 12:
408 4363 508 4429 τὸν
577 4363 930 4428 καλλίνικον
999 4358 1266 4440 ςέΦανον
1333 4359 1520 4425 Ἰλίου
1590 4358 1776 4424 θέλων
1843 4356 2071 4435 λαβεῖν
2130 4356 2431 4436 Ἀχαιούς
2494 4357 2600 4424 vel

244 4462 373 4532 Eur.
414 4467 553 4557 Iph.
607 4468 797 4536 Taut.
854 4465 1022 4534 608:
1075 4461 1137 4532 ὃν
1188 4464 1352 4531 οὐδὲν
1399 4463 1574 4541 ἧσσον
1625 4466 1658 4540 ἢ
1705 4465 1805 4542 ’μὲ
1841 4468 1972 4545 Φῶς
2015 4463 2156 4544 ὁρᾶν
2194 4460 2380 4542 θέλω,
2419 4463 2596 4529 alibi.
