3192 5017
638 263 771 331 292
1653 282 2027 333 purorum.

731 462 949 518 l'lPss:
1002 455 1221 533 ποίαςς

737 569 901 626 ΣΩε
950 557 1064 649 οἷον
1112 563 1231 636 τὰς
1280 571 1389 638 τῆς
1437 564 1651 644 ψώρας
1700 564 1894 635 ἰάσεις
1943 565 2028 643 τῷ
2075 563 2309 643 τρίβειν
2358 563 2489 629 κτὲ.

734 786 894 842 ΣΩ;
962 778 1170 842 οὐκοῦν
1232 775 1465 841 ὁπόταν
1530 775 1611 843 αὖ
1660 779 1884 842 πλείων
1934 778 2106 853 ἡδονὴ
2152 778 2324 842 κατά
2370 779 2456 842 τά
2503 781 2770 843 τοιαῦτα
2815 777 2989 842 πάντα

638 881 997 965 ξυμμιχθῇ,
1065 885 1133 948 τὸ
1199 885 1311 961 μὲν
1379 884 1885 962 ὑπομεμιγμένον
1948 893 2058 960 τῆς
2124 885 2325 959 λύπης
2378 882 2759 966 γαργαλίζει
2806 907 2870 949 τε
2913 883 2991 946 καὶ

638 992 835 1070 ἠρέμα
900 994 1287 1068 ἀγανακτεῖν
1345 1000 1539 1076 ποιεῖ,
1608 993 1677 1056 τὸ
1742 991 1794 1057 δ’
1845 987 1927 1056 αὖ
1974 998 2085 1064 τῆς
2138 990 2343 1067 ἡδονῆς
2393 990 2551 1055 πολὺ
2603 998 2818 1056 πλεῖον
2859 993 2992 1054 ε’κκε·

635 1095 904 1176 χυμένον
950 1096 1237 1162 συντείνει
1287 1121 1358 1161 τε
1406 1098 1510 1162 καὶ
1563 1097 1754 1163 ἐνίοτε
1803 1098 2005 1171 πηδᾶν
2052 1106 2216 1163 ποιεῖ
2258 1097 2364 1162 καὶ
2410 1104 2680 1163 παντοῖα
2721 1097 2836 1174 μὲν
2870 1096 2994 1174 ffl-

638 1227 856 1281 ματα,
907 1212 1174 1269 παντοῖα
1224 1205 1285 1269 δὲ
1332 1208 1689 1289 σχήματα,
1740 1213 2010 1269 παντοῖα
2052 1205 2112 1268 δὲ
2157 1203 2494 1281 πνεύματα
2538 1202 2994 1284 ἀπεργαζόμενα

639 1314 852 1374 πᾶσαν
911 1307 1208 1389 ἔκπληξιν
1272 1310 1376 1375 καὶ
1423 1311 1583 1388 βοὰς
1634 1312 1781 1387 μετ’
1831 1313 2177 1394 άφροσύνης
2226 1308 2837 1392 ἀπεργάζεται.
2882 1308 2996 1374 fort.

640 1415 768 1504 leg.
819 1417 1191 1498 παρέχεται.

729 1532 949 1588 ΠΡΩτ
999 1523 1185 1600 μάλα
1234 1548 1334 1602 γε.
1626 1597 1631 1603 ,

730 1638 894 1695 ΣΩτ
956 1631 1060 1694 καὶ
1111 1628 1321 1707 λέγειν
1358 1632 1458 1707 γ’,
1508 1626 1549 1694 ὦ
1602 1631 1842 1709 ἑταῖρε,
1897 1630 2082 1694 αὐτόν
2131 1653 2202 1693 τε
2250 1630 2384 1711 περὶ
2435 1632 2626 1694 αὐτοῦ
2679 1637 2867 1702 ποιεῖ,
2918 1627 2997 1691 καὶ

636 1733 829 1800 ἄλλον
876 1738 1009 1816 περὶ
1060 1734 1297 1820 ἄλλου,
1343 1739 1419 1808 ὡς
1468 1737 1711 1809 ταύτας
1762 1737 1878 1808 τὰς
1931 1737 2142 1811 ἡδονὰς
2192 1736 2556 1814 τερπόμενος
2608 1733 2727 1802 οἷον
2776 1734 2998 1805 cia-ooni-

639 1867 791 1907 σκει.
890 1843 1007 1907 Καὶ
1066 1844 1379 1915 ταύτας
1429 1867 1523 1920 γε
1576 1843 1661 1917 δὴ
1712 1844 2254 1907 παντάπασιν
2301 1844 2426 1907 άεὶ
2478 1841 2997 1919 μεταδιώκει,

640 1944 753 2027 ὅσῳ
799 1948 875 2013 ἂν
924 1948 1368 2027 άκολαςότερός
1417 1973 1487 2013 τε
1539 1950 1642 2014 καὶ
1695 1948 2091 2028 άφρονέςερος
2143 1949 2217 2012 ὢν
2268 1948 2582 2029 τυγχάνῃ.

730 2054 1020 2119 Primum
1090 2058 1323 2120 vitium
1393 2058 1827 2141 inspiciamus.
1900 2056 2144 2121 Mirum
2194 2063 2290 2121 est
2339 2055 2769 2121 Protarchum
2819 2056 2995 2125 xoium

639 2162 1009 2247 respondere
1058 2183 1259 2247 neque
1307 2162 1580 2247 opperiri
1628 2162 1782 2226 dum
1833 2161 2122 2228 Socrates
2168 2182 2373 2249 genus
2413 2162 2791 2227 morborum
2835 2157 2998 2225 decla·

638 2274 754 2333 ret.
805 2267 1025 2354 Neque
1073 2271 1289 2333 minus
1336 2270 1574 2332 mirum
1626 2269 1719 2333 ita
1763 2266 2086 2334 Socratem
2138 2269 2545 2354 respondere,
2599 2276 2674 2333 ut
2725 2289 2847 2334 non
2897 2271 2994 2331 iam

640 2375 717 2440 de
766 2374 879 2439 illo
924 2395 1154 2461 genere
1200 2374 1604 2459 voluptatum
1628 2422 1643 2450 ,
1692 2396 1914 2439 verum
1954 2374 2031 2439 de
2071 2373 2197 2439 alio
2235 2373 2420 2459 plane
2459 2374 2715 2440 diverso
2756 2376 2995 2462 cogitare

642 2480 933 2545 videatur
960 2531 973 2555 ‚
1041 2501 1265 2566 nempe
1329 2480 1406 2545 de
1469 2480 1932 2568 flagitiosorum
1982 2481 2318 2545 hominum
2367 2479 2635 2545 deliciis.
2738 2480 3011 2565 Sequitur,
3092 2466 3093 2483 ¹

640 2587 840 2653 altera
901 2589 1317 2674 interrogatio
1379 2589 1593 2662 ποίας;
1664 2594 1991 2672 tamquam
2042 2586 2427 2652 Protarchus
2474 2590 2830 2653 orationem
2877 2584 2993 2650 satis

643 2695 1033 2780 perspicuam
1097 2713 1219 2758 non
1277 2692 1618 2779 intelligat.
1718 2691 1840 2758 Sed
1886 2691 2051 2757 illud
2098 2693 2386 2757 omnium
2437 2693 2726 2759 maxime
2773 2690 2995 2758 incredi-
3090 2770 3091 2789 Χ

643 2799 806 2871 bile.
871 2800 1036 2883 quod
1102 2798 1389 2863 Socrates
1437 2799 1607 2864 hunc
1657 2800 1734 2864 ad
1786 2800 2047 2864 modum
2098 2799 2527 2884 interrogatus
2576 2800 2658 2864 de
2709 2800 2995 2885 prurigine

644 2906 904 2991 eiusque
981 2905 1281 2969 remediis
1343 2904 1647 2989 loquitur.
1741 2902 1952 2979 Quidr
2019 2904 2196 2969 Num
2260 2908 2612 2992 pruriginis
2676 2907 2994 2991 voluptates

643 3016 809 3077 inter
867 3011 1013 3075 illas
1076 3012 1487 3077 recensendae
1549 3019 1735 3084 sunt,
1806 3032 1961 3094 quas
2025 3012 2313 3076 homines
2361 3031 2635 3096 nequam
2690 3016 2994 3096 sequuntur

645 3126 709 3185 et
756 3118 1097 3183 severiores
1139 3117 1496 3202 philosophi
1534 3114 1843 3183 oderunt?
1883 3116 1941 3181 Ν
1948 3137 2068 3181 unc
2107 3118 2255 3183 vide
2289 3137 2478 3203 quam
2522 3117 2657 3183 levi
2684 3120 2991 3184 mutatione

643 3225 819 3290 locus
867 3246 943 3288 ex
992 3224 1483 3308 impeditissimo
1530 3222 1800 3307 simplex
1851 3230 1915 3286 et
1962 3222 2166 3287 facilis
2213 3222 2546 3288 intellectu
2594 3226 2846 3291 evadat.
2903 3222 2989 3285 Pro

645 3334 828 3397 τοίων
859 3329 1004 3418 lege
1029 3332 1169 3407 πρός
1191 3378 1205 3406 ,
1235 3333 1327 3394 ita
1352 3337 1425 3394 ut
1450 3350 1611 3414 quae
1636 3330 1874 3394 Socrati
1904 3328 2274 3393 tribuuntur
2298 3350 2335 3394 a
2359 3330 2573 3394 σκόπει
2603 3332 2685 3396 ad
2712 3333 2988 3395 παντελὲς
3086 3382 3087 3389 ,

645 3458 770 3502 uno
809 3446 1022 3517 tenore
1063 3436 1427 3511 decurrant,
1475 3436 1583 3499 sed
1627 3442 1827 3499 satius
1868 3442 1963 3499 est
1986 3437 2335 3500 orationem
2361 3439 2683 3524 integram
2705 3451 2993 3522 apponere.

739 3550 903 3607 20:
963 3542 1175 3605 σκόπει
1223 3542 1294 3614 33,
1342 3542 1459 3612 τάς
1508 3544 1622 3606 τῶν
1671 3540 1906 3605 τοιῶνδε
1956 3540 2314 3614 νοσημάτων
2363 3542 2574 3616 ἡδονάς
2627 3544 2774 3607 τίνα
2819 3542 2990 3619 τρόπον

642 3647 855 3729 ἔχουσι
915 3650 1096 3723 πρὸς
1161 3648 1277 3717 τὰς
1345 3654 1460 3710 τῶν
1519 3645 1929 3728 ἀσχημόνων,
1981 3639 2057 3717 ἃς
2106 3643 2204 3718 οὓς
2256 3646 2505 3724 εἴπομεν
2555 3649 2871 3731 δυσχερεῖς
2912 3667 2990 3721 μ’·
3084 3682 3085 3705 1

646 3760 815 3819 σοῦσι
866 3758 1209 3822 παντελῶς.

735 3860 923 3925 Nunc
993 3857 1254 3923 demum
1327 3859 1762 3947 intelligimus
1824 3861 1949 3926 duo
2013 3860 2262 3925 diversa
2326 3880 2560 3947 genera
2627 3862 2989 3947 voluptatum

642 3986 767 4032 non
839 3964 1169 4041 confundi,
1242 3966 1349 4030 sed
1419 3968 1584 4030 inter
1656 3987 1722 4032 se
1796 3966 2168 4051 comparari.
2263 3967 2446 4041 Quod
2508 3976 2582 4032 ut
2649 3968 2785 4034 fieri
2831 3964 2989 4052 possit

643 4074 820 4137 varia
885 4072 1251 4135 morborum
1321 4073 1676 4149 παθήματα
1749 4074 1814 4137 in
1886 4073 2009 4138 tria
2076 4093 2309 4159 genera
2380 4072 2588 4139 divisa
2658 4071 2988 4161 diligentius

641 4199 834 4263 quam
905 4178 1243 4242 iucundius
1312 4181 1727 4262 persequitur.
1825 4177 1947 4244 Sed
2017 4179 2223 4244 obiter
2292 4199 2516 4245 moneo
2588 4181 2749 4246 hanc
2822 4180 2983 4263 ipsam

639 4286 1125 4369 descriptionem
1173 4286 1265 4348 ita
1309 4283 1757 4369 interpolatam
1807 4306 1941 4350 esse
1992 4291 2063 4349 ut
2109 4284 2295 4351 Plato
2342 4306 2561 4351 secum
2611 4308 2733 4354 non
2783 4286 2981 4351 constet

640 4396 704 4455 et
747 4387 933 4474 plane
978 4386 1138 4454 falsa
1191 4389 1435 4455 doceat.
