3192 5017
562 288 694 360 274
1310 310 1395 357 an
1441 309 1664 357 novun
1711 311 2207 360 werimum.

563 484 864 549 adversus
926 481 1161 567 hydras
1220 481 1570 546 identidem
1633 487 2028 546 renascentes
2086 483 2327 549 urendo
2390 489 2456 549 et
2516 483 2785 552 secando
2829 504 2948 550 non

491 602 500 613 ’
564 589 971 677 depugnabo,
1038 587 1148 652 sed
1208 589 1363 652 satis
1420 587 1702 661 habeb0‚
1750 586 2099 652 dummodo
2154 590 2223 652 in
2271 591 2544 656 minutis
2588 589 2949 679 intelligen-

565 698 728 760 tium
781 694 1075 782 judicum
1139 713 1466 758 assensum
1522 690 1750 758 elicere
1812 693 2074 778 possim.
2168 691 2429 761 Gloriae
2476 695 2856 782 deputatur,
2900 698 2951 761 si

564 804 708 887 quis
770 800 1081 866 Lernaeos
1143 818 1400 884 campos
1459 800 1944 885 perpurgaverit
1961 845 1979 881 ,
2044 799 2152 863 sed
2220 799 2406 866 utilis
2468 822 2724 893 quoque
2771 822 2952 887 opera

564 908 703 972 eius
771 911 896 982 est,
974 907 1086 989 qui
1147 904 1423 968 locustas
1484 902 1730 988 aliquot
1789 902 1948 987 pede
2011 906 2312 989 protritae
2333 906 2346 915 “
2369 898 2632 972 elisei-it.
2730 907 2953 992 Itaque

564 1012 731 1097 quod
791 1009 1133 1097 Apostolus
1193 1010 1417 1075 scribit
1460 1011 1529 1073 in
1573 1007 1775 1076 altera
1821 1007 2119 1100 Epistula
2165 1009 2246 1076 ad
2295 1008 2664 1083 Corinthios
2717 1011 2825 1079 13.
2880 1014 2948 1083 1:

563 1118 762 1204 τρίτον
805 1122 987 1187 τοῦτο
1032 1115 1321 1203 ἔρχομαι.

656 1340 708 1406 Ι.
776 1338 1075 1404 Primum
1143 1357 1250 1401 me
1311 1332 1589 1403 advertit
1650 1335 1846 1421 qu'od·
1879 1337 2047 1422 apud
2107 1336 2509 1404 Matthaeum
2573 1344 2673 1404 est
2720 1338 2780 1404 5.
2837 1337 2948 1405 13:

569 1448 743 1522 ὑμεῖς
787 1444 887 1512 ἐςὲ
934 1445 1004 1508 τὸ
1050 1438 1216 1515 ἅλας
1266 1451 1378 1517 τῆς
1425 1448 1583 1521 γῆς’
1635 1441 1743 1507 ἐὰν
1789 1441 1855 1507 δὲ
1900 1442 1969 1507 τὸ
2018 1438 2187 1515 ἅλας
2238 1442 2624 1528 μωρανθῇ
2671 1493 2689 1523 ,
2737 1446 2799 1509 ἑν
2842 1446 2950 1510 τίνι

566 1550 1012 1628 &amovisse-0⁶13
1067 1550 1153 1622 εἷς
1203 1547 1368 1614 οὐδὲν
1413 1547 1622 1627 ἰσχύει
1671 1544 1797 1622 ἔτι,
1845 1549 1898 1613 εἷ
1946 1548 2036 1625 μὴ
2077 1547 2323 1626 βληθὲν
2371 1548 2483 1626 ἔξω
2521 1559 2952 1617 xxa-aravera-

566 1655 682 1721 θαι
731 1657 850 1722 ὑπὸ
896 1662 1014 1720 τῶν
1057 1651 1409 1733 ἀνθρώπων.
1483 1650 1801 1720 Convenit
1846 1651 2002 1719 Luc.
2053 1654 2162 1719 14.
2212 1652 2321 1731 34,
2369 1656 2481 1720 sed
2527 1656 2726 1740 paulo
2775 1656 2952 1723 aliter

563 1762 760 1828 Marc.
826 1760 888 1825 9.
953 1758 1075 1824 50:
1140 1760 1248 1824 ἑοὶν
1311 1758 1375 1822 δὲ
1431 1758 1503 1824 τὸ
1550 1756 1719 1832 ἅλας
1768 1757 1999 1824 ἄναλον
2044 1759 2324 1839 γένηται.
2420 1758 2597 1841 Quae
2643 1760 2776 1827 loci
2822 1783 2951 1827 sen-

559 1870 763 1935 tentia
823 1867 908 1932 sit
925 1915 942 1944 ,
1006 1869 1266 1952 apparet
1312 1871 1399 1939 et,
1449 1865 1622 1950 quod
1660 1864 1741 1930 ad
1784 1885 1923 1930 rem
1969 1865 2178 1951 ipsam
2226 1868 2480 1942 attinet,
2522 1865 2790 1933 videtur
2827 1867 2916 1933 sal
2934 1915 2949 1944 ,

563 1995 766 2060 quum
806 1974 877 2038 in
915 1975 1084 2038 saxis
1129 1976 1243 2058 p‘er'
1288 1971 1496 2036 multa
1542 1969 1797 2037 saecula
1839 1970 2099 2056 pluviae
2145 1978 2211 2038 et
2257 1971 2410 2038 solis
2455 1972 2658 2038 radiis
2709 1976 2949 2061 expos?-

563 2089 707 2146 tum
755 2086 852 2145 eat
870 2129 888 2163 ‚
936 2079 1303 2166 ingenitum
1360 2084 1649 2163 saporem
1698 2090 1879 2163 pome
1924 2078 2221 2144 a'mittere
2234 2098 2256 2157 ς
2304 2076 2624 2145 asseverat
2670 2081 2744 2146 id
2792 2086 2950 2146 certe

562 2188 902 2252 Britannus
973 2184 1234 2270 quidam
1259 2234 1277 2268 ‚
1348 2182 1461 2269 qui
1526 2181 1961 2249 Palaestinam
2031 2188 2398 2273 peragravit
2416 2236 2434 2270 ‚
2509 2188 2699 2252 cuius
2768 2186 2950 2253 verba

563 2291 712 2359 vide
772 2290 943 2379 apud
999 2286 1489 2357 Koetsvel'dum'
1521 2292 1590 2353 in
1650 2300 1836 2374 opere
1895 2289 1974 2356 de
2034 2286 2075 2355 J
2077 2306 2189 2356 esu
2236 2288 2554 2377 parabolis
2600 2292 2635 2357 I
2685 2312 2751 2379 p.
2805 2290 2946 2358 3³9.

569 2394 695 2463 Sed
756 2403 830 2461 ut
900 2396 1237 2462 concedam
1303 2395 1374 2459 τὸ
1435 2390 1604 2466 ἅλας
1669 2393 1898 2459 ἄναλον
1957 2410 2138 2482 posse
2183 2395 2350 2475 θοι-1,·
2400 2396 2721 2483 poteritne
2767 2401 2948 2465 etiam

562 2500 1000 2584 μωρανθῆναιΐ
1045 2501 1326 2568 Difficile
1373 2506 1470 2567 est
1516 2501 1770 2567 credere
1816 2498 1882 2567 et
1926 2501 2170 2568 Paulus
2187 2549 2202 2579 ‚
2253 2506 2356 2568 uti
2401 2505 2677 2571 arbitror
2694 2555 2711 2580 ‚
2760 2524 2946 2593 nega·

561 2611 697 2685 bit,
771 2609 941 2695 apud
1009 2626 1202 2694 quem
1273 2608 1542 2675 verbum
1607 2608 1930 2688 μαραίνειν
1994 2609 2064 2674 id
2124 2607 2445 2696 signifieat
2489 2610 2660 2696 quod
2709 2626 2949 2696 semper

563 2714 883 2805 significat
927 2719 992 2781 et
1036 2715 1148 2800 qui
1194 2720 1364 2780 recte
1411 2712 1578 2778 dixit
1631 2714 1665 2778 1
1718 2712 1864 2780 Gor.
1916 2714 1974 2779 1.
2030 2712 2154 2780 202
2203 2715 2347 2795 οὐχ)
2398 2717 2706 2796 ἐμώρανεν
2749 2719 2779 2783 ὅ
2832 2718 2947 2788 θεὸς

563 2825 674 2899 τὴν
736 2822 964 2902 σοφίαν
1025 2824 1133 2886 τοῦ
1193 2820 1429 2897 ndo-am
1486 2818 1702 2885 τούτου
1760 2826 1825 2885 et'
1872 2820 2060 2887 Rom.
2114 2825 2172 2886 1.
2223 2820 2347 2886 22:
2395 2824 2756 2903 Φὲσκοντες
2804 2818 2947 2889 εἶναι

565 2929 742 3012 σοφοὶ
803 2924 1251 3007 ἐμωράνθησαν
1315 2932 1379 2991 et
1439 2925 1640 3005 μωραὶ
1709 2928 1994 3013 virgines
2058 2928 2125 2992 in
2185 2924 2485 3013 parabola
2550 2935 2948 3015 opponuntur

565 3044 709 3107 ταῖς
755 3034 1084 3116 Φρονίμοις.
1133 3032 1412 3099 Memini
1457 3032 1717 3117 quidem
1768 3034 1860 3096 ita
1908 3033 2266 3118 praecipere
2303 3032 2648 3100 Photium:
2699 3042 2946 3116 μῶρον

565 3145 619 3209 οἱ
666 3141 939 3208 Ἀττικοὶ
988 3142 1434 3219 προπερισπῶσὶ
1456 3161 1471 3175 ·
1522 3142 1780 3203 καλοῦσι
1831 3137 1883 3202 δ’
1933 3137 2117 3211 οὕτως
2169 3140 2273 3204 καὶ
2322 3142 2394 3206 τὸ
2440 3140 2671 3219 ἀμβλὺ
2729 3143 2945 3221 βρῶμα

565 3249 672 3314 καὶ
735 3246 965 3313 ἄναλον
991 3297 1008 3325 ,
1071 3244 1297 3335 deinde
1359 3243 1538 3309 affert
1601 3244 1976 3310 Patriarcha
2040 3247 2270 3310 incerti
2315 3249 2546 3312 comici
2592 3251 2941 3314 senarium:

565 3356 709 3433 μήθ’
753 3353 1026 3433 αλμυρόν
1071 3347 1225 3417 εἶναι
1268 3351 1433 3427 μήτε
1481 3356 1672 3430 μῶρον
1713 3350 1773 3423 ἐς
1815 3349 1885 3414 τὸ
1930 3354 2080 3418 πᾶν.
2121 3349 2319 3417 Video
2355 3354 2551 3418 etiam
2592 3352 2942 3421 Henrieum

567 3459 963 3545 Stephanum
1033 3456 1293 3523 laudare
1361 3456 1802 3522 Dioscoridem
1826 3502 1843 3535 ,
1913 3459 2026 3542 qui
2097 3457 2217 3522 hoc
2288 3470 2476 3523 sensu
2546 3457 2715 3525 dixit
2781 3460 2941 3541 ῥίζας

567 3562 931 3646 γευσαμένῳ
994 3564 1201 3644 μώραζ·
1226 3612 1242 3639 ,
1305 3562 1414 3627 sed
1477 3562 1840 3629 derivatum
1902 3563 2171 3629 verbum
2232 3562 2656 3642 μωραίνεοθαι
2704 3584 2942 3651 semper

562 3678 909 3757 usurpat-ur
967 3690 1041 3735 ea
1102 3672 1445 3755 potestate,
1505 3682 1701 3753 quam
1748 3674 1940 3753 sup‘ra
1987 3668 2445 3735 stabilivimus.
2540 3670 2809 3738 Veteres
2849 3673 2938 3736 in·

562 3782 869 3864 terpretes
937 3775 1042 3840 hic
1102 3775 1473 3858 haeserunt,
1532 3792 1682 3839 nam
1742 3775 1811 3837 in
1871 3773 2029 3839 itala
2085 3777 2374 3841 versione
2436 3778 2747 3842 evanuerit
2813 3784 2903 3842 est
2921 3824 2937 3857 ‚

560 3881 729 3972 quod
789 3898 1044 3969 prorsus
1106 3879 1270 3945 nihil
1331 3877 1650 3967 significat
1668 3931 1687 3955 ,
1751 3879 1856 3945 vel
1909 3881 2156 3967 satutem
2201 3882 2421 3965 fuerit
2466 3888 2531 3948 et
2574 3884 2936 3970 infatuatum

552 3991 792 4080 fuerit,
851 3986 1018 4075 quod
1064 3988 1134 4050 in
1180 3985 1323 4051 aliis
1370 3983 1712 4051 (lodicibus
1756 3992 1821 4052 et
1865 3987 2035 4072 apud
2083 3993 2294 4072 patres
2342 3990 2649 4073 quosdam
2694 3991 2931 4057 inveni-

559 4104 685 4163 tur.
779 4094 888 4161 Sal
950 4102 1168 4158 autem
1229 4092 1434 4157 sicubi
1493 4090 1738 4157 factum
1806 4100 1903 4158 est
1951 4093 2204 4158 fatu-um
2227 4142 2244 4177 ,
2293 4108 2418 4160 non
2465 4098 2677 4184 magis
2722 4097 2933 4163 Latine
2965 4122 2993 4151 ·

559 4222 754 4288 quam
800 4200 1099 4266 Francice
1146 4204 1312 4263 recte
1357 4198 1731 4283 infatuatum
1780 4197 2028 4264 dicetur
2077 4204 2140 4263 et
2187 4200 2354 4284 quod
2394 4202 2461 4265 in
2502 4201 2800 4269 Francico
2839 4197 2932 4265 vel

552 4307 783 4374 Latino
852 4323 1135 4372 sermone
1202 4323 1390 4369 nemo
1457 4323 1657 4388 aequo
1718 4306 1929 4370 animo
1990 4304 2186 4389 feret,
2247 4304 2315 4370 id
2380 4324 2501 4394 ego
2563 4328 2689 4373 non
2733 4307 2928 4393 magis

550 4416 750 4481 feram
808 4414 878 4478 in
934 4408 1177 4479 Graeco
1194 4458 1210 4489 ‚
1261 4416 1464 4495 quum
1511 4410 1884 4494 praesertim
1935 4411 2294 4478 emendatio
2340 4412 2688 4481 admodum
2736 4411 2927 4479 facilis
