3192 5017
498 283 587 349 84
1585 297 1819 347 comm.

588 474 760 540 Eccl.
814 471 990 539 1070

865 579 1082 643 τοῦτ’
1132 572 1213 642 αὖ
1262 576 1420 641 πολὺ
1468 575 1761 640 τούτου
1811 576 1879 640 τὸ
1932 578 2119 640 κακὸν
2168 574 2544 652 ἕξωλέςερον.

503 688 701 753 Plura
767 687 873 752 hie
933 689 1141 750 tentat
1199 683 1615 770 Blaydesius,
1680 683 1873 749 donec
1936 683 2189 746 tandem
2254 681 2575 745 intellexit
2632 679 2883 754 τούτου,

502 815 703 879 quum
772 793 997 858 ambae
1070 790 1324 856 vetulae
1392 790 1637 865 adsint,
1710 797 1879 854 recte
1946 790 2198 854 hahere.
2312 788 2600 853 Fortasse
2670 791 2889 850 tamen

503 920 724 967 versus
771 905 867 964 est
914 899 1200 984 spurius,
1248 894 1552 960 confictus
1601 917 1675 960 ex
1725 916 1817 962 vs.
1875 894 2048 960 1053

1003 1008 1180 1069 τοῦτο
1229 1003 1355 1081 γὰρ
1401 1002 1623 1067 ἐκείνου
1672 1003 1740 1066 τὸ
1789 1001 1976 1067 κακὸν
2023 999 2400 1079 ἐξωλέςερον.

501 1113 640 1193 Quo
687 1112 920 1178 omisso
939 1158 955 1188 ,
1004 1111 1213 1175 nescio
1261 1129 1340 1174 an
1384 1107 1669 1173 lucretur
1714 1111 1936 1173 oratio.

590 1217 704 1283 Sin
748 1238 897 1283 vero
943 1218 1078 1301 ipse
1125 1219 1310 1300 poeta
1357 1216 1493 1278 eius
1540 1219 1760 1279 auctor
1804 1214 2129 1278 habendus
2176 1219 2311 1288 est,
2362 1211 2587 1277 malim
2636 1221 2749 1275 aut
2847 1217 2853 1221 ”

952 1322 1107 1387 τόδ’
1158 1320 1238 1387 αὖ
1286 1321 1447 1385 πολὺ
1494 1320 1709 1385 τούτου
1757 1321 1827 1384 τὸ
1875 1320 2060 1384 κακὸν
2107 1317 2459 1399 ἐξωλέςερον

502 1436 614 1497 aut
660 1432 830 1495 τοῦτ’
878 1425 959 1495 αὖ
1007 1427 1167 1491 πολὺ
1214 1425 1451 1492 τοῦδε
1501 1441 1641 1491 κτλ.

589 1641 906 1704 Ranarum
954 1659 1044 1706 vs·
1101 1636 1231 1702 345
1280 1657 1412 1722 sqq.

1046 1741 1193 1823 γόνυ
1245 1745 1568 1809 πάλλεται
1617 1745 1949 1823 γερόντων,

1042 1849 1438 1914 ἀποσείονται
1490 1849 1552 1914 δὲ
1600 1849 1807 1923 λύοι-ας

1041 1957 1308 2035 χρονίους
1361 1956 1420 2017 τ’
1472 1956 1502 2018 ἐ
1516 1959 1663 2020 τῶν
1708 1963 1997 2022 παλαιῶν
2045 1957 2351 2029 ἐνιαυτοὺς

1041 2058 1204 2141 ἱερᾶς
1253 2062 1368 2126 ὑπὸ
1415 2065 1630 2132 τιμᾶς.

501 2170 743 2236 Locum
801 2168 1218 2252 depravatum
1280 2187 1414 2231 esse
1476 2166 1632 2231 olim
1684 2169 2137 2234 contendebam
2188 2175 2252 2233 et
2295 2189 2463 2233 nune
2510 2168 2885 2252 planissime

499 2278 807 2342 assentior
869 2275 1213 2340 novissimo
1277 2271 1603 2336 Theodoro
1662 2273 1846 2338 Kook
1868 2324 1885 2357 ‚
1935 2277 2080 2358 qui,
2132 2274 2362 2340 collato
2407 2281 2614 2340 metro
2661 2296 2886 2341 versus

497 2382 858 2449 antithetioi
906 2379 1060 2463 330,
1110 2382 1293 2443 acute
1339 2399 1486 2442 sane
1535 2381 1802 2443 coniecit
1845 2378 1905 2443 τ’
1950 2381 2139 2445 ὀστῶν
2180 2401 2292 2466 pro
2326 2383 2384 2445 τ’
2426 2381 2597 2445 ἐτῶν.
2648 2380 2883 2446 Nescio

496 2493 712 2553 tamen
759 2507 839 2552 an
886 2488 1085 2551 etiam
1132 2483 1341 2549 lenius
1389 2486 1624 2570 corrigi
1670 2486 1899 2569 possit:

952 2590 1222 2672 χρονίους
1271 2592 1327 2652 τ’
1377 2591 1550 2654 ἰνῶν
1599 2597 1882 2656 παλαιῶν
1932 2592 2239 2664 ἐνιαυτούς
2289 2594 2417 2657 κτὲ.

499 2696 598 2766 Cf.
646 2697 791 2763 Pae.
844 2696 931 2762 85

1237 2802 1374 2882 πρὶν
1422 2802 1498 2867 ἂν
1544 2805 1691 2885 ἰδίῃς
1740 2803 1845 2869 καὶ
1893 2805 2187 2886 διαλύσῃς

1235 2908 1457 2990 ἄρθρων
1504 2905 1673 2981 ἶνας
1724 2911 2043 2990 πτερύγων
2088 2911 2245 2994 ῥύμῃ

502 3020 581 3083 T’
645 3018 776 3081 ἰνῶν
839 3015 995 3080 olim
1062 3022 1394 3082 exaratum
1458 3010 1782 3093 ΤΕΪΩΝ,
1832 3016 2125 3104 neglecta
2172 3025 2246 3082 ut
2293 3028 2476 3103 saepe
2523 3038 2559 3084 a
2606 3017 2889 3084 librariis

500 3122 793 3198 elisione,
843 3121 990 3188 vide
1037 3141 1230 3206 quam
1277 3120 1463 3186 facile
1510 3123 1576 3186 in
1625 3130 1941 3187 ΤΕΤΩΝ
1990 3124 2163 3188 abire
2209 3126 2506 3208 potuerit.

590 3331 752 3397 Rau.
804 3329 936 3396 358

595 3439 628 3514 ἦ
678 3435 1068 3519 βωμολόχοις
1121 3433 1328 3502 ἕπεο-ιν
1372 3438 1619 3518 χαίρει,
1668 3440 1770 3515 μὴ
1820 3442 1869 3501 ’ν
1910 3443 2152 3520 καιρῷ
2201 3445 2441 3507 τοῦτο
2491 3448 2777 3508 ποιοῦσιν.

501 3544 711 3611 Teneo
758 3543 927 3628 quod
975 3541 1133 3626 olim
1181 3546 1512 3629 proposui:

1680 3653 1784 3726 μὴ
1832 3655 2139 3732 χαίρων
2187 3655 2459 3734 xpus&
2507 3659 2794 3719 ποιοῦσιν.

502 3780 621 3823 non
680 3758 1003 3821 delectatus
1068 3755 1149 3818 iis
1212 3762 1316 3841 qui
1378 3757 1527 3820 bona
1590 3764 1646 3821 et
1693 3759 1875 3821 utilia
1921 3765 2183 3822 σανηιίπα
2224 3769 2512 3843 pangunt.
2563 3760 2660 3825 Cf.
2711 3760 2844 3826 686
2872 3812 2889 3838 ,

498 3861 675 3931 1056
741 3883 833 3948 sq.
895 3860 976 3927 Se
1024 3864 1238 3947 ipsum
1285 3861 1749 3947 Aristophanes
1797 3865 2057 3950 opponit
2105 3866 2474 3931 scurrilium
2520 3866 2891 3933 fabularum

500 3970 888 4036 auctoribus.

588 4176 747 4242 Rau.
802 4172 935 4240 285

813 4281 926 4354 Νὴ
975 4281 1108 4346 τὸν
1158 4281 1258 4347 ΔΙ
1273 4306 1315 4346 α
1365 4282 1468 4347 κα)
1519 4283 1640 4358 μὴν
1687 4280 2054 4360 αἰσθάνομαι
2104 4284 2313 4365 ψόφου
2362 4282 2539 4356 τινός.

488 4388 833 4456 Inauditus
880 4390 1220 4455 verborum
1269 4389 1439 4455 ordo.
1489 4388 1993 4474 Transponatur:
