3192 5017
1265 308 1635 358 memus.
2563 289 2646 355 45

257 481 476 561 χωρίον
528 517 612 528 -
664 478 764 544 ἐπὶ
830 478 948 551 τας
1019 480 1289 559 ΒλεψΙου
1356 481 1532 557 θύρας
1581 479 1919 559 ἀφικόμην.
2017 477 2280 545 Codices
2324 480 2442 551 τοὶς
2490 505 2651 560 μαρ-

258 586 448 662 Τίου,
516 588 581 649 in
643 604 767 670 quo
815 584 973 650 latet
1020 586 1343 666 ΜαρΨίου.
1442 586 1583 650 Non
1635 590 1897 672 possunt
1942 585 2008 650 in
2052 584 2235 650 libris
2281 587 2651 671 antiquiori-

258 692 379 757 bus
446 700 506 755 Ψ
571 702 634 757 et
699 699 755 754 T
823 692 1131 775 discerni,
1196 692 1361 757 unde
1425 694 1775 757 sexcenties
1821 692 2007 772 ψυχή
2057 696 2121 756 et
2166 690 2335 774 τύχη
2384 694 2648 758 confun-

260 798 503 862 duntur
564 804 629 862 et
683 797 924 862 similia
973 801 1209 863 omnia.
1259 798 1502 864 Notum
1552 804 1648 862 est
1693 817 1924 863 nomen
1969 800 2310 879 Μαρψίας,
2360 806 2434 865 ut
2480 800 2650 885 apud

257 902 786 989 Aristophanem:

897 1012 1040 1090 πρὸς
1090 1009 1241 1076 τάδε
1291 1014 1355 1076 τί
1400 1012 1649 1091 ἀντερεῖ
1692 1011 2042 1091 Μαρψίαςς

349 1220 634 1306 Alciphr.
686 1220 732 1284 I.
783 1218 892 1285 28.
942 1241 1092 1307 pag.
1142 1219 1250 1286 53.
1298 1220 1602 1286 meretrix
1642 1219 1933 1286 deridens
1972 1221 2265 1287 vetulum
2294 1227 2644 1288 amatorem

254 1329 346 1392 ita
407 1326 598 1391 dicit:
664 1333 787 1398 πῶς
853 1323 949 1391 οὖν
1014 1328 1266 1405 τακερὸν
1326 1325 1590 1402 βλέπεις
1659 1326 1764 1390 καὶ
1807 1328 2136 1403 ἄναπνεῖςς
2190 1328 2300 1393 sed
2345 1330 2644 1393 ἀναπνεῖν

256 1453 380 1497 non
442 1440 537 1497 est
598 1434 887 1517 ineptum
954 1439 1068 1497 aut
1111 1431 1480 1497 ridiculum.
1534 1432 1824 1498 Fortasse
1871 1434 2037 1497 dixit
2082 1433 2185 1498 καὶ
2235 1420 2642 1506 αναΟΤένεις

257 1545 314 1603 ει
358 1539 625 1621 suspiria
670 1539 879 1613 ducis,
935 1545 1004 1603 nt
1052 1538 1256 1604 solent
1303 1539 1354 1604 οἱ
1403 1539 1752 1619 δυσέρωτες.

345 1750 632 1836 Alciphr.
681 1751 728 1816 Ῑ.
781 1750 888 1816 31.
937 1772 1084 1840 pag.
1138 1749 1246 1815 54.
1301 1751 1414 1815 ὑπὸ
1455 1751 1580 1829 γὰρ
1623 1753 1804 1829 ὀργῆς
1847 1773 1949 1828 μοι
1992 1750 2184 1823 δοκεῖς
2214 1752 2524 1839 [κινηθεὶς]
2553 1791 2638 1803 —-

256 1857 552 1939 ὑπερᾶραι
616 1858 683 1923 τὸ
746 1856 965 1936 μέτρον
1029 1863 1138 1929 τῆς
1208 1857 1489 1936 ἐρωτικῆς
1538 1857 1939 1936 ζηλοτυπίας.
2035 1856 2495 1943 Interpolatum
2545 1867 2641 1925 est

252 1966 666 2049 participium
734 1965 810 2030 ad
870 1964 973 2028 ὑπ’
1034 1965 1249 2046 ὀργῆς,
1317 1968 1391 2027 ut
1452 1967 1705 2049 saepius
1746 1962 1902 2030 alibi
1947 1966 2284 2048 participia
2329 1967 2395 2029 in
2441 1964 2642 2030 simili

255 2090 324 2134 re
373 2090 410 2134 a
458 2069 674 2135 sciolis
721 2070 938 2135 addita
984 2073 1375 2136 notavimus.
1427 2069 1510 2135 cf.
1567 2069 1895 2134 Observau.
1936 2071 2021 2133 ad
2056 2069 2410 2155 Dionysium
2433 2071 2642 2136 Halia.

254 2196 404 2263 pag.
464 2176 544 2242 17
593 2197 729 2262 sqq.
778 2183 841 2241 et
887 2198 1034 2265 pag.
1087 2177 1191 2242 61.

346 2389 638 2475 Aleiphr.
702 2388 754 2453 Ι.
819 2385 924 2451 36.
987 2409 1131 2476 pag.
1198 2386 1303 2452 56.
1376 2387 1723 2467 ἐβουλόμην
1788 2388 1900 2464 μὲν
1970 2388 2085 2454 ὑπὸ
2134 2388 2401 2470 δακρύων
2447 2390 2642 2455 οἰκίαν

254 2496 503 2576 ἑταίρας
572 2494 928 2574 τρέφεσθαι.
1020 2493 1249 2558 Vellum
1310 2496 1538 2559 domum
1602 2495 1929 2559 meretricis
1988 2496 2265 2577 lacrymis
2327 2496 2417 2560 ali
2467 2517 2641 2581 posse

256 2599 493 2667 Graece
540 2601 776 2666 dicitur
824 2600 1170 2677 ἐβουλόμην
1217 2600 1329 2679 μὲν
1368 2598 1520 2665 *AN
1578 2639 1657 2649 -—
1685 2602 2038 2683 τρέφεσθαι.

343 2813 633 2900 Alciphr.
706 2812 755 2878 I.
823 2812 929 2878 38.
1001 2833 1149 2900 pag.
1217 2812 1323 2877 58.
1417 2814 1449 2886 ἦ
1539 2813 1603 2878 δὲ
1693 2812 1897 2877 οὐκέτι
1983 2836 2067 2891 με
2144 2813 2423 2893 φαιδροῖς
2510 2823 2636 2887 τοῖς

251 2919 528 2995 ὄμμασιν
590 2918 814 3000 ὄψεται
880 2920 1174 2995 μειδιῶσα
1235 2920 1366 2984 οὐδὲ
1426 2918 1602 2992 ἵλεως
1663 2920 1769 2984 καὶ
1834 2920 2100 2994 εὐμενης·
2157 2921 2639 2999 διανυκτερεύσει

253 3035 379 3099 τοῖς
430 3027 652 3103 ἧδΙςοις
705 3026 944 3096 ἐκείνοις
994 3024 1642 3100 κολακεύμασιν.
1738 3025 1882 3092 Non
1933 3034 2030 3091 est
2078 3027 2143 3089 in
2193 3026 2642 3092 huiuscemodi

254 3134 579 3199 amoribus
643 3134 1069 3209 κολακεύμασι
1136 3130 1344 3214 locus,
1408 3153 1612 3217 neque
1672 3133 1763 3196 sio
1824 3135 1888 3196 in
1949 3131 2129 3197 libris
2178 3134 2489 3217 scriptum
2540 3138 2638 3198 est

257 3239 369 3305 sed
431 3237 864 3316 κολασμασιν,
912 3239 979 3302 in
1026 3257 1150 3322 quo
1197 3238 1350 3322 quid
1400 3237 1599 3303 lateat
1643 3239 1885 3322 aperiet
1931 3238 2270 3323 perdoctus
2316 3240 2638 3316 αττικιςῆς

256 3348 325 3409 in
387 3344 665 3410 Bekkeri
725 3345 946 3409 Anecd.
997 3363 1141 3430 pag.
1194 3341 1345 3407 367.
1397 3341 1481 3407 21
1534 3341 2226 3420 ἄκολαςῶσματα
2273 3345 2337 3410 δὲ
2387 3344 2641 3423 λέγουσι

255 3450 609 3529 κατακόρως
674 3452 724 3514 οἱ
788 3450 1204 3528 Ἐπικούρειοι.
1275 3449 1434 3523 πλὴν
1497 3448 1601 3513 καὶ
1672 3447 2147 3528 Ἀναξανδρίδης
2214 3450 2517 3531 κέχρηται
2563 3464 2640 3536 τῇ

252 3554 421 3632 λέξει
493 3555 595 3619 καὶ
666 3554 1103 3638 Ἀριςοφοὶνης.
1170 3553 1417 3620 Verum
1482 3574 1617 3620 esse
1682 3555 1861 3622 vides
1921 3564 2047 3628 τοῖς
2114 3556 2334 3631 ἧδίςοις
2401 3557 2640 3633 ἐκείνοις

256 3661 936 3738 ἈκολασΤΛΟμασιν.

346 3877 627 3963 Alciphr.
694 3878 747 3942 I.
800 3876 905 3942 39.
955 3899 1103 3965 pag.
1159 3876 1264 3942 59.
1334 3878 1440 3942 καὶ
1492 3875 1833 3954 Φιλουμένη
1887 3915 1969 3928 -
2019 3881 2121 3945 τὸν
2166 3881 2359 3945 καλὸν
2408 3881 2642 3945 ἈΠΟ-

257 3986 598 4061 κοιμίσασα
666 3981 852 4062 ἄνδρα
913 3984 1029 4062 ὀψὲ
1090 3984 1206 4060 μὲν
1266 3981 1426 4061 ὅμως
1491 3985 1552 4048 δὲ
1614 3993 1833 4062 παρῆν.
1928 3984 2018 4049 Ut
2065 4006 2252 4051 nemo
2298 3989 2364 4050 in
2415 3985 2531 4050 tali
2578 4007 2646 4051 re

255 4110 566 4175 umquam
628 4091 792 4155 dixit
848 4089 1264 4169 αποκοιμίζειν
1319 4090 1579 4176 (nedum
1629 4091 2040 4175 ἀποκοιμᾶν),
2096 4093 2188 4156 sie
2234 4112 2454 4158 omnes
2499 4111 2644 4157 con-

253 4202 495 4261 stanter
553 4218 627 4261 eo
684 4217 871 4260 sensu
932 4196 1138 4261 forma
1199 4198 1666 4277 κατακοιμίζειν
1717 4197 2084 4261 utebantur.
2135 4195 2480 4283 Aleiphron
2528 4195 2640 4262 111.

258 4301 366 4367 1¹7.
413 4324 561 4389 pag.
617 4301 718 4369 ¹73.
773 4312 849 4383 τῇ
898 4303 1050 4381 μέθη
1098 4301 1201 4365 καὶ
1253 4310 1376 4373 τοῖς
1426 4304 1637 4373 αὐλοῖς
1690 4327 1773 4378 με
1822 4303 2358 4378 κατακοιμίσασα.
2424 4302 2645 4387 Itaque

257 4409 842 4487 ΚΑΤΛκοιμίσασα
888 4409 990 4472 τὸν
1040 4407 1230 4488 ἄνδρα
1283 4408 1734 4493 reponendum.
