3192 5017
1289 298 1653 346 summm.
2537 275 2664 345 127

725 468 890 549 Ἥρα
939 494 1019 545 με
1069 471 1326 549 κάμνειν
1375 468 1542 546 τήνδ’
1591 467 1779 546 ἔθηκε
1827 470 1939 544 τὴν
1986 468 2185 546 νόσον,

275 573 620 661 legendum
670 576 978 643 arbitror:

733 680 863 758 ἥτις
915 708 998 762 με
1047 683 1304 760 κάμνειν
1352 683 1519 760 τήνδ’
1567 681 1757 758 ἔθηκε
1802 685 1914 758 τὴν
1960 679 2149 748 νόσον.

276 786 488 854 Semel
545 788 666 855 hoc
713 790 874 857 vitio
922 791 1254 857 observato
1300 811 1426 857 non
1476 789 1735 857 difficile
1780 795 1878 857 est
1924 791 2238 878 corrigere
2285 810 2542 857 versum
2590 813 2668 858 ex

275 890 462 959 Herc.
551 894 724 979 Fur„
813 898 923 983 qui
1002 897 1165 962 mihi
1234 897 1494 982 quidem
1567 918 1737 962 nunc
1805 898 2322 981 corruptissimus
2390 897 2664 963 videtur.

276 999 592 1067 Hercules
636 1002 874 1068 auditis
920 1003 1171 1090 injuriis
1190 1053 1208 1088 ‚
1258 1004 1492 1090 quibus
1543 1003 2082 1091 Amphitryonem
2131 1002 2420 1069 affecerat
2459 1002 2672 1091 Lycus

276 1111 620 1194 tyrannus,
685 1116 870 1198 rogat
933 1132 1025 1177 vs.
1080 1108 1210 1178 526
1257 1112 1404 1176 κούκ
1451 1109 1642 1191 ἔσχεν
1691 1110 1838 1175 αἰδῶ
1885 1109 1988 1175 τὸν
2036 1107 2267 1189 γέροντ’
2317 1108 2664 1189 ἀτιμάσαις

279 1211 642 1300 Respondet
688 1214 992 1305 Megara:

739 1323 886 1388 αἰδῶ
933 1313 1323 1404 γ’ἷᾶποικεῖ
1369 1326 1550 1399 τῆςδε
1596 1332 1708 1400 τῆς
1758 1321 1905 1389 θεοῦ
1953 1324 2179 1405 πρόσω.

281 1427 451 1508 Quid
498 1431 584 1493 sit
627 1429 746 1495 hoc
793 1431 940 1495 αἰδῶ
989 1454 1105 1516 γες
1154 1451 1281 1497 non
1329 1430 1513 1498 facile
1561 1431 1756 1497 dicas.
1805 1430 1875 1496 Si
1923 1432 2066 1516 quis
2112 1430 2327 1495 credat
2365 1433 2672 1496 ironicam

282 1554 418 1601 esse
462 1536 1027 1624 interrogationem
1050 1584 1067 1614 ‚
1116 1536 1323 1623 qualis
1368 1544 1465 1602 est
1510 1536 1629 1602 illa
1676 1535 2170 1603 Demosthenica
2220 1535 2412 1601 καλόν
2449 1559 2532 1614 γε
2548 1556 2565 1615 3
2608 1539 2673 1603 οὐ

283 1637 408 1720 γάρ
426 1660 443 1719 ;
505 1643 790 1727 primum
854 1649 1105 1728 reputet
1162 1664 1478 1729 nusquam
1544 1642 1703 1708 alibi
1765 1644 1932 1728 apud
1992 1641 2366 1728 Euripidem
2415 1644 2679 1711 interro·

282 1749 609 1835 gationem
676 1769 822 1813 cum
880 1748 1196 1834 particula
1257 1773 1336 1827 γε
1398 1752 1697 1836 reperiri;
1748 1747 1975 1815 deinde
2021 1748 2133 1815 ubi
2178 1747 2353 1814 idem
2399 1750 2675 1816 vocabu-

282 1853 422 1920 lum
489 1856 852 1940 praecedat,
913 1855 1076 1921 illud
1127 1877 1252 1923 non
1297 1878 1480 1944 posse
1526 1856 1654 1923 alio
1700 1857 1891 1922 modo
1936 1857 2172 1923 ironice
2217 1858 2437 1921 iterari
2485 1878 2678 1942 quam

285 1983 344 2027 e.
418 1982 515 2049 gr.
590 1963 774 2028 ποίαν
845 1962 1012 2027 αἰδῶ.
1107 1963 1444 2030 Postremo
1512 1967 1730 2029 minus
1802 1968 1970 2029 recte
2034 1963 2323 2028 homines
2390 1963 2681 2031 scelerati

291 2068 591 2133 dicuntur
650 2066 844 2156 longe
910 2091 947 2135 a
1009 2069 1263 2136 Pudore
1322 2074 1555 2136 remoti
1602 2070 1928 2154 habitare,
1977 2069 2087 2136 sed
2135 2069 2241 2134 hic
2288 2069 2444 2134 deus
2489 2069 2681 2158 longe

286 2174 461 2262 fugit
529 2179 728 2240 terras
789 2175 1134 2242 sceleribus
1199 2177 1714 2243 commaculatas.
1812 2176 2082 2242 Versum
2141 2176 2262 2241 hoe
2307 2176 2498 2241 modo
2545 2196 2680 2242 cor·

285 2284 548 2366 ruptum
620 2302 752 2347 esse
822 2286 1059 2368 opinor.
1135 2283 1280 2350 Non
1341 2286 1680 2370 scripserat
1739 2283 2078 2369 Euripides
2137 2283 2322 2357 αἰδῶ,
2390 2282 2497 2349 sed
2558 2284 2678 2350 hoc

285 2407 515 2452 nomen
555 2387 913 2474 explicandi
955 2410 1140 2456 causa
1183 2394 1687 2477 suprascriptum
1728 2397 1857 2469 est,
1901 2410 2101 2476 quum
2142 2395 2328 2475 poeta
2365 2390 2674 2455 dedisset:

288 2488 447 2567 αὕτη
501 2542 515 2556 .
548 2542 563 2557 .
593 2542 607 2558 .
639 2542 653 2558 .
703 2492 879 2572 θεός;
935 2496 1160 2561 deinde
1206 2497 1277 2574 γ’
1326 2498 1578 2561 ἀποικεῖ
1622 2502 1848 2562 natum
1882 2503 1993 2562 est
2038 2518 2073 2562 e
2120 2496 2246 2575 γὰρ
2290 2498 2445 2561 οἰκεῖ
2477 2505 2541 2562 et
2563 2503 2672 2570 τῆς

287 2621 321 2665 e
384 2607 524 2677 γῆς.
620 2599 864 2681 Quibus
924 2603 1221 2668 omnibus
1282 2605 1599 2668 restitutis
1656 2603 2064 2689 aptissimum
2113 2602 2493 2669 habebimus
2542 2600 2677 2667 Me-

287 2725 478 2793 garae
523 2726 923 2793 responsum:

791 2810 950 2888 αὕτη
998 2814 1127 2895 γὰρ
1176 2816 1332 2881 οἰκεῖ
1372 2816 1552 2888 τῆςδε
1600 2824 1719 2893 γῆς
1770 2814 1968 2896 πρόσω
2016 2812 2183 2889 θεός.

381 3024 459 3090 In
507 3024 729 3092 eadem
779 3025 997 3094 fabula
1042 3048 1138 3094 vs.
1193 3025 1280 3093 65
1328 3026 1597 3114 Megara
1645 3027 1839 3093 dicit:
1889 3025 2047 3092 olim
2086 3030 2267 3112 pater
2305 3045 2489 3091 meus
2527 3025 2681 3091 felix

290 3132 645 3200 habebatur

790 3238 951 3320 ἔχων
999 3240 1297 3321 τυραννίδ’
1345 3237 1410 3316 ἧς
1458 3239 1699 3319 μακραὶ
1745 3239 1989 3319 λόγχαι
2039 3239 2173 3320 πέρι

793 3348 1024 3421 πηδῶσ’
1074 3346 1243 3427 ἔρωτι
1291 3347 1537 3425 σώματ’
1583 3346 1668 3418 εἷς
1719 3346 2069 3423 εὐδαίμονα.

293 3451 459 3533 Quia
528 3453 802 3518 secundo
871 3475 1061 3519 versu
1129 3454 1302 3519 haud
1375 3453 1567 3519 dubie
1637 3451 2035 3541 significatur
2103 3450 2348 3517 bellum
2407 3450 2686 3519 Eteoclis

293 3579 443 3624 cum
490 3557 833 3647 Polynice,
885 3559 1234 3648 legendum
1285 3560 1590 3626 arbitror:
1639 3562 1883 3639 σώματ’
1933 3560 2017 3632 εἰς
2067 3559 2405 3637 ὁμαίμονα.

386 3772 500 3839 Ion
551 3771 684 3839 ‘733
735 3772 979 3840 Creusa
1026 3775 1140 3841 ita*
1165 3775 1606 3862 paedagogum
1657 3793 1845 3838 suum
1893 3770 2272 3858 alloquitur:

750 3879 873 3956 ἐγὼ
922 3881 983 3945 δέ
1036 3884 1093 3944 σ’
1141 3879 1340 3963 ὥσπερ
1388 3880 1492 3946 καὶ
1543 3880 1621 3945 σὺ
1668 3879 1888 3959 πατέρ’
1937 3879 2083 3956 ἐμόν
2126 3901 2279 3944 ποτε

748 3987 1012 4051 δέσποιν’
1060 3987 1221 4065 ὅμως
1272 3985 1395 4053 οὖσ’
1446 3985 1816 4062 ἀντικηδεύω
1867 3983 2120 4066 πατρός.

294 4093 500 4160 Senex
563 4092 675 4158 ille
739 4093 1078 4159 Erechthei
1143 4114 1390 4179 quoque
1435 4094 1845 4180 paedagogus
1891 4092 2122 4168 fuerat;
2178 4089 2527 4156 absurdum
2577 4109 2687 4156 au·

295 4211 429 4267 tem
500 4200 753 4266 videtur
815 4222 961 4265 eum
1022 4221 1172 4266 suae
1237 4222 1422 4267 curae
1469 4202 1886 4267 commissum
1932 4219 2203 4285 puerum
2240 4196 2446 4282 patris
2490 4196 2687 4263 instar

295 4308 589 4375 coluisse.
683 4306 856 4393 Ergo
903 4309 1177 4392 priorem
1228 4327 1486 4373 versum
1535 4309 1627 4372 sic
1673 4308 1955 4393 corrigo:

759 4413 880 4492 ἐγὼ
930 4412 994 4478 δέ
1045 4412 1101 4478 σ’
1148 4411 1347 4495 ὥσπερ
1396 4414 1501 4479 καὶ
1552 4413 1758 4493 πατὴρ
1807 4411 1949 4491 ἐμός
2000 4433 2172 4477 ποτε.
