3192 5017
647 290 780 356 348
1728 317 1955 367 PLATO.

733 481 892 570 Pag.
964 483 1132 550 904:
1197 492 1326 551 tres
1390 489 1695 573 γενέσεις,
1762 493 1885 554 nisi
1953 491 2173 570 fallor,
2241 499 2414 561 sunt.
2474 498 2530 558 l.
2579 502 2696 559 τῶν
2740 494 2988 572 ἀψύχων.

643 586 706 653 2.
754 594 872 653 τῶν
919 591 1229 674 ἐμψύχων
1277 594 1428 672 μέν,
1481 595 1729 673 didym
1780 595 1863 661 δέ.
1942 596 2003 661 3.
2054 605 2170 661 τῶν
2219 600 2558 677 ἀνθρώπων.
2634 598 2843 665 Tertia
2887 598 2993 663 solt

645 700 738 759 est
790 716 951 779 quae
998 700 1137 783 ipsa
1185 720 1295 783 per
1341 722 1407 764 se
1455 722 1637 767 suam
1688 703 1902 767 sedem
1952 712 2203 769 mutare
2254 708 2472 788 possit.
2566 704 2691 771 Sed
2724 704 2881 790 'quid
2922 710 2995 768 est

644 799 792 880 ὕδωρ
865 803 1193 889 ἔμψυχον,
1271 807 1432 891 quod
1495 808 1752 892 quidem
1823 810 2048 874 Aetius
2111 809 2455 896 significari
2524 811 2668 877 vult
2717 834 2911 891 aquam
2948 818 2997 871 st

641 909 841 972 vivum
911 933 1106 974 rerum
1152 914 1520 976 naturalium
1562 915 1948 996 principium.
2042 915 2282 980 Mirum
2335 919 2390 981 si
2440 917 2660 991 Plato,
2714 919 2824 1000 qui
2868 915 2998 980 hane

641 1017 844 1099 ipsam
897 1019 1213 1104 originem
1265 1026 1376 1091 τῆς
1424 1024 1641 1101 ψυχῆς
1692 1021 1913 1086 sedulo
1960 1021 2301 1097 refutavit,
2351 1043 2519 1088 nunc
2570 1022 2833 1088 eandem
2869 1030 2999 1086 tam-

642 1140 834 1205 quam
914 1122 1170 1188 deorum
1243 1146 1427 1190 curae
1493 1127 1842 1191 subiectam
1912 1131 2216 1214 agnoscit.
2314 1127 2457 1192 Hoc
2524 1128 2725 1193 dicit:
2790 1132 2999 1192 caetera

640 1226 900 1311 quidem
972 1230 1108 1294 sive
1166 1228 1404 1311 ἄψυχα
1467 1233 1603 1297 sive
1667 1228 1943 1311 ἔμψυχα
2006 1235 2168 1308 sint,
2221 1235 2428 1298 varias
2475 1236 2858 1299 mutationes
2899 1252 2994 1296 non

640 1353 754 1418 pro
820 1335 1083 1400 arbitrio
1129 1337 1342 1402 subire
1364 1386 1381 1413 ,
1432 1338 1542 1403 sed
1589 1336 1804 1422 aliquo
1854 1338 2116 1403 deorum
2166 1346 2464 1406 movente
2511 1345 2577 1404 et
2624 1340 2993 1424 disponento;

641 1441 1002 1505 animarum
1052 1442 1476 1508 humanarum
1530 1447 1693 1508 hanc
1739 1464 1874 1509 esse
1923 1449 2216 1509 naturam
2270 1450 2344 1509 ut
2390 1450 2613 1530 suapte
2663 1447 2733 1510 vi
2781 1443 2996 1509 deloco

641 1546 708 1609 in
771 1544 983 1612 locum
1051 1551 1330 1637 migrent
1392 1549 1723 1614 meliorem
1775 1549 2028 1633 quidem
2057 1599 2073 1627 ,
2127 1553 2181 1615 si
2229 1548 2497 1615 meliora
2545 1555 2877 1635 appetant,
2921 1548 2993 1611 sin

642 1653 852 1734 peiora
924 1657 1221 1737 peiorem.
1319 1654 1524 1742 Lege,
1601 1656 1651 1718 εἴ
1714 1656 1827 1731 μὲν
1896 1657 2021 1734 γὰρ
2082 1658 2225 1735 πρὸς
2284 1660 2354 1720 τὸ
2417 1654 2553 1720 ὅλον
2616 1658 2713 1720 ἀεὶ
2779 1654 2995 1731 βλέπων

641 1757 909 1824 πλάττοι
960 1785 1051 1831 τις
1101 1760 1687 1842 μετασχηματίζων
1731 1762 1818 1826 τοὶ
1868 1760 2118 1839 πάντα,
2168 1757 2284 1828 οἷον
2333 1763 2401 1825 ἐκ
2452 1765 2635 1842 πυρὸς
2689 1761 2872 1840 ὕδωρ,
2913 1762 2995 1835 ἔμ-

640 1868 826 1944 ψυχα
877 1867 982 1931 καὶ
1032 1868 1120 1944 μή
1168 1866 1510 1944 &daroma
1562 1870 1628 1947 ἐξ
1682 1870 1807 1940 ἑνὸς
1859 1867 1893 1941 ἢ
1942 1869 2011 1931 ἐκ
2057 1875 2300 1933 πολλῶν
2346 1865 2407 1931 ἕν
2454 1870 2582 1932 κτέ.

729 1972 878 2039 Mox
947 1974 1322 2040 offendimus
1380 1975 1459 2040 ad
1523 1978 1815 2047 πλήθεσιν
1862 1972 2064 2053 ἄπειρ’
2113 1974 2189 2038 ἂν
2237 1975 2328 2050 εἴη
2380 1983 2491 2048 τῆς
2539 1972 2993 2051 μετατιθεμένης

640 2081 1012 2156 κοσμήσεως.
1109 2079 1216 2145 Sic
1265 2080 1414 2145 libri
1466 2081 1736 2167 optimi,
1786 2080 1895 2145 sed
1944 2082 2026 2144 τοὶ
2076 2088 2221 2146 aute
2270 2088 2381 2156 τῆς
2420 2079 2747 2166 supplevit
2784 2080 2992 2143 Aetius.

638 2205 762 2270 quo
826 2188 964 2251 iure
1012 2193 1155 2271 post
1200 2186 1417 2272 paullo
1464 2186 1848 2253 videbimus.
1942 2186 2068 2252 Sed
2118 2189 2317 2251 miror
2364 2185 2775 2262 Turicenses,
2823 2187 2919 2270 qui
2966 2204 2992 2245 e

639 2291 884 2357 duabus
933 2292 1312 2358 lectionibus
1359 2290 1563 2371 ἄπορα
1615 2299 1679 2356 et
1717 2288 1944 2371 ἄπειρα
1985 2294 2258 2377 priorem
2302 2291 2745 2377 praetulerint.
2793 2289 2992 2355 Viden·

635 2402 742 2461 tur
791 2397 867 2462 de
913 2399 1244 2479 ἀμήχανον
1291 2394 1424 2463 ὅσον
1467 2399 1694 2471 πλῆθος
1736 2400 2087 2485 cogitasse,
2129 2419 2278 2463 nam
2320 2401 2639 2479 ἀμήχανα
2680 2397 2788 2464 vel
2823 2394 2989 2470 ἄπορα

636 2504 855 2577 πλήθει
908 2504 1009 2570 vel
1057 2506 1315 2580 πλήθεσι
1364 2525 1676 2590 nusquam
1726 2524 1832 2569 me
1881 2506 2185 2589 reperisse
2232 2506 2524 2568 memini.
2598 2503 2985 2569 Leuissimum

637 2611 1018 2676 medicinam
1065 2611 1393 2677 adhibebis
1432 2610 1735 2698 legendo:
1783 2613 2857 2675 ΠΛΗΘΟΟΛΠΕῙΡἈΝΕΙΗΤΗΕ
2895 2630 2987 2682 με·

632 2719 1032 2795 τατιθεμένής
1098 2722 1469 2794 κοσμήσεως.
1563 2717 1911 2801 Postquam
1974 2717 2421 2802 compendium
2464 2715 2755 2803 syllabae
2803 2739 2858 2779 ον
2900 2730 2987 2797 pro
3100 2780 3101 2787 χ

631 2830 781 2889 nota
844 2824 1125 2890 elisionis
1187 2825 1481 2889 habitum
1545 2830 1674 2901 est,
1726 2822 1880 2907 quid
1930 2825 2170 2887 mirum
2224 2825 2280 2887 si
2325 2825 2496 2907 quis,
2554 2826 2664 2907 qui
2719 2831 2826 2887 OC
2870 2828 2985 2884 anoe

630 2929 847 2995 oculos
891 2930 1162 2996 habebat
1216 2939 1314 2994 ec
1364 2951 1509 2993 cum
1559 2928 1932 3014 compendio
1978 2927 2264 3015 syllabae
2312 2952 2365 2994 ιν
2414 2929 2537 2993 sibi
2587 2928 2801 3016 legere
2843 2929 2984 2992 visus

631 3044 759 3114 est,
826 3037 929 3102 vel
991 3037 1255 3102 fortasse
1318 3038 1668 3104 orationem
1737 3038 1827 3100 sic
1892 3034 2327 3122 corrigendam
2374 3055 2507 3100 esse
2556 3035 2847 3119 opinatus
2890 3038 2978 3094 est

628 3141 888 3210 Inutilis
934 3148 1031 3208 est
1079 3143 1282 3230 igitur
1330 3143 1496 3207 Astii
1545 3144 1924 3207 coniectura.

721 3397 801 3407 —
853 3357 1059 3431 ἐπειδὴ
1109 3355 1390 3422 κατεῖδεν
1442 3391 1481 3405 -
1509 3391 1548 3405 -
1578 3354 1973 3435 -ἐμψύχους
2022 3353 2211 3424 οὔσας
2261 3356 2378 3425 τὰς
2429 3352 2681 3433 προέξεις
2733 3390 2814 3403 —-
2852 3352 2981 3416 mire
3096 3380 3097 3395 ι

626 3462 906 3531 dictum!
957 3465 1064 3529 sed
1113 3465 1374 3529 fortasse
1424 3463 1874 3547 disputationis
1922 3481 2111 3527 causa
2159 3461 2400 3545 aliquid
2454 3460 2814 3526 audendum
2852 3451 2978 3523 eras·

627 3569 896 3636 Minime
941 3570 1233 3657 gentium
1257 3590 1272 3645 ;
1324 3571 1558 3653 quippe
1607 3569 1674 3631 αἱ
1722 3566 1974 3646 προέξεις
2021 3566 2327 3630 secundas
2375 3565 2477 3629 hic
2526 3574 2737 3650 partes
2776 3568 2950 3652 agunt
2963 3578 2977 3635 ;

626 3677 704 3742 de
776 3679 991 3742 anima
1053 3679 1387 3760 praecipue
1449 3677 1701 3760 agitur,
1765 3693 1928 3758 quae
1997 3693 2146 3737 suae
2194 3675 2386 3737 sortis
2437 3672 2773 3737 arbitrium
2824 3686 2976 3757 penes
3094 3686 3095 3703 ¹

623 3804 690 3849 se
754 3784 983 3848 habere
1045 3782 1431 3867 perhibetur.
1531 3780 1752 3865 Itaque
1814 3799 1975 3865 quae
2042 3781 2264 3843 statim
2314 3778 2565 3856 adiicit,
2616 3783 2847 3851 πολλὴν
2886 3776 2973 3853 μὲν

623 3891 843 3968 ἀρετὴν
894 3891 954 3953 ἐν
1001 3892 1227 3959 αὐταῖς
1276 3885 1493 3961 οὖσαν,
1544 3887 1781 3959 πολλὴν
1824 3887 1886 3951 δὲ
1925 3886 2185 3961 κακίαν,
2228 3904 2416 3950 nemo
2456 3905 2648 3950 sanus
2684 3886 2761 3950 de
2788 3879 2971 3963 πρὶξε·

623 4020 715 4061 σιν
775 4000 1240 4081 interpretetur.
1342 3992 1522 4072 Quod
1585 3994 1641 4056 si
1709 3993 1769 4056 ἐν
1831 3994 2057 4062 αὐταῖς
2108 3990 2281 4055 idem
2334 4009 2467 4055 esse
2516 3989 2687 4055 dices
2734 3990 2886 4075 quod
2924 3986 2968 4047 ἐν

622 4108 907 4183 ψυχαῖς,
973 4120 1223 4166 necesse
1279 4104 1376 4164 est
1438 4101 1664 4179 ψυχὰς
1732 4118 1922 4182 supra
1985 4101 2373 4162 memoratas
2438 4116 2588 4161 esse.
2687 4095 2807 4161 Sed
2850 4111 2970 4158 nus·

623 4228 815 4292 quam
890 4208 1079 4272 hodie
1150 4187 1536 4290 comparent.
1634 4203 1805 4291 Lege
1877 4205 1937 4267 ἐν
2004 4207 2251 4281 ψυχαῖς
2320 4202 2510 4272 οὔσας
2572 4204 2691 4272 τὰς
2753 4199 2964 4280 πράξεις

625 4311 904 4381 ὤπασας.
975 4350 1053 4360 --
1119 4314 1284 4395 quod
1349 4310 1605 4394 quidem
1675 4309 2101 4383 verissimum.
2148 4313 2274 4372 est:
2326 4327 2472 4371 nam
2524 4311 2683 4372 meri
2733 4303 2966 4391 corporis
3088 4374 3089 4379 ἵ

624 4424 837 4480 motus
884 4422 945 4479 et
997 4436 1154 4500 quae
1205 4416 1349 4482 ἄνευ
1397 4415 1787 4495 προαιρέσεως
1841 4416 2111 4479 facimus
2151 4434 2274 4478 non
2315 4421 2461 4479 sunt
2507 4413 2776 4493 πράξεις.
2830 4405 2957 4493 ,Sed
