3192 5017
610 261 742 328 356
1552 278 2052 327 Amsrormnas.

606 453 839 539 Lysiae
900 451 1151 530 locum,
1216 453 1328 517 ubi
1391 450 1556 516 illud
1604 451 1816 535 ipsum
1869 452 2150 529 πώμαλα
2197 451 2463 539 legitur,
2511 449 2741 516 Suidas
2782 469 2962 514 serva-

609 562 740 624 vit:
790 560 1032 629 Λυσίας
1082 561 1143 622 ἐν
1193 567 1269 637 τῇ
1318 558 1463 637 πρὸς
1516 556 1863 637 ’Λσύβαρον
1914 558 2205 637 ἐπιτολῇ·
2249 557 2543 635 γενναίως
2590 557 2717 635 γὰρ
2762 556 2824 619 αἱ
2865 578 2966 631 yv-

610 671 816 736 ναῖκες
869 663 1147 738 πώμαλα
1201 660 1452 743 ἔφασαν
1502 662 1816 742 ὀρχεῖσθαι
1863 662 2103 738 αύτοὶς,
2152 663 2281 728 δέον
2326 662 2458 727 οὐδὲ
2498 661 2756 734 πιούσας
2791 662 2970 735 ἀπηλ-

609 768 856 850 λάχθαι
898 774 1002 834 τοῦ
1046 768 1390 845 συμποσίου
1432 767 1745 853 ἐγένοντο,
1784 789 1934 835 nam
1975 768 2139 834 illud
2182 769 2491 847 ἐγένοντο,
2517 768 2688 854 quod
2709 767 2975 833 Editores

608 875 741 940 fere
812 878 1157 949 omittunt,
1222 877 1290 939 in
1355 874 1617 960 optimis
1681 873 1918 940 Suidae
1979 871 2321 941 Codicibus
2368 875 2659 940 additum
2707 874 2976 959 reperies.

615 980 915 1048 Ceterum
988 982 1055 1044 in
1127 979 1266 1045 loco
1326 982 1601 1066 pessime
1665 980 1884 1045 habito
1946 999 2019 1045 ac
2082 980 2543 1066 propemodum
2605 978 2980 1045 conclamato

611 1089 830 1155 ludere
890 1090 1073 1153 iuvat
1133 1092 1221 1162 et,
1273 1091 1347 1151 ut
1394 1085 1506 1151 alii
1554 1084 1980 1171 probabiliora
2026 1094 2361 1170 quaerant,
2410 1088 2712 1152 coniicio:
2760 1084 2977 1154 Aucta<

612 1197 674 1260 ἐν
743 1206 820 1276 τῇ
886 1196 1028 1275 πρὸς
1095 1193 1287 1261 ’Λςύ
1306 1218 1419 1270 μα
1437 1215 1581 1272 χον
1647 1193 1940 1272 ἐπιςολῇ·
2008 1192 2302 1270 γενναίως
2365 1192 2492 1272 γὰρ
2551 1193 2618 1255 αἱ
2667 1198 2977 1269 γυναῖκες,

612 1302 934 1378 πώμαλα·
987 1290 1138 1385 (ἃς)
1188 1296 1438 1379 ἔφασαν
1485 1299 1799 1380 ὀρχεῖσθαι
1847 1298 2341 1385 (κελεῦσαι),
2389 1299 2536 1368 τὰς
2587 1298 2666 1362 δὲ
2717 1292 2800 1362 εὖ
2845 1297 2980 1361 δια·

615 1408 963 1476 πιούσας
1046 1403 1469 1483 ἀπηλλάχθαι
1534 1408 1641 1468 τοῦ
1704 1405 2043 1481 συμποσίου
2108 1403 2426 1482 ἔλεγον.
2517 1402 2755 1469 Simile
2813 1423 2983 1490 argu·

617 1518 905 1578 mentum
968 1511 1234 1576 fortasse
1294 1510 1421 1574 fuit
1485 1510 1654 1594 quod
1704 1511 1930 1597 Lysias
1976 1512 2279 1576 tractavit
2325 1513 2391 1575 in
2440 1508 2716 1595 epistola
2759 1508 2836 1574 ad
2883 1510 2985 1572 Me-

617 1620 925 1683 taniram:
996 1622 1302 1693 γυναικῶν
1375 1615 1438 1680 δὲ
1511 1618 1757 1680 πολλῶν
1832 1615 1936 1680 καὶ
2008 1616 2230 1695 ἀνδρῶν
2293 1617 2444 1694 ὅμοῦ
2507 1614 2984 1692 κατακειμένων,

621 1745 783 1809 quae
833 1723 1026 1789 verba
1070 1722 1237 1806 apud
1283 1722 1590 1787 Photium
1641 1728 1998 1808 supersunt.

707 1934 889 2014 Quod
942 1932 1335 2018 Dicaeopolis
1380 1954 1472 1999 vs.
1527 1932 1614 1997 42
1662 1933 2122 2018 spectatoribus
2169 1934 2376 2022 digito
2422 1940 2908 2001 commonstrat:

1078 2040 1183 2103 οὐκ
1231 2038 1549 2119 ἦγόρευονς
1601 2038 1772 2103 τοῦτ’
1824 2040 2022 2117 ἐκεῖν’,
2070 2040 2233 2118 οὑγὼ
2271 2043 2519 2119 ’λεγον

1069 2145 1127 2217 ἐς
1178 2145 1287 2218 τὴν
1338 2145 1651 2225 προεδρίαν
1698 2149 1828 2218 πᾶς
1875 2146 2024 2225 ἀνὴρ
2072 2145 2395 2227 ώςίζεται,

617 2249 683 2313 id
732 2269 956 2335 supra,
1010 2271 1100 2315 vs.
1150 2249 1262 2334 25,
1306 2252 1437 2315 lam
1485 2250 1884 2336 praedixerat
1930 2252 2259 2317 futurum:

1073 2356 1198 2420 οὐδ’
1244 2356 1295 2420 οἱ
1343 2356 1665 2436 πρυτάνεις
1718 2353 1993 2430 ἥκουσιν,
2044 2356 2192 2422 ἀλλ’
2231 2359 2424 2441 dupla}

1075 2461 1318 2538 ἥκοντες
1340 2511 1356 2536 ,
1404 2456 1543 2526 εἶτα
1590 2463 1644 2527 δ’
1698 2463 2016 2528 ώςιοῦνται
2072 2469 2198 2536 πῶς
2246 2465 2435 2537 δοκεῖς

1074 2567 1348 2639 ἐλθόντες
1396 2568 1726 2643 ἀλλήλοισι
1775 2568 1907 2649 περὶ
1957 2569 2267 2647 πρώτου
2313 2568 2580 2646 ξύλου.

620 2674 715 2738 Ex
787 2673 1014 2738 horum
1079 2672 1364 2738 locorum
1428 2673 1765 2739 collatione
1828 2676 2239 2762 grammatici
2300 2676 2367 2740 id
2414 2677 2788 2755 effecerunt,
2841 2676 2990 2762 quod

620 2778 840 2844 sedulo
911 2778 1269 2863 inculcant,
1343 2786 1570 2858 πρῶτον
1643 2779 1826 2857 ξύλον
1897 2781 2254 2869 significare
2324 2789 2555 2862 πρῶτον
2613 2783 2841 2864 βάθρον
2903 2782 2988 2848 vel

625 2886 961 2965 προεδρίαν.
1045 2883 1279 2949 Verum
1330 2887 1396 2950 in
1443 2887 1737 2951 contione
1778 2889 2244 2975 quinquaginta
2290 2896 2592 2975 prytanea
2632 2911 2858 2958 omnes
2899 2890 2989 2961 τῖιν

623 2989 937 3071 προεδρίαν
985 2990 1221 3055 habent
1288 2991 1559 3056 necdum
1612 3012 1843 3058 novem
1892 2991 2155 3073 πρόεδροι
2204 2995 2486 3059 instituti
2532 3004 2714 3062 erant
2773 2998 2990 3062 Aristo-

622 3099 846 3183 phanis
910 3102 1135 3163 aetate.
1207 3097 1495 3176 Προεδρία
1541 3098 1830 3163 omnium
1882 3108 2018 3165 erat
2064 3120 2267 3184 neque
2312 3110 2448 3166 erat
2493 3123 2609 3167 cur
2651 3105 2834 3169 rixae
2877 3122 2990 3167 oro-

626 3212 842 3268 rentur
889 3202 1020 3282 περὶ
1069 3202 1303 3282 πρώτου
1351 3202 1575 3280 ξύλου,
1627 3204 1819 3268 sicuti
1864 3207 1932 3269 in
1978 3206 2257 3281 iudicio,
2308 3207 2389 3271 of.
2439 3205 2628 3293 Vesp.
2681 3208 2794 3274 90.
2886 3206 2988 3272 Sed

622 3310 777 3373 dum
841 3311 1107 3394 quisque
1172 3309 1545 3393 properabat
1607 3328 1929 3393 capessere
1992 3310 2206 3376 sedem
2226 3358 2243 3390 ,
2304 3314 2494 3378 turba
2547 3314 2870 3379 oriebatur
2908 3314 2989 3376 in·

626 3417 933 3479 trantium
999 3412 1132 3493 περὶ
1182 3419 1487 3493 πρῶτον
1534 3413 1781 3491 ξύλον
1829 3421 1893 3481 et
1940 3419 2379 3483 accusativum
2428 3420 2564 3483 sine
2610 3439 2794 3485 mora
2837 3437 2989 3503 repo-

622 3521 900 3585 nendum
965 3519 1128 3585 duco
1151 3568 1165 3595 ,
1231 3541 1355 3604 quo
1404 3540 1589 3585 sensu
1634 3519 1917 3608 legimus
1973 3524 2041 3586 in
2087 3523 2208 3588 hac
2253 3527 2392 3609 ipsa
2436 3523 2653 3590 fabula
2699 3546 2793 3591 vs.
2841 3522 2986 3588 692:

623 3626 859 3707 γέροντ’
908 3626 1216 3690 ἀπολέσαι
1268 3626 1476 3690 πολιὸν
1523 3624 1714 3706 ἄνδρα
1764 3626 1897 3706 περὶ
1944 3628 2316 3708 κλεψύδραν.
2411 3628 2536 3695 Sed
2581 3650 2718 3695 rem
2756 3627 2988 3696 conficit

627 3732 977 3799 Teleclides
1024 3731 1193 3817 apud
1243 3732 1639 3798 Athenaeum
1691 3731 1796 3797 VI.
1844 3753 1906 3818 p.
1956 3731 2089 3798 268
2136 3734 2225 3799 B:

625 3847 741 3904 τῶν
765 3839 829 3904 δὲ
855 3840 1253 3904 πλακούντων
1293 3837 1800 3920 ώςιζομένων
1834 3839 2017 3918 περὶ
2058 3844 2202 3916 τὴν
2240 3841 2537 3919 γνάθον
2572 3838 2981 3916 ἦνᾶλαλητός.

712 4056 911 4122 Venio
977 4076 1143 4120 nunc
1190 4053 1270 4118 ad
1316 4074 1411 4119 vs.
1461 4050 1572 4129 36,
1625 4053 1735 4136 qui
1781 4051 2128 4118 admodum
2177 4052 2456 4120 difficilis
2501 4060 2616 4120 est.
2709 4054 2841 4120 Iam
2886 4071 2982 4138 par

619 4184 728 4229 sex
777 4182 970 4228 annos
1017 4158 1416 4245 Dicaeopolis
1462 4161 1708 4223 invitus
1756 4158 2076 4226 habitavit
2122 4161 2189 4224 in
2237 4162 2428 4225 urbe:

889 4266 1266 4345 ἀποβλέπων
1315 4265 1375 4336 ἐς
1423 4263 1526 4329 τὸν
1572 4263 1762 4343 ἀγρὸν
1806 4266 2035 4345 εἰρήνης
2087 4265 2263 4346 ἐρῶν,

892 4378 1094 4448 ςυγῶν
1142 4371 1257 4449 μὲν
1301 4369 1460 4447 dev,
1514 4368 1616 4433 τὸν
1662 4370 1714 4434 δ’
1764 4370 1911 4448 ἐμὸν
1957 4373 2146 4449 δῆμον
2195 4372 2422 4448 ποθῶν,
