3192 5017
533 302 665 374 222
1529 322 1918 376 sornoomu.

523 496 810 583 plerique
868 499 1318 585 interpretum,
1381 497 1450 562 id
1511 499 1726 561 minus
1786 497 1949 562 mihi
2013 495 2350 581 persuadet
2399 500 2656 580 propter
2701 516 2911 564 causas

524 624 680 688 quas
724 624 914 688 supra
958 605 1112 670 dixi.
1212 603 1565 669 Parvulum
1616 609 1827 668 tamen
1878 604 2110 668 vitium
2161 602 2358 667 latere
2406 602 2681 669 arbitror
2719 622 2912 687 neque

524 710 695 774 hunc
741 709 948 775 locum
1003 708 1391 799 attigissem,
1442 712 1565 773 nisi
1614 708 1956 793 parvulum
2006 711 2244 773 vitium
2289 709 2552 772 fuissem
2593 708 2906 774 odoratus.

525 816 693 896 Quid
764 817 818 881 si
888 816 1233 905 legendum
1304 824 1435 882 est:
1501 817 1601 879 ἐπ’
1659 817 1941 891 Ἰσμηνοῦ
2003 838 2074 878 τε
2137 814 2447 890 μαντείας
2517 812 2778 894 πέδῳῗ
2845 813 2909 877 Id

524 922 733 988 solum
797 945 897 988 me
959 926 1224 1000 retinet,
1292 922 1461 1008 quod
1525 944 1713 987 nemo
1775 923 2103 1007 hucusque
2163 921 2462 986 incidisse
2527 922 2790 986 videtur
2849 922 2908 983 in

524 1032 1006 1113 correctionem,
1055 1050 1217 1115 quae
1263 1035 1410 1094 ente
1458 1028 1650 1113 pedes
1695 1032 1902 1112 posita
1949 1038 2063 1093 est.
2161 1030 2483 1098 Μαντείας
2535 1027 2715 1091 πέδον
2765 1026 2910 1091 alibi

522 1154 648 1199 non
715 1137 985 1200 memini
1055 1157 1159 1200 me
1230 1135 1475 1222 legere,
1551 1134 1660 1198 sed
1734 1133 1966 1198 Aesch.
2034 1132 2318 1217 Choeph.
2388 1131 2560 1197 1036
2623 1132 2907 1198 invenio:

523 1241 945 1319 μεσόμφαλόν
1008 1239 1062 1305 θ’
1113 1240 1345 1321 ἵδρυμα
1393 1239 1617 1314 Λοξίου
1663 1240 1838 1304 πέδον
1887 1247 1951 1306 et
1998 1233 2195 1304 Arist.
2247 1239 2420 1304 Plut.
2473 1239 2640 1304 722:
2692 1241 2910 1303 κλεινὸν

524 1347 699 1411 πέδον
772 1348 1131 1425 Παλλάδος,
1202 1347 1357 1413 alibi
1423 1346 1743 1412 similiter.
1840 1345 2058 1411 Solent
2124 1346 2380 1430 quidem
2449 1348 2684 1434 tragici
2755 1348 2908 1411 πέδοι

524 1454 831 1523 scribere,
893 1455 1141 1537 quade
1188 1476 1255 1519 re
1304 1452 1669 1518 Dindorfius
1716 1452 2069 1537 disputavit
2113 1453 2192 1517 ad
2237 1453 2463 1517 Aesch.
2517 1453 2739 1518 Prom.
2791 1452 2909 1518 749

525 1566 590 1623 et
657 1558 1121 1625 Herwerdenus
1188 1563 1268 1625 ad
1329 1559 1484 1625 Oed.
1553 1558 1704 1644 Tyr.
1779 1558 1972 1634 1264,
2043 1558 2151 1623 sed
2216 1579 2469 1623 causam
2537 1580 2666 1624 non
2739 1559 2910 1624 video

525 1665 748 1749 quidni
796 1668 1074 1750 potuerit,
1122 1665 1318 1731 semel
1367 1669 1550 1749 poeta
1602 1665 1699 1728 ἐπὶ
1753 1665 1913 1743 πέδῳ
1959 1664 2268 1747 scribere,
2317 1686 2518 1749 quum
2546 1667 2910 1750 praesertim

524 1774 865 1857 genetivus
934 1773 1165 1837 faceret
1236 1780 1311 1836 ut
1380 1772 1458 1836 ab
1531 1772 1830 1837 adverbio
1901 1771 2346 1836 abstinendum
2416 1779 2580 1837 esset
2660 1776 2910 1857 ipseque

527 1876 761 1941 dixerit
815 1876 968 1943 Oed.
1037 1876 1189 1965 Tyr.
1244 1876 1373 1941 180
1422 1877 1565 1955 πρὸς
1621 1876 1799 1955 πέδῳ.
1898 1873 2082 1941 Certe
2129 1876 2195 1941 id
2242 1876 2494 1941 facilius
2538 1876 2910 1942 crediderim

525 2001 719 2066 quam
758 1983 953 2048 fuisse
993 1986 1103 2067 qui
1145 1984 1449 2061 μαντείων
1486 1982 1705 2046 σποδὸν
1740 1981 2114 2067 appellaret:
2154 1984 2296 2066 quis
2319 1983 2642 2045 vatidicum
2667 1984 2908 2045 cinerem

524 2108 833 2172 umquam
881 2088 1048 2153 vidit
1095 2088 1198 2153 vel
1248 2090 1324 2154 de
1371 2088 1489 2154 tali
1537 2094 1827 2173 portento
1877 2087 1980 2153 vel
2027 2087 2213 2152 fando
2257 2085 2618 2152 inaudivit?
2688 2085 2911 2153 Contra

524 2194 831 2271 μαντείας
899 2196 1076 2258 πέδον
1138 2216 1260 2259 non
1324 2199 1539 2259 minus
1587 2196 1743 2259 bene
1792 2194 1919 2259 dici
1966 2197 2179 2278 potuit
2225 2214 2418 2279 quam
2469 2191 2696 2269 Λοξίου
2744 2194 2908 2257 πέδον

524 2300 692 2385 apud
758 2300 1173 2388 Aeschylum.
1272 2300 1455 2366 Nihil
1516 2322 1664 2365 sane
1713 2306 1808 2364 est
1855 2321 1970 2365 cur
2016 2299 2347 2365 Nauckius
2395 2300 2554 2363 mihi
2603 2299 2905 2365 contradi·

523 2414 661 2481 cat,
710 2410 823 2491 qui
868 2410 937 2471 in
984 2410 1189 2492 primo
1237 2407 1526 2472 Electrae
1572 2424 1768 2471 versu
1814 2408 2115 2471 coniecit:
2168 2401 2210 2468 ὦ
2249 2411 2355 2470 τοῦ
2396 2407 2898 2484 ςροιτηγήσοιντος

525 2514 585 2577 ἐν
642 2513 866 2591 Τροίας
937 2514 1096 2591 πέδῳ
1144 2534 1256 2598 pro
1302 2514 1360 2576 ἐν
1410 2512 1603 2595 Τροίᾳ
1653 2513 1835 2589 ποτέ,
1882 2510 2024 2576 coll.
2079 2511 2228 2576 Eur.
2277 2511 2582 2576 Androm.
2641 2514 2750 2577 11.
2801 2509 2901 2590 58,

523 2617 729 2684 Orest.
781 2618 910 2683 522
961 2632 1024 2684 et
1077 2618 1269 2684 Rhes.
1321 2617 1471 2682 432.

608 2827 845 2892 Itidem
892 2849 1163 2913 parvum
1210 2828 1516 2892 mendum
1562 2834 1658 2892 est
1703 2827 1869 2912 quod
1925 2848 2029 2892 me
2077 2828 2354 2892 advertit
2402 2848 2497 2893 vs.
2545 2826 2673 2892 32:

1071 2934 1251 2997 θεοῖο-ι
1300 2934 1414 3010 μέν
1465 2956 1562 2997 νυν
1615 2937 1720 2998 οὐκ
1770 2931 2083 3010 ἶσούμενόν
2133 2931 2195 2995 ο·’
2247 2934 2370 3011 ἐγὼ

1066 3038 1185 3103 οὐδ’
1232 3037 1293 3104 οἵ
1299 3039 1362 3102 δε
1413 3038 1680 3115 πάντες,
1732 3036 2089 3117 ἑζόμεσ3’
2143 3040 2410 3117 ε’Φές-ιοι,

1058 3146 1279 3223 ἀνδρῶν
1330 3145 1393 3209 δὲ
1442 3153 1671 3221 πρῶτον
1722 3144 1781 3209 ἔν
1827 3170 1896 3209 τε
1945 3151 2297 3225 συμφοραῖς
2344 3144 2484 3222 βίου

608 3322 613 3327 ,
1062 3255 1352 3329 κρίνοντες
1403 3253 1463 3315 ἕν
1510 3277 1581 3316 τε
1631 3252 1926 3328 δαιμόνων
1976 3259 2437 3327 συναλλαγαῖς.

515 3358 698 3422 Unde
745 3358 974 3442 pendet
1021 3365 1282 3442 quartus
1322 3379 1502 3422 casus
1541 3358 1854 3431 ἰσούμενόν
1893 3355 2007 3421 σε’.)
2056 3358 2463 3441 Respondent
2503 3360 2886 3443 interpretes,

516 3463 684 3548 quod
729 3484 979 3528 necesse
1025 3470 1153 3537 est,
1207 3485 1243 3527 a
1292 3466 1626 3548 participio
1666 3466 1977 3540 κρίνοντες.
2037 3464 2190 3527 Mihi
2236 3464 2548 3546 impedita
2589 3474 2894 3529 construc-

515 3573 608 3634 tio
670 3570 924 3634 videtur
981 3576 1043 3633 et
1099 3591 1210 3653 pro
1258 3568 1556 3648 ἕζόμεσθοι
1608 3572 1890 3635 activum
1942 3571 2208 3634 verbum
2260 3571 2547 3653 requiro,
2599 3570 2764 3654 quod
2813 3590 2896 3632 ve-

514 3680 721 3739 nerari
764 3674 1100 3761 significat.
1142 3674 1458 3759 ‘Venimus
1507 3676 1821 3761 supplices
1870 3677 1946 3741 ad
1996 3684 2059 3739 te
2098 3674 2571 3758 supplicatum,
2618 3697 2764 3740 nam
2803 3675 2890 3737 dei

515 3786 715 3846 instar
762 3788 825 3845 te
871 3804 1233 3856 veneramur,
1284 3786 1535 3846 etiamsi
1586 3784 1863 3865 impium
1913 3784 1998 3845 sit
2050 3789 2113 3845 te
2161 3781 2512 3846 immortali
2556 3782 2674 3847 deo
2700 3781 2891 3865 aequi·

517 3909 759 3973 parare.
856 3886 1026 3951 Hinc
1076 3909 1295 3951 verum
1341 3888 1590 3971 judicO:

1059 3994 1180 4059 ow
1228 3990 1352 4056 οἵδε
1401 3993 1665 4074 πάντες,
1717 3992 2082 4072 οὲζόμεσ3’
2132 3992 2386 4071 ε’Φέςιοι.

517 4099 835 4162 Adnotavi
883 4097 1039 4161 olim
1091 4098 1167 4162 de
1215 4098 1332 4162 hoc
1381 4096 1517 4163 loco
1569 4102 1774 4184 egisse
1823 4098 2027 4163 Maur.
2078 4097 2512 4163 Schmidtium
2558 4101 2627 4163 in
2675 4099 2884 4164 Museo

513 4203 818 4269 Rhenano
866 4203 1087 4268 XXVI
1132 4225 1190 4288 p.
1243 4202 1397 4277 209,
1447 4205 1555 4268 sed
1603 4224 1726 4268 non
1774 4206 1974 4270 habeo
2024 4205 2190 4269 unde
2237 4226 2385 4268 eum
2436 4204 2678 4270 librum
2739 4223 2887 4270 nunc

517 4309 680 4373 mihi
729 4330 1089 4394 comparem
