3192 5017
1340 248 1703 303 summm.
2632 233 2719 300 25

877 420 967 489 ὦν
1013 424 1216 505 σάρκα
1262 426 1631 507 φωνήεσσαν
1675 423 2065 491 εῦσουσίν
2113 446 2263 491 ποτε

879 532 1100 610 πικρὰν
1149 530 1447 595 Ὀδυσσεῖ
1490 540 1701 610 γῆρυν.

329 636 551 703 Demit
609 635 852 720 aliquid
914 636 991 701 de
1050 636 1266 701 fabula
1328 635 1647 702 Casandra
1711 642 1906 722 atque
1965 642 2328 723 portentum
2379 639 2573 703 etiam
2627 636 2720 702 sic

330 745 486 808 satis
529 762 843 829 magnum
889 743 1044 807 feeit
1087 742 1278 827 paulo
1319 741 1706 811 credibilius,
1760 743 2221 810 Accusativum
2262 743 2483 822 πικρὰν
2526 751 2720 822 γῆρυν

332 847 664 914 retulerim
714 848 794 913 ad
841 847 1229 914 adiectivum
1277 851 1669 930 φωνήεσσαν.

425 1057 652 1124 Troad.
704 1056 873 1122 455:

444 1169 588 1230 ,ποῦ
635 1164 879 1245 σκάφος
923 1164 995 1228 τὸ
1041 1169 1148 1228 τοῦ
1196 1170 1546 1243 ςρατηγοῦ;
1601 1174 1707 1231 ποῖ
1752 1168 1919 1231 ποτ’
1970 1167 2293 1243 ἐμβαίνειν
2339 1192 2420 1245 με
2468 1169 2625 1248 χρή3

335 1272 599 1339 Malim:
649 1278 760 1334 ποῖ
802 1269 965 1334 πόδ’
1014 1271 1352 1347 ἐμβαίνειν.
1405 1269 1602 1356 Soph.
1651 1271 1913 1358 fragmt.
1970 1272 2143 1337 5993

880 1376 1047 1457 ὄχοις
1101 1375 1548 1441 ’Λκεσταίοισιν
1594 1377 1884 1455 ἐμβεβὼς
1936 1377 2118 1443 πόδα.

426 1587 670 1654 Dubito
725 1591 1046 1674 possintne
1095 1587 1394 1652 mortales
1441 1586 1645 1666 τύχην
1692 1588 2048 1665 λαμβάνειν
2099 1593 2163 1653 et
2210 1588 2435 1655 Troad.
2489 1585 2662 1653 4713

884 1691 1030 1758 ὅταν
1077 1718 1169 1765 τις
1221 1697 1388 1770 ἡμῶν
1433 1694 1676 1775 δυςυχῆ
1726 1694 1945 1774 λάβῃ
1992 1692 2226 1777 τύχην,

339 1800 485 1866 vide
531 1820 610 1864 an
658 1801 918 1865 rescribi
966 1801 1192 1865 debeat
1239 1800 1338 1865 λοὶ
1357 1824 1483 1880 xp.

430 2006 680 2075 Gertius
727 2010 968 2095 aliquid
1013 2011 1413 2096 pronunciari
1460 2012 1694 2095 poterit
1743 2010 1820 2074 de
1870 2030 1962 2074 vs.
2010 2007 2172 2073 6093

747 2118 852 2196 ὁρῶ
902 2117 987 2181 τοὶ
1035 2123 1150 2180 τῶν
1198 2114 1392 2199 θεῶν,
1438 2119 1515 2187 ὣς
1566 2117 1654 2180 τοὶ
1701 2115 1813 2190 μὲν
1864 2117 2159 2194 πυργοῦσ’
2214 2100 2335 2181 ἄνω

749 2224 815 2287 τὸ
864 2223 1050 2299 μηδὲν
1096 2221 1276 2307 ὄντα,
1325 2223 1410 2286 τὰ
1459 2222 1522 2286 δὲ
1569 2222 1916 2287 δοκοῦντ’
1971 2222 2327 2287 ἀπώλεσαν.

342 2327 772 2397 Commendo:
825 2331 1117 2394 δοκοῦν.

432 2535 732 2601 Hecubae
780 2536 971 2601 verba
1011 2541 1164 2599 sunt
1211 2535 1289 2599 ad
1340 2534 1820 2599 Andromachen
1867 2557 1963 2601 vs.
2015 2534 2183 2600 6283

706 2643 770 2706 οὐ
817 2642 1066 2723 ταύτὸν,
1117 2637 1158 2704 ὦ
1209 2648 1360 2717 παῖ,
1411 2642 1493 2720 τῷ
1542 2640 1806 2716 βλέπειν
1854 2641 1923 2705 τὸ
1972 2639 2351 2705 κατθανεῖν·

705 2747 773 2811 τὸ
822 2749 936 2823 μὲν
983 2746 1108 2824 γὰρ
1158 2746 1356 2822 οὐδέν,
1405 2746 1488 2808 τῶ
1537 2745 1591 2809 δ’
1641 2745 1939 2810 ἔνεισιν
1987 2747 2252 2817 ἐλπίδες.

343 2851 602 2921 Contuli
650 2853 852 2919 Orest.
910 2852 1080 2919 ¹722:

792 2957 985 3035 οἴμοι,
1037 2958 1439 3039 προδέδομαι,
1487 2956 1724 3022 κούκέτ’
1773 2956 1922 3021 εἰσὶν
1975 2956 2242 3022 ἐλπίδες.

343 3064 534 3130 Herc.
586 3066 704 3130 fur.
755 3064 882 3128 85:

804 3170 932 3236 οὔτ’
983 3173 1043 3234 ἐν
1090 3173 1360 3249 Φίλοισιν
1406 3169 1655 3240 ἐλπίδες
1704 3169 2006 3247 σωτηρίας

809 3276 900 3341 ἔτ’
949 3276 1099 3341 εἰσὶν
1150 3279 1317 3353 ἡμῖν.
2045 3328 2062 3341 .

345 3382 579 3449 Bacch.
628 3380 795 3447 908:
845 3385 1055 3462 μυρίαι
1106 3383 1170 3446 δὲ
1216 3382 1508 3462 μυρίοισιν
1562 3419 1644 3429 -
1696 3378 1785 3444 ἔτ’
1838 3380 1955 3444 ε7σ’
2006 3380 2277 3453 ἐλπίδες.

347 3489 602 3555 Thesm.
661 3488 824 3554 9463

856 3597 1000 3659 κούκ
1036 3594 1137 3662 ,ἶς’
1186 3591 1275 3658 ἔτ’
1328 3594 1504 3663 ἐλπὶς
1554 3591 1809 3669 οὐδεμία
1859 3593 2207 3671 σωτηρίας.,

344 3712 408 3770 et
470 3705 644 3788 coepi
709 3701 1015 3787 suspicari
1077 3701 1300 3765 itidem
1364 3701 1430 3763 in
1493 3696 1847 3763 Troadibus
1903 3698 2249 3786 legendum
2316 3720 2487 3765 esse:
2539 3701 2623 3781 τῷ
2672 3700 2725 3764 δ’

345 3808 375 3875 ἔ
390 3810 449 3875 τ’
503 3812 660 3876 εἰσί
676 3834 727 3873 ν.
772 3808 1005 3872 Itidem
1054 3806 1143 3869 ἔτι
1194 3805 1599 3870 inserendum
1645 3803 1903 3869 videtur
1949 3803 2208 3870 Thesm.
2264 3804 2470 3870 1009:

890 3911 997 3977 za·
1045 3909 1214 3986 θεοί,
1263 3917 1382 3976 Ζεῦ
1432 3917 1655 3988 σῶτερ,
1708 3911 1858 3975 εἰσὶν
1906 3911 2175 3982 ἐλπίδες.

435 4130 639 4197 Paulo
709 4130 893 4217 plura
955 4126 1360 4193 describenda
1420 4130 1568 4189 sunt
1631 4145 1708 4189 ex
1767 4122 2070 4189 Hecubae
2135 4126 2420 4189 oratione
2485 4124 2630 4188 inde
2696 4144 2733 4189 a

348 4259 440 4304 vs.
491 4235 613 4303 971
649 4260 664 4297 t

784 4394 799 4403 .
894 4342 1014 4417 ἐγὼ
1063 4339 1188 4416 γὰρ
1232 4336 1428 4418 ’Ἥραν
1479 4335 1779 4418 παρθένον
1826 4361 1895 4401 τε
1946 4336 2263 4400 Παλλάδα
