3192 5017
632 266 760 333 142
1638 290 1998 340 nummum.

1079 465 1274 529 εἴδετε
1322 466 1446 541 γὰρ
1496 461 1692 540 ἄκρας
1740 465 1819 536 ὥς
1869 462 2205 543 ἀπέθρισεν
2252 465 2519 546 τρίχας,

1082 569 1358 652 σώζουσα
1404 567 1672 648 κάλλοςς
1724 567 1815 639 ἔςι
1865 571 1918 635 δ’
1968 574 2002 647 ἦ
2050 571 2313 637 πάλαι
2365 573 2612 650 ymni„

626 696 1011 762 quamquam
1073 679 1294 762 paucis
1347 678 1572 743 diebus
1619 683 1764 743 ante
1812 679 2160 744 secundum
2209 678 2586 763 Sophoclem
2631 677 2863 746 Electr.
2909 700 2990 743 vs.

626 782 757 846 449
806 786 897 848 sic
944 803 1220 850 sororem
1270 804 1453 849 suam
1502 782 1782 849 allocuta
1828 790 1960 850 est:

986 895 1270 966 τεμοῦσα
1318 892 1539 970 κρατὸς
1587 888 1915 971 βοτρύχων
1964 887 2218 970 ἄκρας
2268 890 2491 971 Φόβας

986 998 1188 1074 κάμοῦ
1234 997 1578 1070 ταλαίνης,
1632 997 1865 1074 σμικροὶ
1915 994 2029 1074 μέν
2079 994 2243 1070 ταδ’,
2294 997 2445 1061 ἀλλ’
2492 992 2651 1073 ὅμως

988 1099 1160 1182 ἅχω,
1207 1102 1308 1172 δὸς
1357 1102 1548 1182 αὐτῷ.

622 1208 859 1274 Verum
926 1209 1079 1294 quid
1126 1205 1492 1296 significant
1536 1208 1768 1273 verba:
1820 1208 1910 1277 ἕςι
1960 1208 2011 1272 δ’
2063 1211 2096 1284 ἠ
2147 1209 2352 1274 πάλαι
2401 1211 2591 1286 γυνὴ
2643 1208 2780 1275 Aut
2826 1207 2997 1274 fallor

619 1324 733 1380 aut
797 1318 1035 1381 vitium
1099 1315 1205 1380 hic
1274 1315 1435 1380 latet
1496 1324 1562 1380 et
1627 1314 2098 1380 rescribendum
2164 1321 2287 1380 est:
2352 1312 2440 1383 ἔτι
2492 1313 2994 1390 παιπάλημα

619 1421 712 1495 δή.
768 1420 889 1486 Hic
936 1421 1266 1487 commode
1312 1418 1642 1505 Sophoclis
1684 1419 1973 1485 recordor
2012 1419 2179 1505 apud
2216 1440 2409 1505 quem
2447 1422 2517 1485 in
2555 1418 2833 1485 Philoct.
2877 1417 2994 1484 926

617 1528 711 1592 ita
757 1525 1032 1615 legitur:

1024 1631 1065 1697 ὦ
1114 1639 1231 1712 πῦρ
1278 1635 1354 1699 σὺ
1402 1633 1537 1697 καὶ
1569 1637 1745 1723 ,πᾶν
1792 1634 2038 1710 δεῖμα
2091 1632 2194 1697 καὶ
2246 1632 2627 1713 πανουργίας

1025 1739 1217 1815 δεινῆς
1265 1739 1533 1819 τέχνημ’
1584 1737 1846 1819 ἔχθιςον.

617 1848 1107 1914 Valckenaerius
1153 1846 1235 1912 ad
1281 1843 1540 1931 Hippol.
1595 1844 1749 1922 406,
1792 1850 2127 1931 postquam
2167 1844 2412 1911 idoneis
2447 1843 2761 1929 exemplis
2802 1849 2997 1909 osten·

615 1954 746 2030 dit,
813 1954 981 2038 quod
1043 1953 1234 2019 hodie
1287 1954 1355 2016 in
1413 1951 1655 2039 vulgus
1700 1957 1926 2017 notum
1976 1958 2103 2035 est,
2150 1953 2458 2016 vitiorum
2511 1948 2994 2035 appellationes,

614 2059 908 2136 μίσημα.
959 2058 1137 2136 μῖσος
1161 2106 1177 2135 ,
1226 2060 1528 2137 ςύγημα,
1575 2057 1768 2135 «myos
1809 2059 1969 2142 ipsis
2010 2056 2259 2122 vitiosis
2300 2077 2485 2141 saepe
2526 2057 2761 2140 tribui,
2787 2059 2995 2145 pergit

614 2173 679 2231 et
740 2169 1100 2256 suspicatur
1160 2165 1327 2251 apud
1392 2163 1772 2249 Sophoclem
1835 2163 1914 2229 ad
1976 2163 2242 2228 eandem
2306 2182 2595 2227 normam
2652 2162 2995 2246 legendum

614 2291 780 2337 esse:

1110 2374 1152 2442 ὦ
1202 2383 1320 2459 πῦρ
1369 2378 1481 2450 σύ,
1535 2375 2046 2452 παιπάλημα
2093 2374 2197 2438 καὶ
2251 2376 2632 2455 πανουργίας

1112 2484 1305 2556 δεινῆς
1353 2481 1625 2565 τέχνημ’
1672 2480 1945 2563 ἔχθιςον.

611 2591 754 2658 Non
813 2597 994 2658 norat
1055 2589 1578 2673 Valckenaerius,
1645 2588 1812 2674 quod
1873 2587 2045 2654 haud
2106 2608 2332 2673 parum
2378 2588 2531 2654 facit
2577 2588 2655 2654 ad
2702 2609 2847 2655 eam
2899 2611 2997 2654 su·

586 2700 958 2784 ,spicionem
1006 2694 1536 2767 confirmandam.
1586 2698 1654 2759 in
1702 2694 2066 2760 Florentino
2116 2691 2347 2759 Codice
2394 2693 2527 2781 legi
2574 2694 2784 2771 δῆμα,
2831 2695 2997 2782 quod

608 2807 818 2890 prima
881 2823 1107 2868 manus
1165 2804 1389 2866 statim
1450 2800 1721 2866 correxit
1782 2805 1856 2864 ut
1916 2796 2094 2864 fieret
2141 2799 2351 2875 δεῖμα.
2444 2798 2616 2863 Hinc
2660 2798 2998 2866 Nauckius

607 2916 734 2977 πᾶν
805 2914 983 2988 λῦμα
1054 2906 1495 2990 commendat,
1567 2906 1679 2971 sed
1750 2905 1916 2970 mihi
1987 2904 2249 2990 quidem
2314 2903 2811 2971 Valckenaerius
2862 2927 2990 2972 rem

607 3039 726 3085 acu
772 3017 1064 3103 tetigisse
1107 3014 1389 3080 videtur.

696 3225 950 3292 Orestes
1012 3225 1349 3310 deprecans
1410 3227 1571 3290 iram
1639 3228 1746 3289 avi
1810 3228 1946 3300 sui,
1994 3227 2104 3309 qui
2153 3227 2524 3310 necopinato
2567 3222 2798 3308 Sparta
2842 3224 2993 3311 My·

603 3353 787 3399 cenas
824 3338 1119 3408 venerat,
1170 3331 1378 3395 utitur
1423 3331 1620 3418 longa
1665 3334 1977 3415 oratione,
2024 3351 2325 3396 versuum
2377 3329 2522 3415 plus
2569 3350 2761 3415 quam
2816 3350 2991 3396 sexa·

600 3439 819 3527 ginta,
867 3436 1049 3503 cuius
1101 3438 1255 3503 haec
1301 3440 1510 3523 prima
1555 3437 1750 3503 verba
1796 3442 1974 3511 suut,
2027 3457 2118 3502 vs.
2172 3436 2339 3501 544:

966 3540 1008 3607 ὦ
1055 3546 1267 3627 γέρον,
1315 3543 1438 3620 ἐγώ
1486 3566 1576 3607 τοι
1627 3541 1772 3621 πρὸς
1823 3544 1891 3607 σὲ
1938 3542 2226 3618 δειμαίνω
2275 3543 2586 3618 λέγειν.

600 3650 837 3717 Verum
907 3652 1018 3735 qui
1080 3650 1375 3722 δειμαίνει
1444 3648 1686 3725 λέγειν,
1752 3649 1809 3713 is
1873 3654 2064 3725 tacet3
2136 3648 2243 3714 sed
2312 3647 2557 3713 Orestis
2603 3652 2698 3713 est
2745 3649 2989 3714 dicere:

597 3758 887 3835 δειμαίνω
935 3756 1222 3832 λέγων.
1297 3753 1465 3834 Quid
1511 3757 1766 3819 intersit
1812 3758 1977 3821 inter
2024 3756 2433 3839 participium
2483 3761 2548 3819 et
2593 3751 2986 3821 infinitivum

597 3883 909 3949 nusquam
973 3858 1210 3926 melius
1271 3860 1507 3944 poterit
1569 3880 1867 3945 apparere
1931 3880 2120 3943 quam
2179 3859 2348 3944 apud
2394 3858 2883 3944 Xenophontem
2924 3864 2989 3924 in

598 3968 993 4056 Cyropaedia
1060 3967 1121 4030 5.
1194 3965 1251 4029 1.
1304 3964 1410 4029 20.
1482 3964 1556 4030 In
1604 3969 1887 4032 oratione
1935 3966 2013 4030 ad
2063 3964 2305 4030 milites
2350 3965 2545 4031 verba
2591 3972 2741 4031 sunt
2790 3965 2945 4052 Gyri
2970 4016 2986 4044 ‚

596 4096 756 4162 quae
827 4078 1080 4160 integra
1150 4072 1500 4138 describam
1523 4122 1538 4149 ‚
1615 4093 1740 4159 quo
1812 4071 2202 4137 luculentius
2266 4072 2606 4137 discrimen
2668 4085 2986 4157 appareat.

595 4186 715 4248 Καὶ
787 4182 973 4261 χάριν
1020 4178 1247 4244 τούτων
1295 4181 1417 4256 ἐγὼ
1466 4181 1610 4255 ὑμῖν
1658 4176 1786 4260 ἔχω
1827 4178 1978 4254 μέν,
2025 4176 2082 4242 εί
2118 4202 2196 4256 γε
2236 4179 2325 4256 μὴ
2363 4177 2588 4241 ἀδικῶ·
2634 4179 2986 4244 ἀποδιδόναι

594 4290 647 4353 δ’
709 4285 875 4353 οὔπω
938 4283 1124 4361 ἀξίαν
1184 4286 1445 4362 δύναμιν
1508 4286 1677 4366 ἔχειν
1728 4308 1828 4358 μοι
1879 4285 2043 4349 δοκῶ.
2112 4283 2234 4350 Καὶ
2294 4288 2474 4348 τοῦτο
2535 4283 2650 4360 μὲν
2713 4287 2821 4349 οὐκ
2867 4285 2983 4347 αἱ·

594 4394 1014 4476 σχύνομαι
1080 4391 1392 4470 λέγων
1445 4392 1513 4455 τὸ
1564 4392 1662 4468 δέ,
1708 4389 1828 4454 Ἢν
1879 4391 2108 4468 μένητε
2156 4397 2301 4470 παρ’
2351 4391 2485 4468 ἐμοὶ
2546 4390 2871 4469 ἀποδώσω,
2914 4387 2983 4455 εὖ
