3192 5017
1339 278 1608 324 siarum,
2542 250 2669 325 417

281 467 485 511 nonne
546 447 669 511 seri
717 447 988 532 posteri,
1040 446 1358 512 consimili
1406 449 1553 513 freti
1601 448 1835 514 indicio
1855 496 1871 525 ‚
1921 469 2116 534 aeque
2165 450 2516 516 dubitaturi
2567 471 2664 517 es-

286 559 425 617 sent
473 551 549 617 de
595 554 765 618 fama
811 551 1350 639 Spartanorum'’?

376 660 584 748 Quam
646 680 794 727 vera
854 660 1007 724 haec
1069 663 1158 725 sit
1218 661 1606 745 observati0‚
1655 665 1718 726 in
1769 684 1962 747 quam
2010 665 2122 727 vix
2168 663 2494 729 incidisset
2541 663 2664 728 nisi

286 767 510 831 urbem
570 765 749 843 »οὔτε
813 765 1287 841 ξυνοικισθεῖσαν
1350 766 1489 831 οὔτε
1550 769 1725 847 ἱεροῖς
1775 769 1878 834 καὶ
1929 778 2351 843 κατασκευαῖς
2402 785 2662 834 πολυτε-

284 874 416 937 λέσι
463 873 884 954 χρησαμένην,
936 873 1105 937 κατὰ
1158 872 1369 949 κώμας
1420 873 1479 938 δὲ
1529 875 1612 954 τῷ
1665 877 1914 956 παλαιῷ
1963 885 2074 951 τῆς
2125 874 2427 948 Ἑλλάδος
2463 874 2664 958 ’τρόπῳ

283 979 689 1044 οἱκισθεῒσοιν”
753 979 908 1043 olim
971 980 1102 1044 suis
1148 977 1349 1044 oculis
1393 986 1758 1066 usurpasset
1804 982 2163 1066 praeclarus
2209 1003 2422 1047 rerum
2469 984 2661 1068 scrip-

284 1090 416 1169 tor,
478 1085 611 1169 ipse
673 1083 936 1169 Spartae
994 1086 1228 1172 degens
1275 1107 1308 1150 e
1355 1088 1685 1171 parietinis
1734 1090 2012 1172 comperi
2059 1088 2126 1173 ¹).
2174 1087 2426 1153 Ultima
2473 1090 2660 1156 verba

284 1197 533 1257 tamen:
600 1195 835 1268 πολλὴν
899 1192 974 1257 ἂν
1031 1189 1235 1270 οἶμαι,
1301 1194 1602 1258 ἀπιστίαν
1667 1201 1803 1268 τῆς
1869 1193 2261 1273 δυνάμεως
2315 1244 2370 1260 ..
2407 1244 2466 1260 ..
2519 1197 2657 1277 πρὸς

283 1298 350 1362 τὸ
401 1297 576 1371 κλέος
624 1300 821 1363 αὐτῶν
871 1294 1025 1364 εἶναι
1077 1299 1275 1365 stulto
1324 1300 1708 1366 emblemate
1758 1305 2185 1367 contaminata
2224 1302 2426 1369 doctis
2469 1305 2662 1368 inter-

281 1404 565 1490 pretibus
628 1403 896 1470 mirifice
959 1408 1421 1491 imposuerunt.
1468 1405 1768 1472 Ridicule
1810 1407 2119 1476 Hessius:
2166 1416 2464 1493 „posteros
2512 1416 2661 1474 exis-

281 1516 473 1575 timem
522 1513 596 1575 de
634 1512 875 1575 illorum
900 1520 1177 1595 potentia·
1224 1515 1398 1577 valde
1438 1513 1816 1577 dubitaturos
1852 1538 1996 1593 esse,
2043 1538 2193 1598 quae
2230 1518 2463 1580 tenuior
2490 1540 2658 1602 quam

269 1641 384 1700 pro
422 1623 619 1703 qloria
674 1618 1014 1684 videatur?
1087 1617 1387 1684 Gontorte
1434 1624 1498 1684 et
1545 1620 1656 1695 vix
1701 1618 1897 1685 latine
1945 1618 2111 1685 alius
2159 1621 2446 1706 quidam:
2493 1646 2660 1707 „poe-

279 1724 478 1810 teri‚”
536 1728 778 1810 opinor,
845 1725 1199 1791 diffiderent
1259 1725 1335 1790 de
1383 1726 1609 1810 opibus
1659 1723 2143 1810 Spartanorum,
2190 1730 2659 1812 comparatione

280 1832 622 1916 templorum
690 1840 747 1897 et
794 1833 1332 1917 fundamentorum
1403 1832 1762 1917 reliquorum
1832 1834 2235 1917 aedificiorum
2305 1858 2428 1899 omn
2479 1838 2660 1922 fama

278 1961 473 2002 eorwm
520 1939 868 2003 institula”.
917 1939 984 2003 Si
1032 1960 1136 2004 me
1185 1938 1367 2003 audis
1416 1937 1656 2003 delebis
1703 1937 2010 2004 vocabula
2058 1946 2195 2013 τῆς
2238 1939 2652 2019 δυνάμεως

276 2050 498 2129 utpote
560 2047 896 2111 manifesto
960 2044 1291 2129 depromta
1353 2067 1386 2109 e
1451 2043 1589 2109 loco
1653 2043 1729 2110 de
1775 2044 2300 2124 Atheniensibus,
2348 2048 2458 2132 qui
2508 2069 2655 2114 con-

280 2152 459 2216 tinuo
506 2153 811 2236 sequitur.
861 2150 964 2216 Sic
1013 2152 1275 2216 demum
1322 2151 1497 2237 leges
1543 2152 1924 2216 sententiam
1971 2158 2100 2215 tam
2143 2154 2541 2237 perspicuam
2585 2163 2656 2220 ut

277 2260 405 2322 iam
456 2258 634 2324 nulla
676 2257 1114 2343 explanatione
1153 2278 1309 2341 opus
1350 2260 1454 2322 sit.
1494 2256 1788 2342 Namque
1823 2255 2087 2321 ἄπιστον
2118 2253 2271 2322 εἶναι
2298 2266 2363 2323 et
2387 2260 2655 2325 ἀπιστία

276 2362 468 2443 πρός
532 2389 607 2428 τι
672 2365 911 2450 optime
976 2362 1216 2430 Graece
1280 2365 1515 2429 dicitur
1578 2368 1644 2427 et
1712 2363 1782 2426 τὸ
1855 2360 2028 2435 κλέος
2092 2364 2292 2428 αὐτῶν
2347 2367 2652 2450 quidnam

276 2469 451 2534 aliud
516 2477 611 2535 est
670 2471 794 2535 nisi
861 2467 1054 2546 „Scor
1096 2470 1254 2553 (περ)
1320 2471 1548 2547 αὐτῶν)
1613 2468 1674 2534 οἵ
1725 2493 1796 2531 τε
1844 2469 2092 2542 ποιηταὶ
2143 2472 2416 2548 εἰρήκασι
2469 2473 2574 2536 καὶ
2625 2474 2651 2537 ὂ

275 2575 461 2653 λόγος
510 2574 857 2656 κατέχεΐὟ
903 2574 1026 2659 (Cf.
1076 2576 1147 2639 L.
1197 2575 1230 2639 I
1271 2598 1321 2640 c.
1382 2575 1459 2638 11
1509 2576 1553 2639 f.
1603 2580 1668 2638 et
1715 2573 1784 2638 L.
1839 2574 1904 2639 II
1951 2594 2003 2638 ο.
2057 2574 2141 2639 45
2191 2576 2262 2657 f.)

365 2775 615 2840 Ibidem
664 2774 863 2862 vulgo
911 2775 1153 2840 editur:

365 2875 526 2957 ὅμως
576 2879 677 2957 δέ,
723 2882 861 2945 οὔτε
911 2879 1371 2955 ξυνοικισθείσης
1421 2882 1657 2952 πόλεως
1707 2881 1845 2946 οὔτε
1888 2884 2057 2960 ἱεροῖς
2088 2930 2103 2943 .
2133 2929 2149 2946 .
2178 2930 2190 2944 .
2224 2930 2239 2944 .
2281 2882 2648 2946 πολυτελέσι

277 2987 715 3068 χρησαμένης,
782 2988 950 3051 κατὰ
1012 2988 1224 3064 κώμας
1290 2987 1352 3051 δὲ
1417 3035 1431 3051 .
1460 3036 1475 3051 .
1506 3036 1520 3051 .
1552 3036 1567 3051 .
1633 2989 2023 3067 οἰκισθείσης,
2072 2988 2344 3068 (βαίνοντ’
2392 2986 2469 3049 ἂν
2515 2986 2655 3052 ὑπο-

275 3095 585 3173 δεεστέρα.

364 3200 772 3267 Hermannus
832 3221 1056 3267 vocem
1112 3199 1345 3272 πόλεως
1396 3203 1475 3266 ob
1524 3202 1870 3267 articulum
1921 3200 2091 3266 male
2139 3201 2448 3266 omissum
2495 3198 2650 3264 rele-

275 3314 390 3395 gat
433 3310 500 3371 in
550 3310 929 3394 marginem.
1022 3306 1165 3372 Hoc
1212 3324 1361 3377 vero
1409 3314 1504 3372 est
1553 3329 1732 3373 urere
1779 3314 1843 3374 et
1887 3304 2129 3373 secarel
2181 3303 2467 3371 Concedo
2510 3314 2652 3381 τῆς

277 3411 509 3485 πόλεως
550 3435 806 3499 prorsus
853 3417 1277 3479 necessarium
1325 3435 1459 3480 esse
1502 3415 1608 3479 sed
1655 3416 1802 3499 quid
1852 3421 2066 3497 vetat,
2104 3413 2393 3478 adhibita
2417 3412 2654 3478 leniore

275 3520 620 3597 medicina,
681 3521 951 3586 inserere
1014 3525 1333 3586 minutam
1381 3521 1715 3599 voculam,
1762 3542 1922 3605 quae
1974 3519 2229 3605 quidem
2278 3524 2420 3605 post
2466 3517 2655 3595 ξυνοι-

277 3629 575 3703 κισθείσης
626 3634 760 3693 tam
810 3627 997 3693 facile
1045 3630 1255 3713 potuit
1295 3625 1617 3692 excidere?

365 3733 703 3800 Praeterea
762 3738 1135 3820 interpretes
1193 3732 1377 3799 valde
1425 3734 1806 3798 dissentiunt
1857 3734 1933 3799 de
1973 3735 2320 3800 sententiae
2350 3734 2648 3815 subjecte,

276 3842 473 3926 quod,
502 3862 651 3905 cum
697 3861 819 3904 non
867 3841 1291 3925 exprimatur,
1342 3862 1418 3906 ex
1467 3840 1986 3906 antecedentibus
2033 3839 2461 3925 supplendum
2509 3841 2651 3904 erit.

273 3945 411 4012 Alii
458 3955 674 4011 autem
726 3949 946 4013 audire
994 3949 1216 4013 volunt
1263 3949 1371 4021 τὴν
1421 3948 1710 4025 δύναμιν,
1764 3946 1907 4011 aliis
1954 3949 2165 4033 magis
2208 3944 2416 4031 placet
2456 3949 2487 4021 ἦ
2533 3951 2649 4009 τῶν

280 4054 774 4131 Λακεδαιμονίων
839 4054 1039 4126 πόλις.
1135 4054 1383 4118 Horum
1459 4053 1622 4118 mihi
1695 4054 1951 4137 quidem
2024 4055 2344 4137 imprimis
2413 4049 2654 4117 Classe-

275 4164 419 4224 nius
466 4160 763 4225 dilucidis
835 4162 1233 4245 argumentis
1281 4180 1588 4244 exponere
1636 4160 1892 4223 videtur
1940 4163 2250 4242 quantum
2301 4158 2654 4224 offensionis

344 4394 397 4459 1)
434 4393 506 4441 Cf.
544 4390 734 4441 Ernesti
770 4389 929 4441 Curtii
966 4389 1087 4438 liber
1123 4387 1199 4439 cui
1234 4389 1406 4438 titulus
1446 4385 1859 4455 „Peloponnesos”
1899 4388 1949 4452 (1
1985 4405 2027 4455 p.
2067 4387 2166 4438 224
2198 4387 2350 4453 seqq.)

2302 4485 2364 4537 27
