3192 5017
577 265 712 333 208
1542 288 1652 337 mo
1696 288 1973 340 csssms.

489 544 497 557 ι
571 454 1041 545 Pervulgatum
1107 457 1174 522 in
1236 456 1459 523 Dionis
1520 457 1705 525 libris
1762 458 2070 525 mendum
2129 463 2225 526 est
2270 460 2454 537 μήτοι
2511 483 2591 539 γε
2637 481 2753 546 pro
2798 460 2939 537 μήτι

570 587 649 642 γε
673 611 690 643 ,
739 567 801 627 et
851 564 1300 648 turpissimum
1354 563 1589 630 vitium
1641 563 1937 646 διετρΙβΗ
1983 585 2098 652 pro
2144 563 2456 647 διέτριβε.

662 776 785 842 Dio
842 773 1016 843 Caes,
1079 773 1186 841 59.
1252 774 1359 841 10.
1426 773 1484 841 6.
1555 777 1616 849 ἐς
1678 776 1946 843 ἑκουσίου
1995 786 2109 842 ΔΗ
2161 777 2495 845 ΘΛΝάι-ου
2541 780 2831 859 ἀνάγκην
2873 815 2942 827 -

571 883 930 958 κάτέςησεν.
1024 882 1278 948 Excidit
1327 902 1453 947 una
1497 881 1748 969 syllaba
1794 890 1860 949 et
1912 883 2419 951 rescribendum:
2467 886 2724 960 δῆΘΕΝ
2775 882 2946 949 θάνά·

570 1015 696 1056 σου.
745 990 996 1055 Passim
1043 989 1362 1054 ironicum
1410 988 1579 1064 δῆθεν
1629 988 1799 1075 apud
1846 988 2120 1055 Dionem
2169 989 2447 1078 legitur,
2493 998 2568 1057 ut
2610 989 2716 1057 53.
2765 991 2867 1057 11.
2891 991 2945 1056 4.

570 1097 1069 1175 κάτηνάγκοισάν
1120 1095 1289 1168 δῆθεν
1338 1095 1526 1163 αὐτὸν
1573 1094 1952 1181 (Anyto-vtum)
2000 1103 2414 1178 μοναρχῆσοιι.

662 1312 788 1381 D10
834 1310 1022 1380 Osee.
1078 1311 1186 1377 59.
1242 1311 1304 1377 6.
1355 1312 1416 1378 5.
1467 1313 1924 1396 ἀποδεδείχοιτο
1965 1316 2218 1402 scripsit
2255 1320 2469 1383 vetere
2505 1316 2716 1382 forma
2754 1316 2948 1382 Ionios

571 1442 760 1505 usus,
809 1418 918 1486 sed
967 1439 1089 1486 non
1137 1421 1438 1485 meminit
1490 1419 1674 1485 Iones
1721 1419 2136 1503 ἀποδεδέχθαι
2175 1420 2382 1487 dicere
2422 1427 2485 1487 et
2523 1422 2950 1504 ἀποδεχθέντα

572 1535 637 1595 et
680 1527 917 1593 similia
964 1527 1179 1591 omnia
1222 1547 1335 1610 pro
1382 1525 1846 1606 ἀποδεδεῖχθαι.
1943 1526 2167 1613 Itaque
2214 1528 2668 1610 ἀποδεδεχοιτο
2709 1535 2950 1595 rectum

453 1684 458 1689 -
572 1641 702 1719 est,
749 1653 875 1699 non
920 1632 1421 1712 ἀποδεδΕΙχοιτο.
1484 1631 1756 1699 Mirifice
1804 1640 2021 1699 autem
2067 1634 2223 1700 haee
2268 1655 2348 1700 ex
2392 1641 2639 1701 remota
2685 1634 2952 1720 antiqui-

571 1748 703 1809 tate
768 1745 1013 1807 recocta
1075 1740 1434 1825 discrepant
1496 1740 1575 1804 ab
1641 1739 1818 1806 arida
1881 1746 1946 1805 et
1990 1742 2207 1807 ieiuna
2252 1740 2477 1806 Dionis
2523 1745 2850 1826 oratione,
2890 1744 2951 1805 in

571 1869 696 1934 qua
758 1846 938 1913 nulla
998 1852 1146 1911 sunt
1200 1846 1533 1911 verborum
1581 1846 1852 1912 lumina.
1949 1846 2220 1934 Legerat
2268 1852 2486 1913 tamen
2531 1849 2634 1933 (ut
2678 1850 2822 1934 ipse
2865 1848 2950 1913 fa-

571 1954 769 2040 tetur)
833 1956 1069 2038 scripta
1130 1954 1489 2017 Atticorum
1537 1958 1613 2017 ut
1659 1972 1879 2019 eorum
1928 1953 2177 2018 dicendi
2225 1973 2431 2040 genus
2474 1952 2762 2019 referret.
2815 1953 2953 2021 vide

573 2058 852 2125 55.12.
923 2058 985 2123 3.
1064 2081 1310 2123 aureum
1373 2058 1811 2136 Romanorum,
1873 2061 2119 2145 inquit,
2177 2063 2441 2141 χρυσοῦν
2503 2059 2806 2142 ὀνομάζω.
2855 2057 2948 2124 καὶ

570 2174 687 2232 τῶν
745 2167 1054 2241 Ελλήνων
1122 2164 1185 2230 δέ
1232 2189 1422 2250 τινες,
1472 2160 1547 2229 ὧν
1595 2190 1680 2230 τοι
1728 2166 1965 2243 βιβλιόι
2016 2167 2116 2230 ἐπὶ
2158 2169 2241 2247 τῷ
2288 2166 2626 2248 ἀττικίζειν
2675 2169 2951 2245 ἀναγιγ-

569 2276 905 2351 νώσκομεν,
972 2270 1157 2343 οὕτως
1218 2273 1369 2337 οιῦτο
1418 2271 1750 2338 ἐκάλεσοιν.
1850 2272 2112 2361 Cogitat
2157 2275 2225 2338 in
2273 2273 2374 2338 his
2420 2275 2841 2359 potissimum
2885 2274 2952 2338 de

570 2380 981 2447 Comioorum
1047 2377 1414 2444 Atticorum
1478 2379 1750 2454 fabulis,
1816 2381 1883 2444 in
1942 2399 2213 2463 quorum
2263 2379 2644 2513 fragmentis
2688 2384 2950 2460 χρυσοῦς

569 2487 838 2553 subinde
884 2508 1129 2549 aureum
1175 2485 1532 2571 (aureolum)
1580 2483 1922 2572 significat.

660 2591 784 2658 Sed
830 2613 955 2657 non
1001 2591 1211 2657 multa
1257 2591 1333 2656 de
1379 2612 1612 2678 genere
1656 2590 1776 2655 hoo
1812 2591 1981 2676 apud
2020 2589 2290 2657 Dionem
2328 2599 2737 2676 comparent,
2777 2592 2952 2678 quale

567 2706 662 2766 est
726 2697 832 2765 55.
905 2697 1004 2763 14.
1070 2696 1133 2762 2.
1207 2721 1311 2762 κοιι
1385 2696 1480 2768 τίς
1545 2695 1622 2762 ἂν
1685 2694 1800 2762 κᾶν
1865 2695 2160 2778 ἕλάχιςον
2226 2698 2818 2778 ἀπομερμηρίσειενς
2881 2719 2950 2765 ex

565 2806 1011 2892 Aristophanis
1070 2803 1127 2869 V
1120 2804 1278 2888 cepis
1326 2803 1401 2868 5:

1197 2912 1467 2988 ἐπιθυμῶ
1516 2910 1766 2990 σμικρὸν
1815 2910 2330 2988 ἀπομερμηρίσαι.

564 3042 679 3115 pro
725 3020 1107 3100 ἀποδαρθεῖν.
1155 3016 1260 3082 Sic
1306 3022 1371 3083 et
1420 3017 1522 3082 55.
1577 3014 1685 3080 ll.
1739 3014 1801 3081 2.
1852 3018 2020 3097 ἤρετο
2070 3017 2172 3083 διὰ
2218 3017 2282 3081 σί
2320 3016 2710 3098 συννένοφεν,
2755 3018 2826 3083 id
2865 3024 2948 3083 eet

565 3125 984 3209 σκυθρωπάζει
1032 3129 1321 3189 sumtum
1367 3123 1447 3189 ab
1499 3121 1927 3208 Aristophane
1973 3122 2141 3208 apud
2188 3122 2499 3188 Photium
2547 3126 2615 3188 in
2663 3146 2721 3191 v.

790 3236 867 3304 ὠς
917 3233 978 3304 ἐς
1026 3231 1135 3303 τὴν
1181 3237 1302 3307 γῆν
1351 3228 1617 3309 κύψάσοι.
1666 3228 1837 3293 κάτω
1887 3230 1990 3293 καὶ
2039 3227 2441 3308 ξυννενοφυῖοι
2489 3228 2757 3309 βαδίζει.

564 3341 703 3408 ἀντὶ
751 3341 860 3404 τοῦ
910 3333 1446 3416 σκυθρωπάζουσοι.

658 3442 1171 3527 Προδωσέτοιιρος,
1235 3440 1402 3526 quod
1460 3441 1654 3507 habet
1719 3439 1827 3507 58.
1901 3443 2014 3529 14,Ι
2055 3440 2116 3505 5.
2165 3447 2262 3505 est
2309 3462 2387 3506 ex
2431 3441 2769 3506 notissima
2815 3462 2947 3507 oan-

476 3584 501 3615 ι
564 3554 794 3621 tilena:

1252 3656 1410 3720 Λῖοιῒ
1451 3653 1782 3735 Λιψύδριον
1830 3653 2317 3736 προδωσέτοιιρον.

566 3774 641 3834 ut
688 3765 993 3836 δωσίδικος
1043 3762 1281 3826 dicitur
1327 3761 1354 3824 ὖ
1403 3760 1578 3832 δΙκοις
1622 3759 1836 3832 διδούς.

658 3872 861 3939 Amat
919 3868 1044 3934 Dio
1108 3867 1376 3933 verbum
1440 3864 1972 3946 ἐπηλυγάζεσθοιι,
2040 3872 2116 3931 ut
2177 3866 2358 3932 docet
2404 3866 2826 3933 Ruhnkenius
2871 3863 2940 3931 ad

566 3980 906 4046 Timaeum
954 3995 1017 4041 v.
1066 3970 1640 4052 Επηλυγάζοντοιι.

655 4082 1044 4160 Ἰδιοβουλεῒν
1110 4077 1215 4144 55.
1284 4077 1389 4144 34.
1456 4077 1893 4144 Herodoteum
1962 4084 2059 4145 eet
2115 4078 2256 4146 Vll.
2310 4077 2373 4144 8.
2426 4104 2523 4144 wa
2572 4079 2633 4146 δὲ
2679 4105 2768 4157 μη
2810 4079 2938 4145 ἴδιο-

565 4192 843 4271 βουλέειν
893 4188 1036 4265 ὑμῖν
1081 4186 1283 4252 δοκέω.

660 4296 955 4363 Pontifex
1001 4292 1331 4359 Maximus
1378 4312 1415 4356 a
1457 4289 1663 4356 Dione
1712 4291 2069 4375 appellatur
2116 4291 2442 4374 ἀρχιέρεως
2484 4293 2776 4379 exemplo
2807 4291 2936 4357 Pla·

564 4405 732 4473 tonis
799 4403 867 4467 in
934 4405 1114 4482 Leqq.
1187 4396 1301 4462 XI.
1366 4417 1511 4483 pag.
1578 4394 1736 4463 947.
1800 4420 1857 4462 a.
1918 4418 2078 4481 quae
2138 4400 2452 4484 scriptura
2510 4399 2832 4466 stabilitur
2875 4399 2932 4462 in
