3192 5017
968 330 1057 388 An
1103 336 1327 389 novun
1371 322 1863 388 rasi-smmum.
2479 314 2612 389 277

254 506 605 593 talentorum
655 509 861 576 milia.
954 510 1169 578 Sensit
1214 510 1335 577 hoe
1379 509 1811 577 Koetsveldus
1848 507 1920 575 11
1964 530 2030 595 p.
2082 505 2236 588 353,
2286 511 2397 578 sed
2442 512 2613 598 quod

251 615 411 681 affert
452 617 528 682 ad
574 616 910 705 vulgatam
958 620 1342 704 scripturam
1389 617 1815 684 excusandam
1836 664 1853 694 ‚
1904 635 2030 681 non
2076 619 2174 681 est
2221 620 2394 682 satis.
2447 614 2611 683 Con-

250 721 508 787 cedimus
562 723 823 808 quidem
886 725 1148 792 fortasse
1206 744 1334 789 non
1392 729 1639 789 eertum
1685 722 2074 789 talentorum
2120 742 2464 789 numerum
2514 726 2610 790 i'n·

249 826 425 893 dicari
489 835 552 895 et
619 831 776 896 satis
846 833 1105 897 omnino
1167 851 1329 908 esse,
1392 833 1447 896 si
1524 832 1863 897 innumera
1931 827 2174 894 talenta
2240 828 2610 919 intelligas3

247 932 342 998 sed
399 934 560 1020 quod
621 934 800 1001 addit
817 986 832 1013 ‚
887 935 1345 1001 verosimiliter
1388 941 1709 1020 satrapam
1756 935 1949 999 fuisse
1995 933 2102 1000 vel
2149 935 2348 999 etiam
2396 935 2607 1021 publi·

246 1058 452 1105 eanum
497 1040 775 1127 aliquem
794 1092 811 1127 ,
859 1042 969 1127 qui
1016 1041 1216 1107 totius
1261 1044 1627 1127 provinciae
1673 1040 1917 1106 reditus
1950 1039 2358 1120 redemisset,
2399 1046 2495 1106 est
2534 1063 2610 1108 ea

245 1148 498 1231 suspicio
561 1150 716 1213 scite
776 1147 1035 1234 quidem
1105 1149 1470 1235 excogitata
1487 1197 1504 1232 ‚
1561 1146 1672 1212 sed
1718 1151 1884 1212 stare
1929 1165 2054 1213 non
2099 1151 2310 1231 potest
2355 1153 2611 1232 propter

246 1272 326 1316 vs.
391 1251 492 1329 27,
546 1254 657 1319 ubi
721 1253 1006 1342 legimus
1051 1275 1269 1343 regem
1317 1274 1499 1320 servo
1544 1273 1660 1320 suo
1705 1254 2026 1318 remisisse
2070 1254 2141 1317 τὸ
2190 1260 2610 1320 ΔΑΝΕΙΟΝ.

243 1357 366 1423 Nec
407 1362 617 1425 tamen
664 1363 1022 1446 conjectura
1071 1380 1230 1446 opus
1277 1365 1409 1445 est,
1452 1365 1527 1425 ut
1573 1358 1923 1445 probabilis
1970 1357 2160 1425 lectio
2208 1359 2605 1426 restituatur.

241 1462 492 1551 Legitur
558 1471 623 1531 et
690 1469 758 1530 in
825 1464 1133 1532 Sinaitioo
1197 1463 1430 1532 Codice
1492 1471 1558 1533 et
1621 1468 1690 1530 in
1750 1466 2039 1532 versione
2100 1465 2384 1531 sahidioa
2428 1470 2494 1531 et
2539 1465 2608 1530 in

238 1572 505 1636 versione
564 1572 987 1657 memphitica
1047 1578 1111 1638 et
1172 1571 1321 1657 plus
1381 1571 1578 1639 semel
1625 1571 1797 1656 apud
1841 1568 2219 1659 Origenem:
2279 1571 2606 1653 ὀφειλέτης

244 1682 609 1741 ΠΟΛΛΩΝ
656 1677 1008 1742 ταλάντων.
1057 1677 1238 1743 Haeo
1285 1698 1436 1744 vera
1482 1679 1797 1762 scriptura
1841 1681 1973 1760 est3
2023 1684 2239 1741 amant
2284 1677 2611 1744 interdum

239 1777 467 1847 librarii
513 1785 805 1869 ineptum
854 1786 922 1848 in
968 1784 1235 1849 modum
1271 1803 1659 1872 exaggerare
1697 1781 1863 1866 quod
1903 1781 2269 1847 describunt
2303 1789 2369 1848 et
2405 1782 2611 1849 simili

240 1886 414 1953 modo
459 1895 740 1954 erratum
788 1890 916 1954 fuit
959 1889 1129 1975 apud
1177 1886 1578 1956 Clementem
1624 1886 2133 1953 Alexandrinum
2183 1908 2246 1972 p.
2297 1886 2456 1974 239,
2494 1888 2608 1954 ubi

239 1993 572 2062 mulierum
643 2001 779 2061 tam
847 1995 1147 2062 effrenata
1216 1994 1475 2060 luxuria
1542 1994 1742 2059 fuisse
1813 1992 2089 2058 traditur
2166 2000 2241 2058 ut
2326 2000 2613 2060 emerent

239 2102 375 2177 μίαν
438 2099 684 2177 ἐσθῆτα
742 2101 964 2184 μυρίων
1009 2100 1357 2167 ταλάντων.
1406 2099 1575 2166 Vide
1623 2099 1941 2186 quomodo
1987 2095 2266 2166 Cobetus
2311 2096 2611 2167 Cobetioe

241 2227 373 2274 eum
415 2208 636 2275 locum
681 2208 1050 2275 tractaverit
1097 2208 1156 2272 ἐν
1202 2208 1286 2288 τῷ
1334 2207 1526 2288 λογίῳ
1572 2208 1771 2288 Ἐρμῇ
1819 2226 1883 2291 p.
1935 2203 2081 2270 185.

315 2416 482 2484 vm.
530 2417 748 2484 Etiam
793 2419 1083 2506 sequenti
1129 2437 1318 2485 versu
1365 2416 1675 2484 offendor:
1726 2414 2044 2482 ἐκέλευσεν
2094 2417 2281 2482 αὐτὸν
2329 2416 2356 2483 ὃ
2396 2416 2607 2498 Κύριος

240 2522 523 2602 τρωθῆναι
569 2523 674 2588 καὶ
724 2525 837 2598 τὴν
881 2530 1159 2600 γυναῖκα.
1206 2522 1311 2587 καὶ
1360 2524 1447 2588 τὰ
1492 2523 1682 2588 τέκνα
1731 2521 1836 2587 καὶ
1884 2521 2100 2589 πάντα
2138 2520 2254 2589 ὅσα.
2294 2522 2431 2604 ἔχει
2471 2525 2606 2590 καὶ
2668 2548 2672 2554 ·

239 2627 624 2705 ἀποδοθῆναι.
715 2628 844 2695 Hic
892 2628 1046 2715 quid
1095 2627 1431 2714 displiceat
1448 2676 1465 2709 ,
1511 2631 1750 2715 poterit
1796 2631 1993 2695 etiam
2041 2649 2341 2714 apparere
2385 2651 2420 2696 e
2469 2630 2610 2697 vul-

239 2740 375 2820 gata
435 2738 759 2802 versione:
800 2735 994 2820 jussit
1039 2757 1168 2799 eum
1213 2735 1485 2799 dominus
1527 2740 1657 2799 eim
1699 2735 2050 2799 venumdari
2094 2746 2155 2800 et
2197 2758 2436 2801 sca-orem
2480 2738 2611 2802 eim

240 2846 288 2903 et
330 2842 507 2924 filios
570 2848 628 2906 et
689 2841 887 2905 omnia
945 2862 1099 2925 quae
1157 2840 1406 2904 habebat
1451 2847 1517 2905 et
1560 2840 1759 2904 reddi.
1851 2839 2180 2905 Nimirum
2230 2841 2384 2926 quid
2428 2840 2609 2907 reddi

240 2942 490 3011 debuit?
535 2944 796 3012 Credita
838 2946 1143 3033 pecunia,
1193 2946 1433 3030 opinor.
1484 2943 1611 3009 Sed
1649 2944 1769 3010 hoe
1806 2942 2153 3010 molestum
2177 2950 2276 3010 est
2293 2992 2309 3025 ,
2337 2948 2608 3013 verbum

239 3051 603 3127 ἀποδοθῆναι
660 3052 945 3137 subjecto
1008 3070 1237 3116 carere.
1337 3049 1584 3115 Deinde
1632 3053 1687 3115 si
1736 3050 1984 3115 debitor
2024 3050 2153 3114 fuit
2197 3058 2443 3116 πολλῶν
2486 3075 2607 3117 τοι·

239 3156 460 3224 λάντων
478 3205 495 3237 ,
566 3156 803 3224 nedum
873 3158 1098 3237 μυρίων
1166 3155 1496 3221 ταλάντων
1514 3203 1533 3233 ,
1595 3155 1850 3221 etiamsi
1912 3155 2410 3222 venumdaretur
2470 3161 2607 3243 ipse

239 3283 373 3328 cum
432 3285 628 3330 uxore
692 3283 767 3328 ae
812 3262 1068 3340 liberis,
1119 3260 1503 3347 quantulum
1549 3261 1672 3327 hoe
1717 3258 1893 3327 erat?
1937 3260 2213 3327 Etiamsi
2261 3261 2424 3328 bona
2469 3283 2603 3329 om·

238 3369 334 3435 nia
387 3371 827 3458 redigerentur
886 3370 954 3433 in
1016 3366 1241 3434 fiscum
1258 3415 1274 3445 ‚
1336 3386 1461 3434 non
1510 3372 1729 3432 tamen
1774 3369 1989 3451 potuit
2033 3387 2144 3433 rex
2190 3369 2409 3434 iubere
2454 3371 2607 3435 ἄπο-

240 3473 476 3553 &Siron
522 3479 594 3542 τὸ
640 3474 902 3549 δάνειον,
953 3495 1104 3541 nam
1151 3494 1338 3541 nemo
1386 3472 1713 3561 obligatur
1758 3471 1930 3539 ultra
1973 3472 2041 3538 id
2089 3473 2256 3559 quod
2291 3481 2607 3560 praestare

240 3587 456 3666 poterit
523 3589 588 3649 et
658 3583 711 3648 si
771 3581 927 3667 quid
987 3581 1302 3648 eiusmodi
1363 3601 1475 3645 rex
1534 3582 1724 3664 jussit
1742 3627 1759 3657 ,
1815 3581 2014 3665 jussit
2074 3580 2365 3646 debitum
2425 3582 2606 3649 reddi

242 3690 397 3754 κατὰ
457 3692 526 3755 τὸ
589 3688 866 3754 δυνατόν.
929 3685 1168 3753 Verum
1218 3707 1331 3753 eur
1369 3683 1702 3772 jussisset?
1749 3685 1895 3770 Ipse
1942 3684 2191 3753 debitor
2234 3686 2406 3754 ultro
2450 3689 2606 3755 fate-

244 3792 415 3861 batur
432 3843 449 3874 ,
510 3816 578 3861 se
640 3794 947 3861 creditam
996 3794 1331 3879 pecuniam
1378 3791 1623 3859 solvere
1668 3811 1793 3857 non
1841 3812 2051 3877 posse;
2107 3798 2247 3858 tum
2292 3815 2404 3859 rex
2451 3815 2604 3860 eum

244 3919 377 3966 cum
435 3922 631 3967 uxore
691 3920 764 3966 ac
824 3900 1045 3965 liberis
1108 3897 1486 3965 venumdari
1540 3900 1769 3984 jussit:
1817 3897 1936 3964 hoo
1982 3896 2445 3986 intelligimus:
2497 3900 2605 3966 sed

243 4006 392 4072 nihil
454 4013 618 4085 erat,
694 4027 808 4073 eur
856 4006 1164 4070 bonorum
1213 4002 1411 4069 simul
1458 4005 1672 4070 auctio
1718 4002 1932 4081 fieret,
1980 4025 2095 4070 neo
2138 4004 2422 4092 legimus
2466 4007 2607 4093 regi

246 4130 388 4196 opus
428 4116 618 4179 fuisse
663 4112 977 4199 praesenti
1032 4113 1318 4196 pecunia.
1412 4109 1558 4195 Ipsa
1605 4109 1833 4175 domus
1880 4130 2023 4175 eum
2075 4112 2282 4176 aureis
2329 4115 2498 4177 vasis
2544 4118 2610 4178 et

247 4221 503 4301 pretiosa
585 4224 792 4291 veste.
865 4214 1176 4303 quidquid
1248 4215 1518 4301 denique
1585 4215 1804 4281 miseri
1871 4214 2153 4280 hominis
2227 4216 2434 4282 fuerat
2450 4266 2468 4297 ,
2539 4219 2608 4285 id

249 4341 416 4390 omne
474 4325 883 4413 redigebatur
941 4323 1010 4387 in
1070 4321 1294 4387 fiscum
1357 4343 1474 4387 nee
1535 4320 1947 4388 vendebatur.
2041 4319 2166 4386 Sed
2218 4324 2606 4409 jamdudum

251 4427 505 4498 admotis
571 4431 885 4499 machinis
949 4430 1131 4516 quasi
1189 4427 1434 4495 bellum
1495 4448 1651 4516 gero
1709 4427 2013 4495 adversus
2058 4430 2568 4515 conjunctionem
2585 4483 2604 4515 ‚
