3192 5017
473 252 560 321 22
1490 264 1852 316 mmmmm.

929 442 1179 521 ψυχαί,
1231 447 1525 518 γλυκεῖαι
1574 438 1629 502 δ’
1681 438 1859 517 ἧσσον
1906 440 1967 511 ἐς
2018 438 2430 518 θωπεύματα.

466 551 710 617 Deinde
776 550 973 613 miror
1034 544 1238 611 illud:
1304 540 1430 615 ὅςας
1492 544 1545 608 δ’
1616 544 1764 610 αὕτ’
1827 541 2072 623 ἄπειρος
2123 546 2200 610 ὢν
2247 543 2438 625 ψέγει
2489 545 2594 612 vel
2642 547 2817 624 λέγει
2839 596 2856 627 ,

471 654 639 742 quod
709 653 878 740 apud
946 652 1106 718 alios
1174 658 1289 717 est.
1385 650 1457 714 In
1530 649 1648 714 tali
1719 653 2032 716 sententia
2100 654 2495 737 scripsissem
2561 655 2858 739 equidem

469 786 622 839 συγ
644 769 717 826 εἴ.
779 758 939 824 Vide
1002 757 1317 842 quomodo
1373 756 1546 821 idem
1594 762 2049 842 argumentum
2096 763 2284 842 poeta
2330 760 2645 843 copiosius
2699 766 2860 826 trac-

474 868 709 936 taverit
752 865 928 931 Med.
983 862 1179 929 1090.

560 1078 893 1144 Invehitur
955 1074 1185 1141 Peleus
1250 1096 1342 1139 vs.
1404 1071 1532 1139 599
1579 1075 1649 1137 in
1697 1076 2149 1159 Spartanorum
2200 1073 2638 1159 disciplinam,
2689 1072 2857 1157 apud

468 1204 624 1268 quos
669 1185 953 1270 virgines
1000 1181 1506 1247 adulescentibus
1550 1180 1961 1246 intermixtae

829 1286 1077 1368 δρόμους
1125 1287 1484 1365 ποιλοιίςροις
1531 1287 1592 1349 τ’
1641 1288 1747 1352 οὐκ
1794 1285 2320 1368 οὶνοοσχετοὺς
2371 1285 2502 1363 ἐμοὶ

835 1394 1038 1466 κοινὰς
1088 1389 1318 1471 ἔχουσι.

468 1502 909 1569 Necessarium
961 1505 1057 1564 est
1101 1515 1429 1582 reponere:
1479 1499 1993 1578 ἀνασχετῶς.

554 1708 777 1774 Minus
821 1710 1017 1773 etiam
1065 1707 1197 1771 fero
1244 1704 1422 1770 Pelei
1470 1705 1542 1769 ad
1595 1703 1957 1785 Menelaum
2008 1708 2202 1772 verba
2251 1727 2345 1771 vs.
2398 1702 2566 1769 616:

922 1803 981 1883 ὃς
1030 1811 1160 1875 οὐδὲ
1212 1807 1462 1889 τρωθεὶς
1512 1805 1704 1883 ἦλθες
1753 1811 1823 1874 ἐκ
1870 1812 2095 1888 Τροίας
2141 1810 2401 1888 μόνος.

467 1918 845 1984 Ridiculum
909 1924 1006 1985 est
1065 1916 1314 1981 credere
1377 1913 1652 1981 Graecos
1713 1916 1791 1980 ad
1851 1936 2049 1981 unum
2112 1937 2330 1982 omnes
2379 1916 2547 2001 apud
2595 1916 2852 2003 Trojm

472 2024 838 2089 vulneratos
898 2022 1127 2099 suisse;
1196 2028 1338 2085 tum
1396 2024 1552 2085 satis
1614 2020 1917 2085 credibile
1980 2029 2076 2086 est
2138 2021 2444 2088 Phthiam
2507 2023 2586 2086 ad
2633 2043 2849 2109 regem

468 2132 776 2194 nuncium
850 2128 1044 2191 fuisse
1103 2126 1421 2211 perlatum
1442 2174 1459 2209 ,
1524 2125 1738 2189 fratris
1801 2124 2167 2192 Telamonis
2227 2125 2436 2192 filium
2495 2147 2849 2212 numquam

466 2234 755 2300 saucium
816 2253 850 2298 e
911 2252 1129 2319 pugna
1176 2230 1471 2313 rediisse,
1520 2230 1748 2296 deinde
1792 2232 1994 2316 ipsius
2036 2231 2215 2298 Pelei
2264 2231 2436 2298 filius
2484 2234 2853 2299 vulneratus

468 2340 725 2425 quidem
796 2339 954 2416 suit,
1025 2337 1133 2402 sed
1193 2356 1316 2400 non
1376 2339 1442 2400 in
1504 2335 1779 2420 proelio;
1832 2337 2136 2422 denique,
2186 2340 2241 2402 si
2291 2338 2627 2423 Euripides
2675 2338 2853 2414 μόνος

467 2449 847 2531 scripsisset,
898 2447 1118 2508 statim
1169 2443 1392 2507 fuisset
1439 2443 1835 2526 recordatus,
1885 2443 2052 2528 quod
2098 2466 2266 2509 nunc
2316 2456 2537 2530 sponte
2595 2445 2854 2511 oblivis-

467 2556 660 2628 citur,
730 2552 897 2615 hunc
953 2548 1316 2615 Menelaum
1367 2547 1639 2613 Pandari
1686 2552 1997 2635 sagittam
2045 2549 2202 2614 olim
2252 2556 2586 2635 expertum
2629 2551 2850 2616 fuisse.

468 2657 783 2743 Equidem
829 2659 1135 2721 scribam:
1192 2651 1252 2727 ὃς
1300 2652 1433 2719 οὐδὲ
1481 2652 1735 2734 τρωθεὶς
1785 2651 1979 2730 ἦλθες
2029 2656 2096 2720 ἐκ
2144 2658 2369 2736 Τροίας
2419 2656 2696 2733 δέμας.

560 2865 802 2931 Dubito
865 2865 941 2930 dc
1002 2863 1180 2929 Pelei
1240 2865 1451 2930 verbis
1513 2884 1608 2928 vs.
1659 2863 1816 2941 621,
1881 2866 1996 2930 ubi
2052 2864 2445 2932 Hermionen
2496 2873 2691 2938 κακῆς
2744 2889 2857 2944 70-

469 2980 670 3042 νοιικὸς
720 2979 919 3035 πῶλον
966 2972 1254 3034 nominat
1302 2976 1366 3033 et
1413 2970 1490 3033 de
1538 2970 1854 3034 malarum
1900 2973 2209 3036 mercium
2250 2969 2502 3036 filiabus
2545 2971 2853 3038 affirmat:

469 3080 908 3159 ἐκφέρουσι
973 3077 1097 3153 γὰρ
1161 3073 1388 3154 μητρῷ’
1453 3072 1666 3146 ὀνείδη.
1759 3074 1884 3141 Sed
1947 3075 2296 3142 Hermione
2355 3084 2524 3144 certe
2572 3076 2855 3143 Helenae

468 3185 678 3254 ὄνειδος
741 3204 866 3248 non
928 3182 1140 3266 potuit
1188 3182 1500 3260 ἐκφέρειν,
1550 3201 1749 3265 quum
1791 3185 1929 3267 jam
1978 3185 2132 3248 satis
2179 3190 2342 3248 esset
2387 3181 2855 3260 ἐξενηνεγμένον

469 3292 976 3377 pervenissetque
1022 3287 1100 3351 ad
1147 3306 1379 3350 omnes.
1433 3286 1733 3373 Cogitavi
1779 3288 1855 3352 de
1903 3289 2417 3370 ἐκφαίνουσι.
2473 3287 2674 3354 Filiae
2717 3308 2858 3353 ma-

471 3404 644 3461 trum
691 3414 951 3460 suarum
1000 3390 1278 3457 indolem
1325 3392 1554 3456 referre
1601 3392 1824 3456 solent.

564 3606 825 3690 Semper
910 3602 1075 3666 mihi
1146 3599 1525 3667 difficillima
1594 3604 1734 3667 visa
1804 3611 1899 3668 est
1970 3605 2497 3688 interpolatorum
2569 3604 2855 3671 locorum
2891 3618 2904 3625 “

471 3713 714 3780 notatio
760 3730 875 3775 nec
919 3711 1042 3772 nisi
1090 3710 1411 3770 rarissime
1454 3708 1533 3771 ad
1580 3709 1969 3792 suspiciones
2018 3713 2155 3775 eius
2194 3713 2445 3797 generis
2486 3711 2858 3776 descendere

470 3820 661 3887 soleo,
754 3815 918 3881 Sunt
966 3822 1178 3877 tamen
1227 3814 1537 3895 quaedam
1589 3814 1759 3897 apud
1806 3814 2179 3899 Euripidem
2229 3822 2364 3880 tam
2415 3816 2680 3883 absone.
2723 3822 2854 3881 tam

469 3925 809 4014 languide,
874 3928 1008 3985 tam
1073 3919 1342 3983 absurde
1392 3918 1597 4002 dicta,
1645 3928 1719 3984 ut
1766 3918 2022 3985 difficile
2071 3924 2156 3987 sit
2200 3921 2425 3987 stilum
2475 3923 2856 4009 molybdan-

471 4033 831 4098 thracinum
881 4027 1200 4092 continere
1247 4044 1447 4108 neque
1490 4024 1743 4089 obelum
1784 4028 1849 4089 in
1889 4030 2182 4115 margine
2222 4031 2585 4116 appingere.
2629 4028 2856 4094 Veluti

469 4138 636 4226 quod
685 4134 913 4200 Peleus
960 4152 1053 4197 vs.
1106 4128 1234 4195 712
1277 4131 1353 4194 de
1400 4128 1531 4194 filio
1580 4129 1892 4207 affirmat,
1942 4134 2052 4217 qui
2101 4134 2430 4199 scelestam
2482 4153 2748 4200 uxorem

1008 4238 1125 4321 ἐλᾷ
1177 4236 1252 4301 δι’
1301 4235 1469 4301 οἴκων
1520 4237 1690 4301 τῶνδ’
1743 4239 2104 4313 ἐπισπάσας
2154 4240 2382 4327 κόμης,

1009 4345 1057 4409 εἰ
1110 4351 1298 4424 ςεῑρος
1344 4337 1495 4407 οὖσοι
1545 4342 1787 4424 μόσχος
1836 4347 1944 4410 οὐκ
1991 4344 2333 4422 οὶνέξετοοι.,
