3192 5017
1365 270 1629 323 sarum.
2040 264 2044 269 ·
2558 250 2687 323 421

306 442 521 528 δόξαν,
580 442 669 510 ὅτι
720 452 976 515 καλῶς
1027 445 1167 518 τοὺς
1218 446 1706 521 πολεμήσαντας
1754 452 1879 515 τοῖς
1928 444 2266 523 βαρβάροις
2317 445 2690 522 ἐνεκωμίασε

310 552 412 616 καὶ
454 553 555 617 δια
597 555 773 616 τοῦτο
814 550 1188 628 βουληθῆναι
1224 553 1364 621 τοὺς
1407 550 1730 628 προγόνους
1768 553 1935 626 ἡμῶν
1961 552 2199 627 ἔντιμον
2224 552 2413 615 αὐτοῦ
2439 561 2687 626 ποιῆσαι

306 661 413 732 τὴν
478 660 703 737 τέχνην
774 707 786 719 .
820 708 830 720 .
863 706 875 719 .
910 705 924 719 .
973 654 1073 720 ἵνα
1120 658 1422 726 πολλάκις
1478 652 1965 727 οὶκούοντεςτῶν
2012 657 2169 721 ἐπῶν
2216 656 2690 733 ἐκμανθάνωμεν

305 764 413 836 τὴν
465 763 686 842 ἔχθραν
736 766 843 834 τὴν
894 763 1297 843 ὑπάρχουσαν
1346 764 1488 842 πρὸς
1537 764 1760 833 αὐτούς
1810 763 1937 826 κτέ.

396 868 792 935 Adverbium
865 874 1068 940 καλῶς
1141 871 1517 933 sententiam
1592 872 1743 933 non¹
1789 874 1969 934 ornat
2039 869 2147 934 sed
2215 874 2451 934 onerat.
2547 868 2690 935 Non

303 975 579 1060 profecto
648 975 840 1040 huius
907 974 1031 1040 loci
1095 980 1228 1040 erat
1287 995 1544 1040 summo
1609 980 1828 1060 poetae
1883 977 2087 1040 obiter
2145 975 2433 1040 nonnihil
2479 974 2689 1041 laudis

301 1082 620 1165 impertiri
666 1080 833 1164 quod
881 1079 1150 1145 Iliadem
1203 1085 1335 1145 tam
1388 1082 1530 1144 bene
1575 1083 1928 1147 cecinisset.
1988 1081 2122 1146 Nec
2169 1086 2420 1146 tantum
2477 1085 2691 1168 inepte

303 1188 622 1253 abundare
685 1186 1068 1253 vocabulum
1131 1187 1241 1252 sed
1286 1223 1372 1233 -
1422 1187 1591 1272 quod
1654 1190 1848 1252 etiam
1896 1190 2078 1273 peius
2125 1193 2219 1253 est
2267 1226 2348 1236 -
2403 1189 2692 1276 frangere

306 1294 675 1378 emphasin,
725 1314 916 1379 quam
958 1294 1217 1360 omniuo
1257 1293 1487 1358 habere
1525 1293 1713 1358 debet
1748 1313 1872 1361 vox
1920 1292 2428 1378 βαρβάροις,
2476 1297 2689 1379 quivis

303 1400 637 1476 concedet,
687 1401 797 1484 qui
846 1404 1048 1464 totam
1099 1399 1432 1484 periodum
1479 1398 1611 1464 alta
1659 1418 1813 1465 voce
1857 1398 2219 1486 perlegerit.

393 1503 544 1570 Sine
590 1504 727 1570 ulla
772 1507 1197 1571 controversia
1241 1504 1346 1569 hic
1392 1524 1644 1590 quoque
1692 1525 1902 1570 socors
1948 1504 2247 1570 librarius
2291 1509 2358 1570 in
2406 1504 2689 1572 mediam

302 1615 651 1678 orationem
713 1612 961 1678 invexit
1024 1610 1323 1696 plausum
1381 1610 1671 1688 lectoris,
1735 1613 1848 1696 qui
1912 1611 2081 1677 hunc
2143 1611 2356 1677 locum
2407 1613 2691 1697 impense

302 1721 577 1785 miratus
621 1719 689 1784 in
737 1719 1030 1806 margine
1076 1723 1282 1789 καλῶς
1328 1736 1521 1783 suum
1566 1718 1961 1802 ascripserat.

394 1936 693 1999 Aetatem
756 1931 911 1998 tulit
973 1930 1142 2017 apud
1187 1930 1590 1996 Athenaeum
1640 1951 1674 1995 e
1720 1930 2011 1994 Parasito
2057 1928 2320 1995 Dffmm
2367 1930 2688 2018 fragmen-

313 2046 456 2105 tum
507 2039 677 2105 haud
724 2037 1062 2124 illepidum
1084 2086 1102 2122 ‚
1150 2037 1317 2122 quod
1365 2056 1549 2121 saepe
1596 2039 1848 2102 criticos
1894 2039 2178 2101 exercuit
2224 2037 2315 2122 (p.
2368 2036 2550 2123 422).

391 2148 719 2213 Audimus
742 2195 758 2222 ,
808 2147 877 2209 ni
915 2143 1138 2228 fallor,
1178 2146 1391 2228 ipsum
1436 2146 1791 2228 parasitum
1830 2143 1907 2207 de
1945 2145 2187 2209 ventris
2225 2144 2364 2229 (τῆς
2387 2144 2690 2229 γαστρός)

302 2256 372 2320 vi
434 2260 624 2338 atque
687 2258 949 2335 natura,
1013 2271 1135 2336 quo
1194 2248 1361 2315 nihil
1420 2255 1608 2335 putat
1665 2269 1799 2315 esse
1862 2251 2390 2331 ταλαιπωρότερον
2409 2298 2425 2329 ,
2485 2254 2690 2317 iocose

299 2361 394 2426 ita
442 2359 892 2425 disserentem:

1623 2465 1682 2526 ἐν
1730 2464 1896 2546 πήρα
1941 2462 2144 2544 φέροις

664 2571 881 2650 ἄρτους
930 2569 1038 2653 ἄν,
1088 2571 1238 2633 ἀλλ’
1287 2570 1354 2633 οὐ
1402 2568 1638 2649 ζωμόν,
1685 2573 1717 2641 ἢ
1772 2568 2136 2649 διαφθερεῖς.

668 2679 754 2748 εἷς
804 2676 1068 2755 σπυρίδα
1118 2673 1330 2756 μάζας
1379 2675 1729 2751 ἐμβαλεῖς.
1781 2672 1933 2739 ἀλλ’
1986 2676 2051 2739 οὐ
2096 2679 2343 2755 Φακῆν,

670 2784 916 2863 οἰνάριον
962 2785 1044 2854 εἷς
1097 2785 1403 2858 λάγυνον,
1454 2782 1608 2845 ἀλλ’
1654 2782 1720 2844 οὐ
1771 2779 2067 2858 κάραβον.

667 2893 748 2960 εἷς
803 2892 913 2962 τὴν
960 2894 1107 2959 θεοῖς
1158 2888 1385 2968 ἔχθραν
1434 2887 1495 2952 δὲ
1544 2888 1779 2961 ταύτην
1829 2889 2132 2967 εἶσφορεῖν

668 2995 851 3060 πάνθ’
898 2994 1020 3059 ἔσθ’
1073 2994 1307 3064 ἑαυτοῖς
1360 2992 1546 3069 μηδὲν
1595 2991 2083 3070 ὁμολογούμενα.

668 3105 772 3167 κοῦ
822 3103 1183 3182 προστίθημι
1230 3096 1489 3178 τᾶλλα,
1540 3099 1693 3165 διότι
1741 3103 2076 3179 πανταχοῦ

665 3209 765 3273 διὰ
815 3210 923 3282 τὴν
970 3210 1280 3272 τάλαιναν
1325 3205 1536 3269 πάντα
1587 3212 1861 3271 ταῦτα
1909 3206 2222 3282 γίγνεται.

392 3315 686 3381 Ultimus
738 3335 960 3382 versus
1006 3313 1341 3378 manifesto
1390 3320 1724 3397 corruptus
1772 3332 1809 3378 a
1853 3311 2201 3399 philologis
2245 3315 2440 3379 variis
2486 3314 2694 3380 modis

300 3426 584 3488 tentatus
667 3426 779 3485 est.
883 3417 1294 3486 Casaubonus
1376 3438 1489 3503 pro
1576 3423 1785 3483 ταῦτα
1872 3420 2233 3503 suspicatur
2312 3419 2397 3484 τὰ
2483 3422 2686 3501 κακοὶ,

301 3526 800 3594 Valckenaerius
869 3526 977 3612 (ad
1046 3523 1311 3611 Hippol.
1372 3546 1430 3609 p.
1502 3524 1665 3612 257)
1735 3524 1942 3600 τλητα
1963 3574 1981 3607 ,
2054 3524 2694 3612 Schweighaeuserus

302 3657 452 3701 cum
511 3635 722 3700 nescio
787 3655 911 3719 quo
958 3633 1169 3699 codice
1215 3634 1486 3708 ταύτην,
1536 3631 1898 3697 Meinekius
1945 3631 2217 3718 denique
2264 3630 2475 3716 (Anal.
2528 3632 2689 3701 Orit.

302 3742 382 3808 ad
443 3741 601 3807 Ath.
664 3764 726 3827 p.
804 3739 960 3828 191)
1032 3738 1284 3805 mavult
1355 3746 1794 3824 transponere:
1868 3736 2083 3803 πάντα
2152 3738 2449 3816 γίγνεται
2499 3742 2689 3807 κακοὶ.

298 3847 552 3915 Horum
613 3867 800 3912 nemo
864 3869 999 3911 rem
1050 3867 1165 3912 acu
1216 3846 1453 3932 tetigit.
1522 3840 1721 3911 *Nam
1773 3864 1932 3930 quae
1984 3844 2305 3930 proferunt
2351 3845 2520 3910 docti
2569 3849 2693 3913 viri

303 3974 507 4039 neque
567 3974 713 4017 cum
763 3952 1280 4017 antecedentibus
1328 3958 1472 4036 apte
1520 3950 1856 4016 cohaerent
1905 3958 1968 4015 et
2020 3989 2100 3999 -
2152 3952 2318 4035 quod
2370 3957 2554 4038 turpe
2598 3961 2695 4020 est

300 4061 369 4125 in
442 4060 769 4125 comoedia
836 4095 915 4105 -
982 4060 1117 4123 sine
1186 4057 1320 4123 ullo
1387 4055 1601 4140 lepore
1670 4061 1819 4120 sunt
1890 4055 2327 4141 frigidissima.
2436 4056 2692 4125 Salsum

299 4151 553 4250 iocum,
603 4186 791 4249 quem
838 4164 905 4227 in
954 4161 1186 4227 ultimo
1235 4183 1422 4229 versu
1467 4164 1605 4226 iure
1654 4167 2012 4245 exspectes,
2064 4161 2397 4246 ipsamque
2454 4163 2701 4250 Diphili

304 4292 565 4338 manum
620 4273 781 4334 mihi
830 4268 1102 4333 feliciter
1148 4271 1489 4353 repperisse
1526 4268 1767 4331 videor.
1823 4266 1954 4330 Nec
1998 4268 2350 4352 quidquam
2396 4269 2499 4334 hic
2543 4294 2701 4356 opus

305 4385 400 4443 est
447 4378 671 4445 audaci
721 4380 1115 4441 coniectura:
1165 4397 1242 4439 ne
1294 4396 1487 4440 unam
1535 4375 1796 4457 quidam
1849 4372 2100 4438 literam
2150 4377 2430 4441 mutabo.
