3192 5017
488 285 617 353 394
789 305 810 322 ·
1557 303 1803 352 manue.

481 498 629 545 nem
683 478 919 564 recepit
962 476 1329 555 Scheibius3
1381 476 1535 562 quid
1581 476 1754 540 enim
1803 475 1929 540 sibi
1975 475 2122 542 vult
2166 474 2253 540 τὰ
2292 473 2456 557 χρέα
2508 474 2615 541 καὶ
2670 475 2882 562 <robe

479 585 743 666 insere>
811 583 1019 657 τόκους
1084 584 1417 667 ποιεῖσθαι,
1482 581 1637 667 quid
1695 581 1778 646 τα
1836 580 2084 660 Φανεροὶ
2134 580 2473 666 (χρήματα
2521 579 2626 649 Cf.
2670 585 2708 669 ξ
2756 583 2876 669 35)

484 691 781 755 ποιεῖσθαι
828 688 930 754 διά
970 686 1171 762 τινοςῚ
1217 687 1700 776 Intellegerem:
1751 687 1836 752 τα
1879 723 1963 737 —-—
2005 687 2167 769 χρέα
2208 726 2296 738 --
2336 688 2442 753 καὶ
2483 689 2624 762 τοὺς
2662 689 2868 762 τόκους

481 794 681 862 ἔπειθε
726 795 806 861 δι’
856 799 1046 862 αὐτοῦ
1096 795 1659 875 πράττεσθαι,
1710 793 2154 883 intellegerem
2204 795 2291 858 τα
2337 796 2583 875 Φανεριὶ
2630 794 2703 859 δι’
2755 796 2865 861 αὖ·

478 907 584 967 τοῦ
633 902 996 981 διοικεῖν,
1044 901 1486 989 intellegerem
1536 900 1808 986 denique
1855 900 1940 965 τοὶ
1990 938 2073 947 --
2115 898 2279 981 χρέα
2325 900 2430 965 καὶ
2472 900 2609 970 τοὺς
2651 899 2863 974 τόκους

483 1006 720 1082 ἔπειθε,
788 1007 872 1073 τοὶ
938 1033 1031 1087 γε
1091 1006 1371 1092 Φανεροὶ,
1419 1008 1493 1073 δι’
1543 1008 1732 1070 αὐτοῦ
1783 1005 2300 1084 πράττεσθαι
2317 1054 2335 1084 ,
2391 1007 2579 1073 modo
2626 1006 2869 1089 Φανεροὶ

477 1113 770 1203 intellegi
834 1121 1087 1200 possent
1143 1116 1232 1180 τὰ,
1293 1113 1455 1196 χρέα
1476 1161 1492 1189 ,
1556 1117 1599 1176 i.
1642 1135 1698 1178 e.
1762 1134 1836 1178 ea
1897 1113 2129 1178 saltem
2178 1134 2340 1199 quae
2390 1112 2609 1181 Oironi
2655 1115 2868 1182 deberi

481 1224 614 1306 ipse
681 1226 977 1300 noverat,
1035 1227 1102 1287 at
1161 1242 1273 1286 cur
1335 1218 1525 1286 Giron
1572 1240 1722 1284 eum
1772 1218 1875 1283 cui
1926 1217 2161 1285 fidebat
2207 1227 2451 1306 partem
2502 1241 2723 1287 eorum
2773 1243 2869 1288 ce·

481 1325 708 1393 lasset?
743 1327 1053 1413 -Undique
1096 1330 1303 1416 igitur
1347 1332 1640 1391 tenemur
1684 1324 2165 1391 difficultatibus
2212 1331 2278 1392 et
2315 1347 2536 1394 vereor
2577 1348 2653 1392 ne
2690 1327 2864 1394 locus

483 1436 571 1499 sit.
614 1433 1008 1500 insanabilis.

574 1542 611 1623 g
661 1537 747 1604 38
794 1541 1348 1621 ἀμφισβητοῦντος
1396 1542 1460 1606 δὲ
1502 1540 1718 1606 τούτου
1767 1540 1870 1604 καὶ
1923 1549 2030 1613 τῆς
2080 1541 2272 1610 οἰκίας
2321 1539 2560 1614 ταύτης
2610 1540 2874 1606 καὶτῶν

483 1645 691 1711 ἄλλων
740 1643 816 1711 ὧν
864 1647 1081 1720 ἐκεῖνος
1132 1649 1470 1724 κατέλιπε,
1519 1647 1656 1712 καὶ
1707 1644 1873 1711 οὐδὲν
1920 1646 2272 1729 φάσκοντος
2320 1648 2874 1726 καταλελοιπέναι,

481 1753 610 1817 κτὲ.
707 1752 982 1839 Requiro
1045 1760 1158 1820 aut
1217 1754 1514 1832 καίπερ
1580 1758 1693 1818 aut
1756 1753 1885 1816 καὶ
1938 1755 2170 1817 τοῦτ’.
2235 1752 2387 1819 Mox
2448 1775 2527 1819 ex
2575 1755 2613 1838 ἓ
2664 1753 2751 1819 25
2802 1760 2868 1820 et

481 1861 514 1944 ξ
563 1859 649 1924 26
700 1858 1164 1945 supplendum:
1212 1860 1558 1925 συνεποίουν
1606 1859 1668 1924 δὲ
1720 1857 2061 1939 <vi-oinct>
2113 1859 2217 1923 καὶ
2267 1857 2678 1924 ‹turbem-*rom

573 1970 610 2052 ἓ
657 1967 735 2030 41
789 1965 893 2030 τὸν
940 1967 1053 2045 μὲν
1101 1969 1211 2043 τὴν
1261 1965 1685 2048 πρεσβυτέραν
1725 1964 1956 2046 ἔχοντα
1996 1966 2722 2043 κατοικοδομήσας
2764 1967 2875 2032 καὶ

484 2073 934 2149 ἐπιβουλεύσας
988 2075 1390 2148 ἠτίμωσε,
1441 2072 1544 2138 καὶ
1593 2074 1848 2153 γραφὴν
1891 2068 2118 2151 ὕβρεως
2160 2071 2430 2151 γραφεὶς
2466 2072 2694 2139 οὐδέπω
2739 2075 2880 2139 τού-

487 2204 604 2243 των
669 2178 837 2251 δίκην
896 2178 1134 2243 δέδωκε.
1203 2180 1405 2244 Locus
1453 2178 1742 2243 funditus
1787 2193 2158 2262 corruptus,
2204 2179 2311 2243 cui
2359 2178 2522 2244 nihil
2570 2178 2735 2245 lucis
2784 2181 2880 2245 af-

483 2285 695 2351 fundit
758 2305 960 2369 neque
1027 2283 1246 2350 infelix
1307 2284 1591 2369 Emperii
1641 2285 2003 2349 coniectura
2050 2282 2621 2364 κατοικοφθορήσας
2669 2306 2880 2371 neque

482 2391 658 2457 locus
723 2390 1274 2474 Harpocrationis:
1342 2388 1706 2468 κατῳκοδ
1723 2388 1754 2453 ό
1771 2412 2059 2464 μησεν·
2128 2389 2525 2455 κατέκλεισεν
2589 2393 2674 2463 εἷς
2722 2393 2878 2457 οἶκο-

483 2496 737 2573 δόμημα
787 2494 892 2559 καὶ
941 2494 1126 2565 οὕτως
1176 2495 1531 2561 ἀπέκτεινεν
1581 2496 1643 2559 ἐν
1689 2497 1772 2575 τῷ
1822 2495 1994 2560 κατὰ
2037 2494 2366 2567 Διοκλέους
2417 2497 2873 2575 πολλάκις,

482 2605 594 2688 qni
655 2622 857 2687 neque
918 2602 995 2666 ad
1056 2601 1120 2665 h.
1149 2600 1189 2665 l.
1255 2623 1455 2686 neque
1503 2602 1579 2667 ad
1629 2602 1790 2667 hanc
1836 2603 2188 2667 orationem
2235 2605 2546 2687 pertinere
2592 2603 2875 2669 videtur.

483 2710 685 2789 Quem
749 2707 1069 2772 interfecit
1116 2706 1383 2793 aliquis,
1432 2708 1703 2772 eundem
1752 2711 1897 2792 qui,
1947 2728 2210 2792 quaese,
2263 2714 2469 2793 potest
2514 2709 2877 2786 ὦτιμῶσαιῖ

482 2814 567 2879 Et
613 2815 768 2899 quid
816 2820 913 2878 est
959 2812 1126 2898 quod
1173 2812 1423 2878 Diocles
1469 2812 1829 2899 postulatus
1878 2834 2010 2879 esse
2058 2815 2295 2879 dicitur
2344 2811 2611 2893 ὕβρεως,
2663 2815 2879 2899 qualis

485 2923 707 2998 γραφή
777 2939 900 2984 non
962 2918 1419 2983 instituebatur
1477 2926 1697 2984 contra
1759 2919 2224 2985 interfectorem
2295 2942 2409 2987 nec
2455 2928 2674 2987 contra
2721 2943 2877 2988 eum

484 3030 591 3111 qui
653 3026 939 3091 effecerat
1012 3032 1082 3089 ut
1147 3024 1307 3090 alter
1353 3028 1559 3110 capite
1623 3023 2123 3090 diminueretur?
2182 3027 2309 3114 Agi
2360 3029 2615 3094 videtur
2661 3029 2739 3094 de
2801 3051 2880 3096 eo

483 3153 714 3221 genere
762 3128 1012 3207 ὕβρεως,
1062 3150 1254 3215 quam
1302 3133 1714 3217 grammatici
1769 3139 1993 3198 vocant
2040 3132 2140 3197 διὰ
2187 3136 2478 3211 πληγῶν;
2516 3136 2608 3200 ita
2646 3141 2720 3199 ut
2754 3137 2879 3201 sub

487 3245 894 3302 HTIMssce
956 3236 1153 3302 latere
1219 3238 1414 3321 possit
1478 3236 1839 3315 ἐπηρωσε
1905 3236 2009 3304 vel
2075 3239 2464 3319 ᾐκίσατο,
2516 3241 2624 3306 sed
2669 3262 2879 3327 neque

483 3346 576 3408 ita
637 3342 880 3427 reliqu-a
941 3348 1242 3408 sanantur
1305 3363 1507 3427 neque
1569 3347 1829 3408 omnino
1892 3346 2243 3429 quidquam
2306 3345 2617 3412 affirmare
2663 3348 2873 3413 ausim

485 3449 562 3514 de
624 3449 762 3514 loco
824 3449 1190 3533 desperato,
1257 3469 1448 3533 quem
1510 3469 1738 3513 sanum
1804 3450 2003 3513 videri
2069 3450 2393 3516 nonnullis
2443 3454 2600 3517 satis
2649 3453 2868 3518 mirari

484 3574 608 3620 non
657 3574 929 3639 possum.
987 3554 1083 3619 Ad
1131 3575 1266 3619 rem
1315 3574 1614 3640 compara
1664 3553 1755 3618 IX
1802 3555 1839 3639 g
1894 3555 2000 3620 17.

576 3663 612 3744 ἓ
662 3657 746 3724 39
810 3656 909 3722 ἵνα
973 3661 1061 3735 μὴ
1123 3660 1345 3725 δοκοῖεν
1391 3656 1547 3726 οὗτοι
1597 3663 1712 3736 μὲν
1757 3662 2130 3734 α’νηλωκέναι
2179 3662 2431 3741 πάντα,
2482 3663 2604 3740 ἐγὼ
2653 3663 2714 3729 δὲ
2763 3667 2875 3732 οὐ·

486 3767 634 3830 δέν.
686 3765 944 3830 Soloeca
988 3767 1189 3830 oratio
1238 3777 1353 3830 est.
1403 3765 1575 3853 Lege
1621 3765 1892 3843 μηδὲν.

577 3874 614 3957 ἓ
664 3870 747 3934 45
812 3871 915 3935 καὶ
978 3868 1069 3935 ὅτι
1131 3872 1414 3949 προσήκει
1467 3872 1611 3949 ἡμῖν
1657 3875 1902 3947 μᾶλλον
1952 3873 1985 3945 ἢ
2034 3872 2267 3946 τούτοις
2318 3883 2704 3955 κληρονομεῖν
2754 3883 2877 3942 τῶν

487 3981 796 4044 ἐκείνου
858 3974 1235 4062 χρημάτων,
1285 3978 1550 4055 ἐκγόνοις
1601 3974 1762 4043 οὖσιν
1819 3978 1950 4065 [τοῦ
1999 3977 2313 4065 πάππου]ο
2364 3980 2671 4047 Deleatur
2715 4003 2874 4066 pue·

489 4087 607 4152 rile
654 4083 993 4154 emblema.

577 4192 678 4257 IX
725 4192 761 4275 ἓ
813 4188 851 4256 7
913 4190 1203 4271 ἐλέγχειν
1265 4191 1511 4268 ψευδεῖς
1560 4189 1746 4262 οὔσας
1797 4192 1915 4264 τὰς
1966 4189 2275 4266 διαθήκας
2327 4186 2434 4279 [ἃς
2484 4194 2870 4279 brodeam}

483 4297 856 4382 Numquam
921 4296 1055 4360 vidi
1117 4295 1420 4360 insulsius
1486 4296 1826 4362 emblema.
1899 4299 2056 4379 Quis
2105 4300 2475 4365 mortalium
2523 4303 2657 4386 ipse
2712 4300 2872 4367 falso

480 4409 859 4468 testamento
931 4401 1151 4467 scribit
1221 4400 1502 4487 aliquem
1575 4402 1910 4469 heredem!
1997 4404 2181 4470 Nihil
2249 4413 2463 4473 autem
2540 4406 2872 4473 lucramur
