3192 5017
1147 290 1629 341 anemuri.
2455 272 2588 339 393

217 464 314 531 Sic
374 464 535 551 lapis
600 466 744 550 (qui
809 470 971 530 teste
1030 464 1270 531 editore
1332 472 1427 531 est
1490 484 1707 530 recens
1753 462 2152 547 admodum).
2248 461 2586 529 Kaibelius

217 571 404 637 edidit
459 568 705 647 τεῦξεν.
768 573 956 659 gravi
1002 591 1151 638 sane
1195 569 1561 637 litterarum
1610 571 1994 636 discrimine.
2094 568 2324 635 Paullo
2377 568 2587 636 lenius

214 678 503 744 rescribas
553 684 927 751 CTHceN,
973 677 1083 743 sed
1127 680 1339 743 nescio
1388 698 1467 742 an
1514 678 1983 744 semibarbarus
2031 690 2252 743 auctor
2298 676 2583 743 dederit:

514 791 807 861 μνημεῖον
854 782 990 848 τάδε
1037 805 1140 861 μοι
1192 784 1534 869 [π]οἰσ·εν
1583 783 1903 864 θρέπτειρα
1950 791 2220 861 γλυκεῖα

214 896 283 954 ut
328 887 477 965 719,
526 889 567 954 6
617 898 714 956 est
761 891 1129 956 πετόικα
1179 911 1293 975 pro
1342 892 1677 966 πεποίηκα.

298 1130 446 1204 707.
536 1132 808 1199 Initium
854 1135 1164 1221 epitaphii
1209 1135 1471 1201 fortasse
1518 1139 1610 1201 sic
1660 1136 2044 1221 explendum
2097 1143 2231 1202 est:

514 1239 953 1325 Πρα[ξαγόρου
1000 1243 1113 1318 μὲν
1158 1243 1389 1323 πατρὸς
1438 1239 1592 1322 ἔφυν
1612 1244 1661 1328 ,]
1711 1237 1935 1324 μητρὸς
1983 1243 2047 1307 δὲ
2092 1267 2127 1306 υ
2155 1279 2194 1292 -
2222 1278 2261 1292 -

297 1484 444 1560 ¹734,
489 1485 554 1553 8.
693 1487 875 1552 ὁποῖα
923 1486 976 1552 δ’
1024 1486 1178 1563 ἦσαν
1227 1487 1329 1553 ἐπὶ
1378 1496 1577 1570 ‘roz-cp
1627 1487 1874 1570 βλέψον
1924 1488 2135 1553 τέκνα.

210 1592 581 1682 intellegam
600 1642 619 1673 ,
668 1598 721 1659 si
770 1596 1164 1679 rescripseris
1212 1594 1313 1659 ἐπὶ
1361 1604 1571 1675 ττπφ.

180 1894 187 1903 ‚
291 1824 537 1891 Ibidem

424 1942 491 1997 B.
537 1933 625 1997 Ὅ
675 1956 826 1997 ποτε
873 1931 1160 2002 πλούσιος
1210 1931 1342 2011 περὶ
1391 1932 1575 1996 τέκνα
1629 1938 1729 1996 νῦν
1780 1932 2029 1997 κακὸν
2077 1940 2342 2006 κακῶς

541 2046 794 2118 τηρῶν
840 2041 917 2113 ὡς
966 2039 1302 2110 Τάνταλος
1357 2038 1723 2120 κολάζομαι.

210 2142 510 2211 Voculam
574 2145 766 2223 ποτέ,
817 2166 942 2231 quo
989 2144 1452 2231 qualecumque
1500 2153 1778 2210 metrum
1819 2147 2170 2211 iambicum
2218 2146 2585 2234 iugulatur,

205 2251 266 2313 in
322 2252 443 2317 hoe
506 2254 715 2338 poesis
776 2272 1006 2340 genere
1062 2271 1186 2317 non
1252 2271 1496 2328 moror,
1556 2274 1702 2318 cum
1765 2255 2134 2338 praesertim
2182 2273 2255 2320 eo
2302 2253 2590 2341 indigeat

202 2361 514 2424 sententia
533 2406 551 2437 ,
615 2360 825 2442 sitque
888 2379 1107 2424 versus
1178 2378 1442 2443 sequens
1504 2379 1759 2444 prorsus
1817 2356 2102 2440 ἄμετρος.
2198 2358 2322 2425 Sed
2370 2356 2590 2441 procul

204 2463 396 2531 dnbio
448 2464 657 2534 voluit
704 2471 923 2531 auctor

1482 2573 1725 2641 κακὸς
1780 2578 2044 2644 κακῶς

860 2684 1116 2757 γηρῶν
1163 2680 1239 2750 ὡς
1287 2679 1624 2750 Τάνταλος
1672 2676 2032 2758 κολάζομαι.

199 2783 411 2852 Homo
484 2784 684 2850 simul
752 2782 979 2849 multis
1048 2784 1269 2850 liberis
1340 2791 1404 2850 et
1474 2805 1668 2851 uxore
1739 2785 1998 2851 orbatus
2070 2791 2393 2869 comparat
2456 2804 2590 2849 sese

198 2890 441 2958 Niobae
493 2893 729 2956 marito
774 2891 1046 2957 Tantalo
1093 2897 1235 2976 post
1281 2893 1575 2979 coniugis
1615 2898 1679 2957 et
1716 2899 2016 2957 natorum
2056 2897 2338 2978 stragem
2367 2892 2589 2954 miser-

197 2999 431 3065 rimam
483 2998 747 3086 degenti
804 3003 1221 3064 senectutem.

288 3244 447 3315 7¹78.
544 3244 769 3317 Νικίας
819 3268 901 3324 με
951 3244 1239 3319 άνέθηκεν
1286 3245 1638 3312 Ἀπόλλωνι
1688 3244 1870 3331 [υἱὸς]
1923 3246 2357 3326 Θρασυμήδεος

543 3349 732 3432 ἔργων
778 3347 854 3416 ὧν
899 3353 927 3416 ὃ
977 3355 1183 3432 πατὴρ
1233 3350 1555 3430 ἠργάσατο
1604 3354 1711 3425 τὴν
1759 3352 2021 3426 δεκάτην
2071 3376 2186 3419 σοι.

198 3457 535 3544 Expuncto
596 3458 892 3544 lapidarii
950 3457 1333 3545 glossemate
1378 3458 1581 3523 exibit
1628 3457 2031 3543 hexameter,
2081 3457 2255 3544 quali
2303 3461 2414 3523 isti
2464 3478 2604 3525 ver-

197 3561 401 3630 sifices
451 3584 639 3649 saepe
684 3576 975 3652 pangunt
1021 3567 1279 3650 peiores.
1330 3564 1500 3629 Nam
1547 3563 1855 3629 ultimum
1903 3584 2134 3630 nomen
2177 3567 2592 3650 pronuntian-

199 3671 351 3737 dum
403 3679 502 3737 est
550 3671 1076 3750 τετρασυλλάβως
1099 3720 1117 3754 ,
1165 3691 1280 3736 nec
1324 3672 1389 3734 in
1434 3671 1726 3736 trochaeo
1768 3670 1963 3756 primi
2003 3671 2179 3756 pedis
2203 3669 2594 3736 haerendum

198 3784 294 3843 est
341 3784 604 3864 propter
646 3780 983 3843 nominum
1034 3775 1433 3861 propriorum
1479 3775 1830 3854 licentiam.
1898 3776 2234 3843 Eiusmodi
2278 3774 2598 3863 glossema

196 3884 324 3950 n'on
371 3882 573 3950 latuit
620 3884 929 3949 editorem
979 3886 1046 3947 in
1094 3881 1292 3963 1030,
1346 3883 1407 3951 1.

529 3992 735 4069 ’Τμνῶ
787 3989 914 4055 θεὸν
962 3989 1238 4065 Μέλητα
1288 3990 1659 4079 [ποταμὸν],
1706 3991 1808 4054 τὸν
1854 3989 2097 4071 σωτῆρά
2146 4014 2283 4067 μου.

199 4104 263 4162 et
313 4096 474 4173 646,
525 4097 568 4161 4

571 4204 677 4268 οὐκ
723 4201 956 4274 Aram
1006 4202 1399 4284 κλειδοῦχος,
1450 4201 1591 4283 οὐχὶ
1644 4199 1938 4283 Κέρβερος
1991 4201 2237 4286 [κύων].

145 4364 157 4374 .
198 4308 436 4375 Simile
481 4309 633 4396 quid
680 4308 981 4375 accidisse
1032 4310 1319 4393 suspicor
1364 4312 1431 4375 in
1480 4319 1765 4376 extremo
1815 4309 2278 4395 epigrammate
2326 4308 2492 4376 981:

528 4418 629 4481 καὶ
681 4415 1068 4495 πέμψαις
1121 4418 1288 4495 ἡμᾶς
1336 4417 1585 4490 σώους
1636 4417 1697 4490 ὃς
1745 4415 1958 4497 Κρόνου
2007 4414 2308 4497 ἐμπόριον.
