3192 5017
509 345 514 352 ‚
564 267 694 336 144
1578 286 1943 340 nummum.

559 457 792 540 ἰσχύων
855 458 1092 539 θράσει,
1161 458 1437 535 Ἀργεῖος
1500 463 1608 526 οὐκ
1658 460 1937 542 Ἀργεῖος
1991 464 2025 535 ἦ
2044 486 2072 525 ν
2089 485 2131 526 οι
2151 488 2196 542 y
2217 486 2255 527 κ
2273 487 2317 527 οι
2335 486 2372 526 σ
2389 460 2534 540 μέν
2550 484 2577 524 ο
2599 484 2626 532 ς
2651 509 2667 544 ,
2715 462 2773 524 is
2819 480 2932 523 rec·

562 568 693 631 tius
757 564 1180 651 appellabitur
1242 566 1271 630 ἑ
1287 565 1325 643 ξ
1342 592 1376 647 ῃ
1394 591 1429 630 κ
1450 589 1490 629 οι
1508 590 1548 629 σ
1565 589 1617 643 μ
1635 565 1663 631 k
1678 592 1705 631 ν
1724 591 1752 633 ο
1769 593 1821 641 ς.
1919 566 2059 633 Hoc
2126 570 2393 635 verbum
2455 571 2641 652 poeta
2688 569 2938 650 usurpat

560 675 627 737 in
677 672 911 738 Phoen.
969 670 1116 736 162.

651 879 860 947 Verba
904 886 1054 946 sunt
1101 880 1340 948 Orestis
1388 884 1464 948 ad
1514 903 1794 950 sororem
1844 906 1938 950 vs.
1993 884 2196 952 1040:

1016 988 1168 1053 ἀλλ’
1216 988 1535 1069 αὐτόχειρι
1585 987 1818 1074 &uffa-95⁹
1865 985 1980 1073 ὅτῳ
2028 990 2246 1068 βούλει
2293 989 2512 1070 τρόπῳ.

560 1096 773 1175 Quum
825 1096 1233 1160 meminerim
1280 1094 1446 1161 Med.
1501 1095 1672 1162 1281
1725 1096 1856 1185 legi
1904 1097 2220 1178 αὐτόχειρι
2268 1096 2484 1181 μοίρᾳ,
2531 1095 2773 1161 Phoen.
2816 1093 2937 1160 980

560 1199 833 1272 θοὶνοιτος
899 1199 1191 1283 αὐτόχειρ
1259 1207 1323 1266 et
1385 1200 1595 1269 Orest.
1667 1200 1795 1269 947
1862 1203 2183 1285 αὐτόχειρι
2231 1210 2498 1286 σφαγῇ,
2547 1203 2652 1268 hic
2697 1221 2940 1286 quoque

560 1306 787 1373 malim
831 1308 910 1373 ad
956 1307 1118 1372 hanc
1164 1307 1559 1395 analogiam:

1013 1415 1164 1479 ἀλλ’
1213 1412 1528 1496 αὐτόχειρι
1577 1413 1810 1496 θνῆσχ’
1859 1415 1973 1498 ὅτῳ
2021 1417 2236 1495 βούλει
2284 1415 2511 1498 μόρῳ.

653 1634 1017 1701 Secundum
1066 1633 1355 1700 Orestem
1402 1633 1671 1701 Graecia
1718 1634 2002 1704 Helenae
2051 1637 2246 1700 nimis
2292 1640 2389 1701 est
2425 1633 2676 1714 σμικρὸν
2740 1633 2807 1697 οἱ
2828 1656 2942 1704 κη-

560 1743 864 1822 τήριον,
930 1761 1077 1805 cum
1137 1740 1382 1822 τρυφὰς
1447 1742 1730 1821 Τρωικὰς
1794 1762 2008 1807 secum
2057 1743 2125 1806 in
2172 1742 2446 1826 patriam
2494 1738 2839 1805 adduxerit
2883 1743 2941 1802 et

561 1849 940 1914 Asianorum
1005 1846 1264 1913 luxuria
1319 1848 1502 1913 unice
1561 1845 1945 1925 delectetur,
2010 1850 2279 1933 pristina
2341 1866 2592 1913 morum
2652 1846 2942 1912 castitate

559 1953 840 2019 ludibrio
903 1952 1143 2018 habita.
1235 1952 1364 2018 Hic
1429 1974 1535 2019 me
1600 1974 1723 2019 non
1772 1955 1987 2021 videre
2033 1955 2266 2032 fateor,
2315 1974 2513 2039 quum
2563 1952 2814 2037 reliqua
2854 1953 2943 2016 in·

565 2059 852 2147 telligam
874 2108 891 2143 ,
964 2079 1089 2144 quo
1159 2079 1345 2124 sensu
1418 2061 1746 2139 οἰκητήριον
1811 2060 2055 2126 dictum
2118 2064 2224 2126 sit.
2320 2059 2632 2144 Requiro:
2697 2055 2944 2138 σμικρόν

564 2165 1046 2249 ἧβητήριον,
1111 2185 1235 2250 quo
1297 2186 1483 2230 sensu
1547 2166 1715 2251 apud
1777 2165 2177 2232 Herodotum
2242 2164 2306 2230 2.
2364 2163 2490 2231 133
2557 2164 2945 2242 ἑνηβητῆριον

559 2277 940 2357 usurpatum
988 2275 1083 2337 est
1129 2276 1191 2336 et
1239 2269 1624 2337 Plutarchus
1671 2272 1749 2337 de
1795 2271 2122 2338 Demetrio
2171 2273 2424 2357 scripsit
2471 2273 2536 2335 in
2579 2272 2716 2336 vita
2758 2270 2944 2335 Pom·

559 2380 686 2464 peji
751 2376 818 2443 C.
873 2377 994 2442 40:
1059 2379 1142 2448 εἷς
1203 2378 1485 2442 ἸτοιλΙοιν
1532 2376 2015 2452 ἐπανεληλυθὼς
2071 2376 2361 2451 ἐκέκτητο
2410 2387 2521 2450 τῆς
2570 2375 2813 2452 Ῥώμης
2864 2375 2943 2439 τὰ

560 2485 740 2562 ἥδιςοι
789 2483 1086 2562 προοὶςειοι
1136 2484 1240 2549 καὶ
1288 2490 1404 2549 τῶν
1454 2484 1796 2564 ἡβητηρίων
1845 2485 1929 2550 τὰ
1979 2483 2278 2551 xoium-«x.
2330 2482 2517 2568 Apud
2568 2481 2941 2566 Euripidem

559 2594 772 2676 ipsum
817 2590 1060 2678 legitur
1105 2588 1306 2675 Hipp.
1361 2590 1569 2656 1095:

1422 2694 1463 2761 ὦ
1513 2697 1694 2762 πέδον
1742 2695 2082 2778 Τροιζήνιον

1053 2805 1129 2875 ὡς
1178 2802 1547 2881 ἐγκωθηβοῖν
1599 2802 1786 2869 πόλλ’
1834 2800 2003 2884 ἔχεις
2050 2803 2406 2880 εὐδαίμονα.

646 3014 717 3080 In
787 3015 1026 3081 Orestis
1089 3015 1299 3081 verbis
1366 3036 1457 3081 vs.
1511 3012 1715 3079 1558:
1787 3015 1815 3079 ὃ
1864 3013 2095 3092 πατρὸς
2144 3012 2431 3092 ἀμύντωρ
2460 3062 2475 3088 ,
2528 3004 2589 3075 ὃν
2638 3013 2715 3078 σὺ
2765 3011 2945 3091 προῦ-

555 3122 750 3192 δωκας
801 3121 997 3186 θοινεῖν
1021 3170 1035 3196 ,
1087 3126 1228 3205 post
1276 3122 1504 3201 πατρὸς
1552 3123 1663 3187 vix
1714 3120 1928 3186 abesse
1985 3121 2220 3206 poterit
2265 3116 2580 3205 particula
2629 3142 2729 3196 ys.

649 3333 791 3400 Non
843 3340 1028 3399 vacat
1074 3356 1371 3419 quaerere
1407 3338 1628 3421 jamne
1676 3334 2061 3401 attenderint
2100 3335 2222 3398 viri
2266 3333 2436 3398 docti
2476 3331 2556 3396 ad
2597 3352 2685 3397 vs.
2746 3330 2938 3410 1592,

554 3442 667 3506 ubi
728 3439 1060 3513 Menelao,
1124 3444 1235 3525 qui
1297 3447 1551 3529 rogarat
1613 3442 1919 3506 fuissetne
1967 3441 2165 3504 etiam
2214 3438 2491 3524 Pylades
2538 3443 2933 3521 perpetratae

554 3546 765 3612 caedis
812 3549 1019 3612 socius
1041 3595 1056 3621 ‚
1102 3549 1197 3612 ita
1236 3546 1486 3613 Orestes
1534 3547 1906 3632 respondet:

997 3651 1250 3732 Φησὶν
1296 3658 1640 3717 σιωπῶν·
1690 3653 1923 3730 ἀρκέσω
1972 3651 2025 3716 δ’
2074 3651 2197 3730 ἐγὼ
2241 3651 2470 3728 λέγειν.

556 3760 776 3845 ltaque
838 3780 1003 3824 nunc
1066 3761 1270 3839 κωφὸν
1334 3759 1651 3839 πρόσωπον
1712 3763 1779 3824 in
1829 3780 2014 3824 scena
2062 3759 2277 3834 adest,
2329 3777 2474 3822 nam
2522 3757 2893 3823 histrionem
2921 3803 2935 3826 ‚

550 3870 658 3953 qui
719 3866 1047 3950 hucusque
1095 3864 1359 3952 Pyladis
1407 3874 1615 3949 partes
1663 3868 1837 3953 egit,
1881 3872 2068 3950 poeta
2113 3867 2360 3930 scenica
2405 3862 2550 3950 lege
2598 3870 2853 3929 coactus
2911 3883 2943 3926 e

553 3978 892 4059 conspectu
953 3973 1262 4045 removit,
1327 3978 1401 4037 ut
1461 3979 1605 4057 post
1666 3992 1898 4057 paucos
1946 3970 2293 4037 versiculos
2343 3968 2744 4055 Apollinem,
2796 3966 2936 4032 θεὸν

558 4082 627 4144 ἐκ
673 4085 1009 4161 μηχανῆς,
1064 4098 1251 4165 agere
1300 4083 1534 4163 posset.

646 4291 935 4377 Denique
981 4311 1086 4356 me
1132 4290 1473 4356 advertunt
1520 4287 1791 4354 Menelai
1843 4289 2037 4355 verba
2081 4310 2174 4354 vs.
2234 4286 2444 4355 1674:

1057 4394 1100 4460 ὦ
1151 4396 1334 4470 Ζηνὸς
1390 4394 1608 4468 Ἑλένη
1657 4402 1845 4474 χοιῖρε
1896 4403 2020 4459 ποεῖ
2066 4395 2227 4475 ζηλῶ
2277 4394 2340 4468 δέ
2391 4418 2460 4460 σε
