<?xml version="1.0" encoding="UTF-8"?>
<!DOCTYPE html PUBLIC "-//W3C//DTD XHTML 1.0 Transitional//EN"
    "http://www.w3.org/TR/xhtml1/DTD/xhtml1-transitional.dtd">
<html xmlns="http://www.w3.org/1999/xhtml" xml:lang="en" lang="en">
 <head>
  <title>
</title>
<meta http-equiv="Content-Type" content="text/html;charset=utf-8" />
  <meta name='ocr-system' content='tesseract 3.04.00' />
  <meta name='ocr-capabilities' content='ocr_page ocr_carea ocr_par ocr_line ocrx_word'/>
</head>
<body>
  <div class='ocr_page' id='page_1' title='image "./mnemosynebiblio14servgoog_0193.png"; bbox 0 0 3192 5017; ppageno 0'>
   <div class='ocr_carea' id='block_1_1' title="bbox 1232 288 2597 360">
    <p class='ocr_par' dir='ltr' id='par_1_1' title="bbox 1232 288 2597 360">
     <span class='ocr_line' id='line_1_1' title="bbox 1232 288 2597 360; baseline 0.001 -3"><span class='ocrx_word' id='word_1_1' title='bbox 1232 309 1564 360; x_wconf 63' lang='lat' dir='ltr'><strong>pommus.</strong></span> <span class='ocrx_word' id='word_1_2' title='bbox 2469 288 2597 358; x_wconf 75' lang='lat'><strong>18⁹</strong></span> 
     </span>
    </p>
   </div>
   <div class='ocr_carea' id='block_1_2' title="bbox 223 478 2624 3974">
    <p class='ocr_par' dir='ltr' id='par_1_2' title="bbox 223 478 2624 3974">
     <span class='ocr_line' id='line_1_2' title="bbox 226 478 2599 568; baseline 0.001 -25"><span class='ocrx_word' id='word_1_3' title='bbox 226 479 411 544; x_wconf 86' lang='lat' dir='ltr'><strong>occidi</strong></span> <span class='ocrx_word' id='word_1_4' title='bbox 468 479 800 546; x_wconf 86' lang='lat' dir='ltr'><strong>Romanus</strong></span> <span class='ocrx_word' id='word_1_5' title='bbox 859 485 1175 549; x_wconf 78' lang='lat' dir='ltr'><strong>exercitus</strong></span> <span class='ocrx_word' id='word_1_6' title='bbox 1234 483 1546 568; x_wconf 75' lang='lat' dir='ltr'><strong>potuisset</strong></span> <span class='ocrx_word' id='word_1_7' title='bbox 1596 480 1669 568; x_wconf 90' lang='lat'><strong>¹).</strong></span> <span class='ocrx_word' id='word_1_8' title='bbox 1760 481 1950 548; x_wconf 81' lang='lat' dir='ltr'><strong>Anno</strong></span> <span class='ocrx_word' id='word_1_9' title='bbox 2011 481 2332 568; x_wconf 79' lang='lat' dir='ltr'><strong>superiore</strong></span> <span class='ocrx_word' id='word_1_10' title='bbox 2376 478 2599 546; x_wconf 85' lang='lat' dir='ltr'><strong>consul</strong></span> 
     </span>
     <span class='ocr_line' id='line_1_3' title="bbox 226 584 2596 672; baseline 0 -22"><span class='ocrx_word' id='word_1_11' title='bbox 226 585 299 650; x_wconf 78' lang='lat' dir='ltr'><strong>A.</strong></span> <span class='ocrx_word' id='word_1_12' title='bbox 342 584 666 652; x_wconf 74' lang='lat' dir='ltr'><strong>Hostilius</strong></span> <span class='ocrx_word' id='word_1_13' title='bbox 708 590 880 654; x_wconf 89' lang='lat' dir='ltr'><strong>idem</strong></span> <span class='ocrx_word' id='word_1_14' title='bbox 924 589 1161 655; x_wconf 77' lang='lat' dir='ltr'><strong>fecerat</strong></span> <span class='ocrx_word' id='word_1_15' title='bbox 1205 590 1315 654; x_wconf 90' lang='lat' dir='ltr'><strong>sed</strong></span> <span class='ocrx_word' id='word_1_16' title='bbox 1360 609 1511 654; x_wconf 84' lang='lat' dir='ltr'><strong>mox</strong></span> <span class='ocrx_word' id='word_1_17' title='bbox 1556 609 1692 654; x_wconf 89' lang='lat' dir='ltr'><strong>sese</strong></span> <span class='ocrx_word' id='word_1_18' title='bbox 1727 590 1796 653; x_wconf 89' lang='lat' dir='ltr'><strong>in</strong></span> <span class='ocrx_word' id='word_1_19' title='bbox 1836 587 2230 654; x_wconf 81' lang='lat' dir='ltr'><strong>Tbessaliam</strong></span> <span class='ocrx_word' id='word_1_20' title='bbox 2253 592 2596 672; x_wconf 70' lang='lat' dir='ltr'><strong>receperat.</strong></span> 
     </span>
     <span class='ocr_line' id='line_1_4' title="bbox 225 691 2599 783; baseline 0 -27"><span class='ocrx_word' id='word_1_21' title='bbox 225 691 440 757; x_wconf 87' lang='lat' dir='ltr'><strong>XLIV.</strong></span> <span class='ocrx_word' id='word_1_22' title='bbox 487 691 552 757; x_wconf 82' lang='lat'><strong>2.</strong></span> <span class='ocrx_word' id='word_1_23' title='bbox 607 692 686 758; x_wconf 89' lang='grc'><strong>6.</strong></span> <span class='ocrx_word' id='word_1_24' title='bbox 732 694 2200 783; x_wconf 65' lang='grc' dir='ltr'><strong>αἱίίερὶασεόαιυὰιρστθατηόυπίοενηοπίω,</strong></span> <span class='ocrx_word' id='word_1_25' title='bbox 2241 696 2599 780; x_wconf 77' lang='lat' dir='ltr'><strong>quapriore</strong></span> 
     </span>
     <span class='ocr_line' id='line_1_5' title="bbox 223 798 2598 866; baseline 0.002 -6"><span class='ocrx_word' id='word_1_26' title='bbox 223 822 370 862; x_wconf 68' lang='lat' dir='ltr'><strong>anno</strong></span> <span class='ocrx_word' id='word_1_27' title='bbox 434 801 703 864; x_wconf 68' lang='lat' dir='ltr'><strong>dua-emt</strong></span> <span class='ocrx_word' id='word_1_28' title='bbox 772 799 1084 865; x_wconf 69' lang='lat' dir='ltr'><strong>Hostilius</strong></span> <span class='ocrx_word' id='word_1_29' title='bbox 1154 802 1381 866; x_wconf 75' lang='lat' dir='ltr'><strong>consul.</strong></span> <span class='ocrx_word' id='word_1_30' title='bbox 1474 799 1661 866; x_wconf 87' lang='lat' dir='ltr'><strong>Nihil</strong></span> <span class='ocrx_word' id='word_1_31' title='bbox 1727 800 1934 866; x_wconf 87' lang='lat' dir='ltr'><strong>aliena</strong></span> <span class='ocrx_word' id='word_1_32' title='bbox 1993 798 2171 865; x_wconf 89' lang='lat' dir='ltr'><strong>clade</strong></span> <span class='ocrx_word' id='word_1_33' title='bbox 2233 798 2598 864; x_wconf 83' lang='lat' dir='ltr'><strong>admonitus</strong></span> 
     </span>
     <span class='ocr_line' id='line_1_6' title="bbox 223 902 2598 992; baseline 0.001 -24"><span class='ocrx_word' id='word_1_34' title='bbox 223 902 482 969; x_wconf 74' lang='lat' dir='ltr'><strong>Marcius</strong></span> <span class='ocrx_word' id='word_1_35' title='bbox 529 911 600 970; x_wconf 80' lang='lat' dir='ltr'><strong>et</strong></span> <span class='ocrx_word' id='word_1_36' title='bbox 638 909 985 972; x_wconf 87' lang='lat' dir='ltr'><strong>immemor</strong></span> <span class='ocrx_word' id='word_1_37' title='bbox 1024 905 1226 972; x_wconf 86' lang='lat' dir='ltr'><strong>cladis</strong></span> <span class='ocrx_word' id='word_1_38' title='bbox 1273 905 1429 973; x_wconf 93' lang='lat' dir='ltr'><strong>olim</strong></span> <span class='ocrx_word' id='word_1_39' title='bbox 1476 908 1545 971; x_wconf 88' lang='lat' dir='ltr'><strong>in</strong></span> <span class='ocrx_word' id='word_1_40' title='bbox 1591 905 1798 972; x_wconf 79' lang='lat' dir='ltr'>simili</span> <span class='ocrx_word' id='word_1_41' title='bbox 1833 909 2086 992; x_wconf 75' lang='lat' dir='ltr'><strong>incepto</strong></span> <span class='ocrx_word' id='word_1_42' title='bbox 2120 904 2288 991; x_wconf 87' lang='lat' dir='ltr'><strong>apud</strong></span> <span class='ocrx_word' id='word_1_43' title='bbox 2324 905 2598 992; x_wconf 80' lang='lat' dir='ltr'><strong>Ligures</strong></span> 
     </span>
     <span class='ocr_line' id='line_1_7' title="bbox 227 1010 2594 1099; baseline 0 -25"><span class='ocrx_word' id='word_1_44' title='bbox 227 1015 496 1094; x_wconf 81' lang='lat' dir='ltr'><strong>acceptae</strong></span> <span class='ocrx_word' id='word_1_45' title='bbox 568 1013 810 1077; x_wconf 75' lang='lat' dir='ltr'><strong>iterum</strong></span> <span class='ocrx_word' id='word_1_46' title='bbox 878 1019 1142 1079; x_wconf 80' lang='lat' dir='ltr'><strong>conatur</strong></span> <span class='ocrx_word' id='word_1_47' title='bbox 1202 1013 1376 1078; x_wconf 90' lang='lat' dir='ltr'><strong>idem</strong></span> <span class='ocrx_word' id='word_1_48' title='bbox 1394 1061 1411 1092; x_wconf 90' lang='lat'>‚</span> <span class='ocrx_word' id='word_1_49' title='bbox 1483 1019 1549 1079; x_wconf 84' lang='lat' dir='ltr'><strong>et</strong></span> <span class='ocrx_word' id='word_1_50' title='bbox 1616 1015 1753 1099; x_wconf 88' lang='lat' dir='ltr'><strong>ipse</strong></span> <span class='ocrx_word' id='word_1_51' title='bbox 1823 1011 2164 1078; x_wconf 76' lang='lat' dir='ltr'><strong>infeliciter</strong></span> <span class='ocrx_word' id='word_1_52' title='bbox 2231 1010 2594 1076; x_wconf 82' lang='lat' dir='ltr'><strong>admodum.</strong></span> 
     </span>
     <span class='ocr_line' id='line_1_8' title="bbox 233 1113 2601 1198; baseline 0.002 -19"><span class='ocrx_word' id='word_1_53' title='bbox 233 1113 481 1184; x_wconf 87' lang='lat' dir='ltr'><strong>Omnino</strong></span> <span class='ocrx_word' id='word_1_54' title='bbox 549 1121 622 1182; x_wconf 89' lang='lat' dir='ltr'><strong>in</strong></span> <span class='ocrx_word' id='word_1_55' title='bbox 679 1119 889 1184; x_wconf 76' lang='lat' dir='ltr'><strong>tribus</strong></span> <span class='ocrx_word' id='word_1_56' title='bbox 948 1119 1313 1185; x_wconf 87' lang='lat' dir='ltr'><strong>consulibus</strong></span> <span class='ocrx_word' id='word_1_57' title='bbox 1373 1119 1650 1197; x_wconf 86' lang='lat' dir='ltr'><strong>Licinio,</strong></span> <span class='ocrx_word' id='word_1_58' title='bbox 1712 1119 1995 1185; x_wconf 80' lang='lat' dir='ltr'><strong>Hostilio</strong></span> <span class='ocrx_word' id='word_1_59' title='bbox 2011 1167 2028 1198; x_wconf 87' lang='lat'>‚</span> <span class='ocrx_word' id='word_1_60' title='bbox 2091 1117 2338 1184; x_wconf 84' lang='lat' dir='ltr'><strong>Marcio</strong></span> <span class='ocrx_word' id='word_1_61' title='bbox 2384 1115 2601 1183; x_wconf 87' lang='lat' dir='ltr'><strong>nullae</strong></span> 
     </span>
     <span class='ocr_line' id='line_1_9' title="bbox 234 1223 2601 1311; baseline -0.001 -23"><span class='ocrx_word' id='word_1_62' title='bbox 234 1230 390 1288; x_wconf 80' lang='lat' dir='ltr'><strong>erant</strong></span> <span class='ocrx_word' id='word_1_63' title='bbox 446 1227 906 1310; x_wconf 76' lang='lat' dir='ltr'><strong>imperatoriae</strong></span> <span class='ocrx_word' id='word_1_64' title='bbox 958 1230 1127 1292; x_wconf 77' lang='lat' dir='ltr'><strong>artes</strong></span> <span class='ocrx_word' id='word_1_65' title='bbox 1143 1274 1161 1303; x_wconf 89' lang='lat'><em>,</em></span> <span class='ocrx_word' id='word_1_66' title='bbox 1211 1233 1276 1291; x_wconf 78' lang='lat' dir='ltr'><strong>et</strong></span> <span class='ocrx_word' id='word_1_67' title='bbox 1321 1225 1530 1292; x_wconf 87' lang='lat' dir='ltr'><strong>multo</strong></span> <span class='ocrx_word' id='word_1_68' title='bbox 1574 1226 1723 1311; x_wconf 90' lang='lat' dir='ltr'><strong>plus</strong></span> <span class='ocrx_word' id='word_1_69' title='bbox 1769 1226 1989 1292; x_wconf 88' lang='lat' dir='ltr'><strong>damni</strong></span> <span class='ocrx_word' id='word_1_70' title='bbox 2034 1231 2100 1290; x_wconf 80' lang='lat' dir='ltr'><strong>et</strong></span> <span class='ocrx_word' id='word_1_71' title='bbox 2144 1223 2428 1291; x_wconf 86' lang='lat' dir='ltr'><strong>cladium</strong></span> <span class='ocrx_word' id='word_1_72' title='bbox 2474 1225 2601 1308; x_wconf 89' lang='lat' dir='ltr'><strong>ipsi</strong></span> 
     </span>
     <span class='ocr_line' id='line_1_10' title="bbox 232 1329 2603 1416; baseline 0 -22"><span class='ocrx_word' id='word_1_73' title='bbox 232 1337 596 1415; x_wconf 81' lang='lat' dir='ltr'><strong>aeceperunt</strong></span> <span class='ocrx_word' id='word_1_74' title='bbox 662 1351 858 1416; x_wconf 87' lang='lat' dir='ltr'><strong>quam</strong></span> <span class='ocrx_word' id='word_1_75' title='bbox 925 1330 1155 1398; x_wconf 88' lang='lat' dir='ltr'><strong>Perseo</strong></span> <span class='ocrx_word' id='word_1_76' title='bbox 1224 1338 1291 1398; x_wconf 78' lang='lat' dir='ltr'><strong>et</strong></span> <span class='ocrx_word' id='word_1_77' title='bbox 1355 1331 1814 1398; x_wconf 73' lang='lat' dir='ltr'><strong>Macedonibus</strong></span> <span class='ocrx_word' id='word_1_78' title='bbox 1880 1331 2257 1397; x_wconf 81' lang='lat' dir='ltr'><strong>intulerunt.</strong></span> <span class='ocrx_word' id='word_1_79' title='bbox 2370 1329 2603 1395; x_wconf 77' lang='lat' dir='ltr'><strong>Merito</strong></span> 
     </span>
     <span class='ocr_line' id='line_1_11' title="bbox 229 1434 2606 1525; baseline 0 -26"><span class='ocrx_word' id='word_1_80' title='bbox 229 1434 531 1522; x_wconf 79' lang='lat' dir='ltr'><strong>gloriatur</strong></span> <span class='ocrx_word' id='word_1_81' title='bbox 592 1437 922 1504; x_wconf 81' lang='lat' dir='ltr'><strong>Aemilius</strong></span> <span class='ocrx_word' id='word_1_82' title='bbox 980 1437 1224 1503; x_wconf 88' lang='lat' dir='ltr'><strong>Paulus</strong></span> <span class='ocrx_word' id='word_1_83' title='bbox 1286 1437 1483 1503; x_wconf 86' lang='lat' dir='ltr'><strong>XLV.</strong></span> <span class='ocrx_word' id='word_1_84' title='bbox 1551 1437 1660 1503; x_wconf 84' lang='lat'><strong>41.</strong></span> <span class='ocrx_word' id='word_1_85' title='bbox 1711 1437 1789 1503; x_wconf 84' lang='lat'><strong>5:</strong></span> <span class='ocrx_word' id='word_1_86' title='bbox 1851 1440 2019 1525; x_wconf 78' lang='lat' dir='ltr'><strong>quod</strong></span> <span class='ocrx_word' id='word_1_87' title='bbox 2062 1437 2282 1502; x_wconf 80' lang='lat' dir='ltr'><strong>bellum</strong></span> <span class='ocrx_word' id='word_1_88' title='bbox 2332 1473 2414 1485; x_wconf 94' lang='lat'><strong>—</strong></span> <span class='ocrx_word' id='word_1_89' title='bbox 2463 1448 2606 1500; x_wconf 80' lang='lat' dir='ltr'><strong>ante</strong></span> 
     </span>
     <span class='ocr_line' id='line_1_12' title="bbox 230 1545 2603 1632; baseline 0 -26"><span class='ocrx_word' id='word_1_90' title='bbox 230 1566 315 1606; x_wconf 86' lang='lat' dir='ltr'><strong>me</strong></span> <span class='ocrx_word' id='word_1_91' title='bbox 364 1546 637 1610; x_wconf 76' lang='lat' dir='ltr'><strong>consules</strong></span> <span class='ocrx_word' id='word_1_92' title='bbox 696 1548 791 1609; x_wconf 80' lang='lat' dir='ltr'><strong>ita</strong></span> <span class='ocrx_word' id='word_1_93' title='bbox 840 1558 1155 1630; x_wconf 73' lang='lat' dir='ltr'><strong>yesserunt</strong></span> <span class='ocrx_word' id='word_1_94' title='bbox 1196 1558 1267 1610; x_wconf 81' lang='lat' dir='ltr'><strong>ut</strong></span> <span class='ocrx_word' id='word_1_95' title='bbox 1313 1547 1552 1632; x_wconf 74' lang='lat' dir='ltr'><strong>semper</strong></span> <span class='ocrx_word' id='word_1_96' title='bbox 1594 1548 1922 1610; x_wconf 79' lang='lat' dir='ltr'><strong>successori</strong></span> <span class='ocrx_word' id='word_1_97' title='bbox 1964 1547 2278 1610; x_wconf 76' lang='lat' dir='ltr'><strong>traderent</strong></span> <span class='ocrx_word' id='word_1_98' title='bbox 2316 1545 2570 1629; x_wconf 76' lang='lat' dir='ltr'><strong>yravius</strong></span> <span class='ocrx_word' id='word_1_99' title='bbox 2585 1589 2603 1618; x_wconf 85' lang='lat'>,</span> 
     </span>
     <span class='ocr_line' id='line_1_13' title="bbox 228 1648 2606 1739; baseline 0.001 -27"><span class='ocrx_word' id='word_1_100' title='bbox 228 1650 291 1711; x_wconf 78' lang='lat' dir='ltr'><strong>id</strong></span> <span class='ocrx_word' id='word_1_101' title='bbox 327 1672 432 1734; x_wconf 72' lang='lat' dir='ltr'><strong>eqo</strong></span> <span class='ocrx_word' id='word_1_102' title='bbox 477 1654 831 1737; x_wconf 78' lang='lat' dir='ltr'><strong>quindecim</strong></span> <span class='ocrx_word' id='word_1_103' title='bbox 875 1653 1082 1716; x_wconf 78' lang='lat' dir='ltr'><strong>diebus</strong></span> <span class='ocrx_word' id='word_1_104' title='bbox 1118 1653 1376 1739; x_wconf 75' lang='lat' dir='ltr'><strong>perfeci.</strong></span> <span class='ocrx_word' id='word_1_105' title='bbox 1441 1650 1623 1731; x_wconf 84' lang='lat' dir='ltr'><strong>Quod</strong></span> <span class='ocrx_word' id='word_1_106' title='bbox 1671 1650 1985 1737; x_wconf 83' lang='lat' dir='ltr'><strong>Polybius</strong></span> <span class='ocrx_word' id='word_1_107' title='bbox 2034 1650 2191 1716; x_wconf 81' lang='lat' dir='ltr'><strong>dicit</strong></span> <span class='ocrx_word' id='word_1_108' title='bbox 2236 1649 2406 1735; x_wconf 81' lang='lat' dir='ltr'><strong>apud</strong></span> <span class='ocrx_word' id='word_1_109' title='bbox 2452 1648 2606 1714; x_wconf 88' lang='lat' dir='ltr'><strong>Dio·</strong></span> 
     </span>
     <span class='ocr_line' id='line_1_14' title="bbox 228 1743 2608 1837; baseline 0 -19"><span class='ocrx_word' id='word_1_110' title='bbox 228 1754 432 1819; x_wconf 87' lang='lat' dir='ltr'><strong>dorum</strong></span> <span class='ocrx_word' id='word_1_111' title='bbox 498 1756 797 1823; x_wconf 84' lang='lat' dir='ltr'><strong>Siculum</strong></span> <span class='ocrx_word' id='word_1_112' title='bbox 846 1743 1066 1822; x_wconf 80' lang='lat' dir='ltr'><strong>XXX.</strong></span> <span class='ocrx_word' id='word_1_113' title='bbox 1117 1757 1226 1823; x_wconf 82' lang='lat'><strong>21.</strong></span> <span class='ocrx_word' id='word_1_114' title='bbox 1275 1756 1354 1822; x_wconf 82' lang='lat'><strong>2:</strong></span> <span class='ocrx_word' id='word_1_115' title='bbox 1405 1759 1493 1834; x_wconf 68' lang='grc' dir='ltr'><strong>μὴ</strong></span> <span class='ocrx_word' id='word_1_116' title='bbox 1542 1756 1898 1837; x_wconf 71' lang='grc' dir='ltr'><strong><em>θαυμάζειν·</em></strong></span> <span class='ocrx_word' id='word_1_117' title='bbox 1928 1765 2055 1830; x_wconf 78' lang='grc' dir='ltr'><strong>πῶς</strong></span> <span class='ocrx_word' id='word_1_118' title='bbox 2104 1758 2608 1833; x_wconf 75' lang='grc' dir='ltr'><strong><em>κατεπολεμήθη-</em></strong></span> 
     </span>
     <span class='ocr_line' id='line_1_15' title="bbox 229 1860 2608 1943; baseline 0.001 -21"><span class='ocrx_word' id='word_1_119' title='bbox 229 1883 332 1924; x_wconf 73' lang='grc' dir='ltr'><strong>σαν</strong></span> <span class='ocrx_word' id='word_1_120' title='bbox 376 1864 428 1926; x_wconf 71' lang='grc' dir='ltr'><strong>οἱ</strong></span> <span class='ocrx_word' id='word_1_121' title='bbox 475 1861 840 1935; x_wconf 72' lang='grc' dir='ltr'><strong><em>Μακεδόνες</em></strong></span> <span class='ocrx_word' id='word_1_122' title='bbox 891 1861 1007 1927; x_wconf 72' lang='grc' dir='ltr'><strong>ὑπὸ</strong></span> <span class='ocrx_word' id='word_1_123' title='bbox 1052 1863 1369 1940; x_wconf 70' lang='grc' dir='ltr'><strong>Ῥωμαίων</strong></span> <span class='ocrx_word' id='word_1_124' title='bbox 1415 1865 1568 1929; x_wconf 70' lang='grc' dir='ltr'><strong>ἀλλ’</strong></span> <span class='ocrx_word' id='word_1_125' title='bbox 1615 1860 1776 1936; x_wconf 73' lang='grc' dir='ltr'><strong>ὅπως</strong></span> <span class='ocrx_word' id='word_1_126' title='bbox 1822 1869 2122 1943; x_wconf 68' lang='grc' dir='ltr'><strong><em>τετραετῆ</em></strong></span> <span class='ocrx_word' id='word_1_127' title='bbox 2169 1861 2381 1942; x_wconf 77' lang='grc' dir='ltr'><strong><em>χρόνον</em></strong></span> <span class='ocrx_word' id='word_1_128' title='bbox 2429 1860 2608 1927; x_wconf 71' lang='grc' dir='ltr'><strong><em>ἀντέ-</em></strong></span> 
     </span>
     <span class='ocr_line' id='line_1_16' title="bbox 228 1967 2607 2050; baseline 0.001 -21"><span class='ocrx_word' id='word_1_129' title='bbox 228 1989 367 2046; x_wconf 77' lang='grc' dir='ltr'><strong><em>σχον</em></strong></span> <span class='ocrx_word' id='word_1_130' title='bbox 411 1975 683 2035; x_wconf 76' lang='grc' dir='ltr'><strong><em>τοιοῦτον</em></strong></span> <span class='ocrx_word' id='word_1_131' title='bbox 732 1968 982 2050; x_wconf 78' lang='grc' dir='ltr'><strong><em>ἔχοντες</em></strong></span> <span class='ocrx_word' id='word_1_132' title='bbox 1030 1969 1312 2047; x_wconf 71' lang='grc' dir='ltr'><strong>ἡγεμόνα</strong></span> <span class='ocrx_word' id='word_1_133' title='bbox 1331 2018 1349 2048; x_wconf 84' lang='lat'><em>,</em></span> <span class='ocrx_word' id='word_1_134' title='bbox 1399 1989 1525 2035; x_wconf 88' lang='lat' dir='ltr'><strong>nou</strong></span> <span class='ocrx_word' id='word_1_135' title='bbox 1571 1976 1708 2034; x_wconf 79' lang='lat' dir='ltr'><strong>erat</strong></span> <span class='ocrx_word' id='word_1_136' title='bbox 1743 1969 1812 2033; x_wconf 86' lang='lat' dir='ltr'><strong>id</strong></span> <span class='ocrx_word' id='word_1_137' title='bbox 1852 1969 2196 2034; x_wconf 85' lang='lat' dir='ltr'><strong>admodum</strong></span> <span class='ocrx_word' id='word_1_138' title='bbox 2239 1967 2607 2032; x_wconf 84' lang='lat' dir='ltr'><strong>mirandum</strong></span> 
     </span>
     <span class='ocr_line' id='line_1_17' title="bbox 231 2072 2608 2160; baseline -0 -22"><span class='ocrx_word' id='word_1_139' title='bbox 231 2079 512 2160; x_wconf 84' lang='lat' dir='ltr'><strong>quoniam</strong></span> <span class='ocrx_word' id='word_1_140' title='bbox 561 2078 1003 2143; x_wconf 85' lang='lat' dir='ltr'><strong>Romanorum</strong></span> <span class='ocrx_word' id='word_1_141' title='bbox 1051 2075 1337 2142; x_wconf 86' lang='lat' dir='ltr'><strong>consules</strong></span> <span class='ocrx_word' id='word_1_142' title='bbox 1382 2097 1507 2141; x_wconf 92' lang='lat' dir='ltr'><strong>non</strong></span> <span class='ocrx_word' id='word_1_143' title='bbox 1553 2082 1735 2141; x_wconf 82' lang='lat' dir='ltr'><strong>erant</strong></span> <span class='ocrx_word' id='word_1_144' title='bbox 1772 2074 1982 2140; x_wconf 75' lang='lat' dir='ltr'><strong>multo</strong></span> <span class='ocrx_word' id='word_1_145' title='bbox 2017 2074 2329 2141; x_wconf 87' lang='lat' dir='ltr'><strong>meliores.</strong></span> <span class='ocrx_word' id='word_1_146' title='bbox 2384 2072 2608 2158; x_wconf 77' lang='lat' dir='ltr'><strong>Itaque</strong></span> 
     </span>
     <span class='ocr_line' id='line_1_18' title="bbox 231 2180 2606 2268; baseline 0 -24"><span class='ocrx_word' id='word_1_147' title='bbox 231 2180 497 2249; x_wconf 77' lang='lat' dir='ltr'><strong>Marcius</strong></span> <span class='ocrx_word' id='word_1_148' title='bbox 534 2185 874 2249; x_wconf 77' lang='lat' dir='ltr'><strong>temerario</strong></span> <span class='ocrx_word' id='word_1_149' title='bbox 910 2185 1160 2268; x_wconf 77' lang='lat' dir='ltr'><strong>incepto</strong></span> <span class='ocrx_word' id='word_1_150' title='bbox 1197 2203 1312 2268; x_wconf 86' lang='lat' dir='ltr'><strong>per</strong></span> <span class='ocrx_word' id='word_1_151' title='bbox 1333 2185 1541 2248; x_wconf 86' lang='lat' dir='ltr'><strong>invios</strong></span> <span class='ocrx_word' id='word_1_152' title='bbox 1564 2181 1767 2247; x_wconf 86' lang='lat' dir='ltr'><strong>saltus</strong></span> <span class='ocrx_word' id='word_1_153' title='bbox 1789 2181 2197 2247; x_wconf 86' lang='lat' dir='ltr'><strong>inenarrabili</strong></span> <span class='ocrx_word' id='word_1_154' title='bbox 2219 2180 2433 2246; x_wconf 88' lang='lat' dir='ltr'><strong>labore</strong></span> <span class='ocrx_word' id='word_1_155' title='bbox 2456 2200 2606 2245; x_wconf 92' lang='lat' dir='ltr'><strong>cum</strong></span> 
     </span>
     <span class='ocr_line' id='line_1_19' title="bbox 235 2286 2610 2374; baseline -0.001 -22"><span class='ocrx_word' id='word_1_156' title='bbox 235 2289 401 2354; x_wconf 84' lang='lat' dir='ltr'><strong>ruina</strong></span> <span class='ocrx_word' id='word_1_157' title='bbox 441 2293 885 2355; x_wconf 83' lang='lat' dir='ltr'><strong>iumentorum</strong></span> <span class='ocrx_word' id='word_1_158' title='bbox 942 2291 1458 2374; x_wconf 83' lang='lat' dir='ltr'><strong>sarcinarumque</strong></span> <span class='ocrx_word' id='word_1_159' title='bbox 1518 2290 1588 2352; x_wconf 90' lang='lat' dir='ltr'><strong>in</strong></span> <span class='ocrx_word' id='word_1_160' title='bbox 1656 2287 2090 2354; x_wconf 82' lang='lat' dir='ltr'><strong>Macedoniam</strong></span> <span class='ocrx_word' id='word_1_161' title='bbox 2158 2286 2484 2352; x_wconf 78' lang='lat' dir='ltr'><strong>descendit</strong></span> <span class='ocrx_word' id='word_1_162' title='bbox 2544 2292 2610 2350; x_wconf 84' lang='lat' dir='ltr'><strong>et</strong></span> 
     </span>
     <span class='ocr_line' id='line_1_20' title="bbox 236 2392 2610 2483; baseline -0.001 -25"><span class='ocrx_word' id='word_1_163' title='bbox 236 2401 442 2477; x_wconf 84' lang='lat' dir='ltr'><strong>quarto</strong></span> <span class='ocrx_word' id='word_1_164' title='bbox 504 2396 612 2462; x_wconf 83' lang='lat' dir='ltr'><strong>die</strong></span> <span class='ocrx_word' id='word_1_165' title='bbox 679 2396 1011 2483; x_wconf 82' lang='lat' dir='ltr'><strong>degressus</strong></span> <span class='ocrx_word' id='word_1_166' title='bbox 1053 2397 1123 2459; x_wconf 91' lang='lat' dir='ltr'><strong>in</strong></span> <span class='ocrx_word' id='word_1_167' title='bbox 1169 2416 1423 2480; x_wconf 85' lang='lat' dir='ltr'><strong>campos</strong></span> <span class='ocrx_word' id='word_1_168' title='bbox 1466 2398 1636 2460; x_wconf 78' lang='lat' dir='ltr'><strong>inter</strong></span> <span class='ocrx_word' id='word_1_169' title='bbox 1679 2393 2067 2460; x_wconf 88' lang='lat' dir='ltr'><strong>Heracleum</strong></span> <span class='ocrx_word' id='word_1_170' title='bbox 2120 2398 2184 2459; x_wconf 81' lang='lat' dir='ltr'><strong>et</strong></span> <span class='ocrx_word' id='word_1_171' title='bbox 2230 2392 2610 2458; x_wconf 82' lang='lat' dir='ltr'><strong>Libethrum</strong></span> 
     </span>
     <span class='ocr_line' id='line_1_21' title="bbox 238 2497 2613 2588; baseline -0.002 -23"><span class='ocrx_word' id='word_1_172' title='bbox 238 2504 432 2583; x_wconf 85' lang='lat' dir='ltr'><strong>posuit</strong></span> <span class='ocrx_word' id='word_1_173' title='bbox 500 2508 711 2568; x_wconf 80' lang='lat' dir='ltr'><strong>castra</strong></span> <span class='ocrx_word' id='word_1_174' title='bbox 776 2499 1001 2566; x_wconf 84' lang='lat' dir='ltr'><strong>XLIV.</strong></span> <span class='ocrx_word' id='word_1_175' title='bbox 1068 2500 1131 2566; x_wconf 73' lang='lat'><strong>5,</strong></span> <span class='ocrx_word' id='word_1_176' title='bbox 1230 2501 1497 2567; x_wconf 84' lang='lat' dir='ltr'><strong>Perseus</strong></span> <span class='ocrx_word' id='word_1_177' title='bbox 1559 2501 1815 2588; x_wconf 78' lang='lat' dir='ltr'><strong>cognito</strong></span> <span class='ocrx_word' id='word_1_178' title='bbox 1866 2500 2079 2566; x_wconf 82' lang='lat' dir='ltr'><strong>hostes</strong></span> <span class='ocrx_word' id='word_1_179' title='bbox 2143 2499 2357 2566; x_wconf 87' lang='lat' dir='ltr'><strong>adesse</strong></span> <span class='ocrx_word' id='word_1_180' title='bbox 2405 2497 2613 2563; x_wconf 77' lang='lat' dir='ltr'><strong>veluti</strong></span> 
     </span>
     <span class='ocr_line' id='line_1_22' title="bbox 237 2604 2609 2699; baseline -0 -29"><span class='ocrx_word' id='word_1_181' title='bbox 237 2616 433 2673; x_wconf 76' lang='lat' dir='ltr'><strong>mente</strong></span> <span class='ocrx_word' id='word_1_182' title='bbox 492 2616 721 2693; x_wconf 75' lang='lat' dir='ltr'><strong>captus</strong></span> <span class='ocrx_word' id='word_1_183' title='bbox 777 2611 1111 2693; x_wconf 88' lang='lat' dir='ltr'><strong>pecuniam</strong></span> <span class='ocrx_word' id='word_1_184' title='bbox 1171 2608 1240 2672; x_wconf 91' lang='lat' dir='ltr'><strong>in</strong></span> <span class='ocrx_word' id='word_1_185' title='bbox 1302 2628 1478 2672; x_wconf 85' lang='lat' dir='ltr'><strong>mare</strong></span> <span class='ocrx_word' id='word_1_186' title='bbox 1535 2609 1762 2692; x_wconf 90' lang='lat' dir='ltr'><strong>proiici</strong></span> <span class='ocrx_word' id='word_1_187' title='bbox 1825 2606 2037 2699; x_wconf 80' lang='lat' dir='ltr'><strong>iubet,</strong></span> <span class='ocrx_word' id='word_1_188' title='bbox 2104 2612 2169 2671; x_wconf 79' lang='lat' dir='ltr'><strong>et</strong></span> <span class='ocrx_word' id='word_1_189' title='bbox 2213 2604 2468 2670; x_wconf 82' lang='lat' dir='ltr'><strong>navalia</strong></span> <span class='ocrx_word' id='word_1_190' title='bbox 2514 2607 2609 2669; x_wconf 87' lang='lat' dir='ltr'><strong>in·</strong></span> 
     </span>
     <span class='ocr_line' id='line_1_23' title="bbox 240 2711 2618 2800; baseline -0.001 -23"><span class='ocrx_word' id='word_1_191' title='bbox 240 2715 405 2778; x_wconf 79' lang='lat' dir='ltr'><strong>cendi</strong></span> <span class='ocrx_word' id='word_1_192' title='bbox 442 2736 718 2800; x_wconf 90' lang='lat' dir='ltr'><strong>suosque</strong></span> <span class='ocrx_word' id='word_1_193' title='bbox 753 2735 973 2780; x_wconf 88' lang='lat' dir='ltr'><strong>omnes</strong></span> <span class='ocrx_word' id='word_1_194' title='bbox 1012 2735 1087 2779; x_wconf 84' lang='lat' dir='ltr'><strong>ex</strong></span> <span class='ocrx_word' id='word_1_195' title='bbox 1124 2715 1451 2799; x_wconf 84' lang='lat' dir='ltr'><strong>praesidiis</strong></span> <span class='ocrx_word' id='word_1_196' title='bbox 1488 2718 1743 2779; x_wconf 80' lang='lat' dir='ltr'><strong>revocat</strong></span> <span class='ocrx_word' id='word_1_197' title='bbox 1778 2733 2121 2797; x_wconf 89' lang='lat' dir='ltr'><strong>omnesque</strong></span> <span class='ocrx_word' id='word_1_198' title='bbox 2160 2711 2372 2776; x_wconf 81' lang='lat' dir='ltr'><strong>aditus</strong></span> <span class='ocrx_word' id='word_1_199' title='bbox 2408 2713 2618 2794; x_wconf 80' lang='lat' dir='ltr'><strong>aperit</strong></span> 
     </span>
     <span class='ocr_line' id='line_1_24' title="bbox 241 2819 2613 2908; baseline -0.002 -22"><span class='ocrx_word' id='word_1_200' title='bbox 241 2820 407 2888; x_wconf 87' lang='lat' dir='ltr'><strong>bello.</strong></span> <span class='ocrx_word' id='word_1_201' title='bbox 476 2824 709 2907; x_wconf 80' lang='lat' dir='ltr'><strong>Itaque</strong></span> <span class='ocrx_word' id='word_1_202' title='bbox 776 2843 931 2908; x_wconf 79' lang='lat' dir='ltr'><strong>quae</strong></span> <span class='ocrx_word' id='word_1_203' title='bbox 997 2822 1307 2886; x_wconf 75' lang='lat' dir='ltr'><strong>temeritas</strong></span> <span class='ocrx_word' id='word_1_204' title='bbox 1372 2821 1635 2884; x_wconf 76' lang='lat' dir='ltr'><strong>consulis</strong></span> <span class='ocrx_word' id='word_1_205' title='bbox 1703 2821 1901 2884; x_wconf 77' lang='lat' dir='ltr'><strong>videri</strong></span> <span class='ocrx_word' id='word_1_206' title='bbox 1951 2822 2255 2906; x_wconf 80' lang='lat' dir='ltr'><strong>potuisset</strong></span> <span class='ocrx_word' id='word_1_207' title='bbox 2318 2819 2485 2904; x_wconf 74' lang='lat' dir='ltr'><strong>quod</strong></span> <span class='ocrx_word' id='word_1_208' title='bbox 2545 2838 2613 2881; x_wconf 86' lang='lat' dir='ltr'><strong>eo</strong></span> 
     </span>
     <span class='ocr_line' id='line_1_25' title="bbox 239 2923 2617 3013; baseline -0.004 -17"><span class='ocrx_word' id='word_1_209' title='bbox 239 2934 607 3013; x_wconf 70' lang='lat' dir='ltr'><strong>processisset</strong></span> <span class='ocrx_word' id='word_1_210' title='bbox 666 2931 825 2993; x_wconf 77' lang='lat' dir='ltr'><strong>unde</strong></span> <span class='ocrx_word' id='word_1_211' title='bbox 868 2930 1057 2992; x_wconf 80' lang='lat' dir='ltr'><strong>invito</strong></span> <span class='ocrx_word' id='word_1_212' title='bbox 1101 2927 1269 2993; x_wconf 83' lang='lat' dir='ltr'><strong>hoste</strong></span> <span class='ocrx_word' id='word_1_213' title='bbox 1313 2929 1555 3012; x_wconf 72' lang='lat' dir='ltr'><strong>reyredi</strong></span> <span class='ocrx_word' id='word_1_214' title='bbox 1596 2932 1872 3013; x_wconf 70' lang='lat' dir='ltr'><strong>nequiret</strong></span> <span class='ocrx_word' id='word_1_215' title='bbox 1897 2973 1912 3001; x_wconf 89' lang='lat'>‚</span> <span class='ocrx_word' id='word_1_216' title='bbox 1964 2948 2099 2990; x_wconf 85' lang='lat' dir='ltr'><strong>eam</strong></span> <span class='ocrx_word' id='word_1_217' title='bbox 2144 2948 2268 2989; x_wconf 79' lang='lat' dir='ltr'><strong>non</strong></span> <span class='ocrx_word' id='word_1_218' title='bbox 2314 2923 2617 2988; x_wconf 76' lang='lat' dir='ltr'><strong>inconsul-</strong></span> 
     </span>
     <span class='ocr_line' id='line_1_26' title="bbox 243 3030 2618 3120; baseline -0.001 -23"><span class='ocrx_word' id='word_1_219' title='bbox 243 3046 356 3099; x_wconf 84' lang='lat' dir='ltr'><strong>tam</strong></span> <span class='ocrx_word' id='word_1_220' title='bbox 397 3039 729 3103; x_wconf 74' lang='lat' dir='ltr'><strong>audaciam</strong></span> <span class='ocrx_word' id='word_1_221' title='bbox 764 3035 933 3120; x_wconf 70' lang='lat' dir='ltr'><strong>fec-it.</strong></span> <span class='ocrx_word' id='word_1_222' title='bbox 989 3033 1176 3098; x_wconf 82' lang='lat' dir='ltr'><strong>Livio</strong></span> <span class='ocrx_word' id='word_1_223' title='bbox 1218 3034 1456 3098; x_wconf 77' lang='lat' dir='ltr'><strong>fatente</strong></span> <span class='ocrx_word' id='word_1_224' title='bbox 1502 3031 1697 3096; x_wconf 84' lang='lat' dir='ltr'><strong>XLV.</strong></span> <span class='ocrx_word' id='word_1_225' title='bbox 1750 3030 1812 3096; x_wconf 88' lang='lat'><strong>6.</strong></span> <span class='ocrx_word' id='word_1_226' title='bbox 1864 3030 1942 3108; x_wconf 78' lang='lat'><strong>63</strong></span> <span class='ocrx_word' id='word_1_227' title='bbox 1993 3033 2051 3095; x_wconf 80' lang='lat' dir='ltr'><strong>si</strong></span> <span class='ocrx_word' id='word_1_228' title='bbox 2093 3035 2224 3095; x_wconf 73' lang='lat' dir='ltr'><strong>dux</strong></span> <span class='ocrx_word' id='word_1_229' title='bbox 2269 3033 2618 3118; x_wconf 71' lang='lat' dir='ltr'><strong>intrepidus</strong></span> 
     </span>
     <span class='ocr_line' id='line_1_27' title="bbox 244 3138 2617 3231; baseline -0.001 -28"><span class='ocrx_word' id='word_1_230' title='bbox 244 3138 293 3203; x_wconf 89' lang='lat' dir='ltr'><strong>X</strong></span> <span class='ocrx_word' id='word_1_231' title='bbox 335 3145 461 3208; x_wconf 79' lang='lat' dir='ltr'><strong>dies</strong></span> <span class='ocrx_word' id='word_1_232' title='bbox 512 3145 800 3231; x_wconf 76' lang='lat' dir='ltr'><strong>primam</strong></span> <span class='ocrx_word' id='word_1_233' title='bbox 856 3143 1109 3227; x_wconf 70' lang='lat' dir='ltr'><strong>speciem</strong></span> <span class='ocrx_word' id='word_1_234' title='bbox 1154 3142 1724 3227; x_wconf 78' lang='lat' dir='ltr'><strong>appropinquantis</strong></span> <span class='ocrx_word' id='word_1_235' title='bbox 1771 3141 2029 3203; x_wconf 74' lang='lat' dir='ltr'><strong>terroris</strong></span> <span class='ocrx_word' id='word_1_236' title='bbox 2078 3140 2466 3202; x_wconf 80' lang='lat' dir='ltr'><strong>sustinuisset</strong></span> <span class='ocrx_word' id='word_1_237' title='bbox 2511 3159 2617 3201; x_wconf 83' lang='lat' dir='ltr'><strong>ne-</strong></span> 
     </span>
     <span class='ocr_line' id='line_1_28' title="bbox 247 3244 2617 3337; baseline -0.002 -25"><span class='ocrx_word' id='word_1_238' title='bbox 247 3269 342 3330; x_wconf 71' lang='lat' dir='ltr'><strong>que</strong></span> <span class='ocrx_word' id='word_1_239' title='bbox 385 3262 660 3337; x_wconf 71' lang='lat' dir='ltr'><strong>receptus</strong></span> <span class='ocrx_word' id='word_1_240' title='bbox 704 3247 1008 3312; x_wconf 68' lang='lat' dir='ltr'><strong>Romanis</strong></span> <span class='ocrx_word' id='word_1_241' title='bbox 1047 3267 1165 3334; x_wconf 78' lang='lat' dir='ltr'><strong>per</strong></span> <span class='ocrx_word' id='word_1_242' title='bbox 1224 3245 1443 3333; x_wconf 82' lang='lat' dir='ltr'><strong>Tempe</strong></span> <span class='ocrx_word' id='word_1_243' title='bbox 1487 3249 1554 3309; x_wconf 82' lang='lat' dir='ltr'><strong>in</strong></span> <span class='ocrx_word' id='word_1_244' title='bbox 1612 3244 1988 3309; x_wconf 71' lang='lat' dir='ltr'><strong>Thessaliam</strong></span> <span class='ocrx_word' id='word_1_245' title='bbox 2034 3265 2220 3330; x_wconf 78' lang='lat' dir='ltr'><strong>neque</strong></span> <span class='ocrx_word' id='word_1_246' title='bbox 2265 3244 2617 3308; x_wconf 82' lang='lat' dir='ltr'><strong>commeati-</strong></span> 
     </span>
     <span class='ocr_line' id='line_1_29' title="bbox 247 3349 2622 3444; baseline -0.001 -27"><span class='ocrx_word' id='word_1_247' title='bbox 247 3351 341 3417; x_wconf 75' lang='lat' dir='ltr'><strong>bus</strong></span> <span class='ocrx_word' id='word_1_248' title='bbox 390 3356 790 3444; x_wconf 73' lang='lat' dir='ltr'><strong>pervehendis</strong></span> <span class='ocrx_word' id='word_1_249' title='bbox 841 3357 1150 3442; x_wconf 81' lang='lat' dir='ltr'><strong>patuisset</strong></span> <span class='ocrx_word' id='word_1_250' title='bbox 1211 3355 1348 3417; x_wconf 79' lang='lat' dir='ltr'><strong>iter.</strong></span> <span class='ocrx_word' id='word_1_251' title='bbox 1446 3351 1674 3436; x_wconf 78' lang='lat' dir='ltr'><strong>ltaque</strong></span> <span class='ocrx_word' id='word_1_252' title='bbox 1737 3356 1911 3415; x_wconf 81' lang='lat' dir='ltr'><strong>totus</strong></span> <span class='ocrx_word' id='word_1_253' title='bbox 1959 3349 2396 3416; x_wconf 86' lang='lat' dir='ltr'><strong>Romanorum</strong></span> <span class='ocrx_word' id='word_1_254' title='bbox 2445 3371 2622 3415; x_wconf 83' lang='lat' dir='ltr'><strong>exer-</strong></span> 
     </span>
     <span class='ocr_line' id='line_1_30' title="bbox 252 3456 2622 3546; baseline 0 -26"><span class='ocrx_word' id='word_1_255' title='bbox 252 3460 398 3526; x_wconf 78' lang='lat' dir='ltr'><strong>citus</strong></span> <span class='ocrx_word' id='word_1_256' title='bbox 440 3463 659 3546; x_wconf 85' lang='lat' dir='ltr'><strong>inopia</strong></span> <span class='ocrx_word' id='word_1_257' title='bbox 705 3458 951 3525; x_wconf 80' lang='lat' dir='ltr'><strong>deletus</strong></span> <span class='ocrx_word' id='word_1_258' title='bbox 996 3459 1222 3523; x_wconf 79' lang='lat' dir='ltr'><strong>fuisset</strong></span> <span class='ocrx_word' id='word_1_259' title='bbox 1269 3465 1333 3524; x_wconf 83' lang='lat' dir='ltr'><strong>et</strong></span> <span class='ocrx_word' id='word_1_260' title='bbox 1380 3459 1669 3522; x_wconf 81' lang='lat' dir='ltr'><strong>hostium</strong></span> <span class='ocrx_word' id='word_1_261' title='bbox 1714 3456 1997 3522; x_wconf 80' lang='lat' dir='ltr'><strong>stultitia</strong></span> <span class='ocrx_word' id='word_1_262' title='bbox 2044 3462 2109 3521; x_wconf 79' lang='lat' dir='ltr'><strong>et</strong></span> <span class='ocrx_word' id='word_1_263' title='bbox 2154 3458 2430 3544; x_wconf 81' lang='lat' dir='ltr'><strong>segnitia</strong></span> <span class='ocrx_word' id='word_1_264' title='bbox 2480 3475 2622 3521; x_wconf 91' lang='lat' dir='ltr'><strong>con-</strong></span> 
     </span>
     <span class='ocr_line' id='line_1_31' title="bbox 252 3562 2623 3650; baseline -0.001 -20"><span class='ocrx_word' id='word_1_265' title='bbox 252 3565 363 3630; x_wconf 79' lang='lat' dir='ltr'><strong>suli</strong></span> <span class='ocrx_word' id='word_1_266' title='bbox 426 3568 626 3634; x_wconf 83' lang='lat' dir='ltr'><strong>saluti</strong></span> <span class='ocrx_word' id='word_1_267' title='bbox 688 3567 815 3631; x_wconf 84' lang='lat' dir='ltr'><strong>fuit</strong></span> <span class='ocrx_word' id='word_1_268' title='bbox 875 3563 1098 3630; x_wconf 89' lang='lat' dir='ltr'><strong>XLIV.</strong></span> <span class='ocrx_word' id='word_1_269' title='bbox 1170 3565 1232 3632; x_wconf 83' lang='lat'><strong>7.</strong></span> <span class='ocrx_word' id='word_1_270' title='bbox 1294 3564 1466 3629; x_wconf 86' lang='lat' dir='ltr'><strong>Hinc</strong></span> <span class='ocrx_word' id='word_1_271' title='bbox 1519 3566 1588 3627; x_wconf 92' lang='lat' dir='ltr'><strong>in</strong></span> <span class='ocrx_word' id='word_1_272' title='bbox 1646 3562 2092 3629; x_wconf 85' lang='lat' dir='ltr'><strong>Macedoniam</strong></span> <span class='ocrx_word' id='word_1_273' title='bbox 2139 3583 2509 3650; x_wconf 89' lang='lat' dir='ltr'><strong>progressus</strong></span> <span class='ocrx_word' id='word_1_274' title='bbox 2558 3568 2623 3628; x_wconf 81' lang='lat' dir='ltr'><strong>et</strong></span> 
     </span>
     <span class='ocr_line' id='line_1_32' title="bbox 254 3669 2618 3762; baseline -0.002 -24"><span class='ocrx_word' id='word_1_275' title='bbox 254 3688 537 3755; x_wconf 74' lang='lat' dir='ltr'><strong>quantum</strong></span> <span class='ocrx_word' id='word_1_276' title='bbox 576 3676 928 3762; x_wconf 78' lang='lat' dir='ltr'><strong>procederet</strong></span> <span class='ocrx_word' id='word_1_277' title='bbox 972 3673 1210 3757; x_wconf 71' lang='lat' dir='ltr'><strong>lonyius</strong></span> <span class='ocrx_word' id='word_1_278' title='bbox 1255 3695 1296 3735; x_wconf 84' lang='lat' dir='ltr'><strong>a</strong></span> <span class='ocrx_word' id='word_1_279' title='bbox 1354 3669 1667 3734; x_wconf 67' lang='lat' dir='ltr'><strong>slhessalia</strong></span> <span class='ocrx_word' id='word_1_280' title='bbox 1727 3692 1793 3734; x_wconf 87' lang='lat' dir='ltr'><strong>eo</strong></span> <span class='ocrx_word' id='word_1_281' title='bbox 1857 3673 2153 3734; x_wconf 82' lang='lat' dir='ltr'><strong>maiorem</strong></span> <span class='ocrx_word' id='word_1_282' title='bbox 2215 3692 2425 3734; x_wconf 74' lang='lat' dir='ltr'><strong>rerum</strong></span> <span class='ocrx_word' id='word_1_283' title='bbox 2489 3693 2618 3734; x_wconf 89' lang='lat' dir='ltr'><strong>om·</strong></span> 
     </span>
     <span class='ocr_line' id='line_1_33' title="bbox 256 3775 2622 3868; baseline -0 -28"><span class='ocrx_word' id='word_1_284' title='bbox 256 3780 409 3843; x_wconf 76' lang='lat' dir='ltr'><strong>nium</strong></span> <span class='ocrx_word' id='word_1_285' title='bbox 454 3783 734 3868; x_wconf 76' lang='lat' dir='ltr'><strong>inopiam</strong></span> <span class='ocrx_word' id='word_1_286' title='bbox 780 3782 1037 3844; x_wconf 71' lang='lat' dir='ltr'><strong>sentiens</strong></span> <span class='ocrx_word' id='word_1_287' title='bbox 1082 3800 1388 3863; x_wconf 58' lang='lat' dir='ltr'><strong>reymessus</strong></span> <span class='ocrx_word' id='word_1_288' title='bbox 1434 3779 1520 3841; x_wconf 88' lang='lat' dir='ltr'><strong>ad</strong></span> <span class='ocrx_word' id='word_1_289' title='bbox 1563 3776 1768 3840; x_wconf 81' lang='lat' dir='ltr'><strong>Dium</strong></span> <span class='ocrx_word' id='word_1_290' title='bbox 1806 3788 1892 3840; x_wconf 80' lang='lat' dir='ltr'><strong>est</strong></span> <span class='ocrx_word' id='word_1_291' title='bbox 1929 3776 2305 3841; x_wconf 79' lang='lat' dir='ltr'><strong>dubitatione</strong></span> <span class='ocrx_word' id='word_1_292' title='bbox 2344 3775 2622 3841; x_wconf 80' lang='lat' dir='ltr'><strong>omnibus</strong></span> 
     </span>
     <span class='ocr_line' id='line_1_34' title="bbox 258 3883 2624 3974; baseline -0.002 -23"><span class='ocrx_word' id='word_1_293' title='bbox 258 3901 471 3953; x_wconf 66' lang='lat' dir='ltr'><strong>eaeemta</strong></span> <span class='ocrx_word' id='word_1_294' title='bbox 531 3889 686 3974; x_wconf 78' lang='lat' dir='ltr'><strong>quid</strong></span> <span class='ocrx_word' id='word_1_295' title='bbox 743 3886 1066 3950; x_wconf 76' lang='lat' dir='ltr'><strong>intercluso</strong></span> <span class='ocrx_word' id='word_1_296' title='bbox 1112 3886 1189 3948; x_wconf 83' lang='lat' dir='ltr'><strong>ab</strong></span> <span class='ocrx_word' id='word_1_297' title='bbox 1250 3884 1563 3948; x_wconf 77' lang='lat' dir='ltr'><strong>Thessalia</strong></span> <span class='ocrx_word' id='word_1_298' title='bbox 1600 3885 1966 3970; x_wconf 79' lang='lat' dir='ltr'><strong>patiendum</strong></span> <span class='ocrx_word' id='word_1_299' title='bbox 2006 3883 2238 3968; x_wconf 80' lang='lat' dir='ltr'><strong>fuisset</strong></span> <span class='ocrx_word' id='word_1_300' title='bbox 2257 3930 2273 3961; x_wconf 88' lang='lat'>‚</span> <span class='ocrx_word' id='word_1_301' title='bbox 2320 3885 2419 3947; x_wconf 81' lang='lat' dir='ltr'><strong>cui</strong></span> <span class='ocrx_word' id='word_1_302' title='bbox 2477 3905 2624 3970; x_wconf 79' lang='lat' dir='ltr'><strong>pro-</strong></span> 
     </span>
    </p>
   </div>
   <div class='ocr_carea' id='block_1_3' title="bbox 267 4096 579 4116">
    <p class='ocr_par' dir='ltr' id='par_1_3' title="bbox 267 4096 579 4116">
     <span class='ocr_line' id='line_1_35' title="bbox 267 4096 579 4116; baseline 0 901"><span class='ocrx_word' id='word_1_303' title='bbox 267 4096 579 4116; x_wconf 95' lang='lat' dir='ltr'><strong> </strong></span> 
     </span>
    </p>
   </div>
   <div class='ocr_carea' id='block_1_4' title="bbox 266 4241 2626 4398">
    <p class='ocr_par' dir='ltr' id='par_1_4' title="bbox 266 4241 2626 4398">
     <span class='ocr_line' id='line_1_36' title="bbox 318 4241 2626 4312; baseline -0.002 -16"><span class='ocrx_word' id='word_1_304' title='bbox 318 4243 366 4308; x_wconf 83' lang='lat' dir='ltr'><strong>l)</strong></span> <span class='ocrx_word' id='word_1_305' title='bbox 409 4248 633 4311; x_wconf 82' lang='lat' dir='ltr'><strong>Polybius</strong></span> <span class='ocrx_word' id='word_1_306' title='bbox 684 4248 811 4312; x_wconf 84' lang='lat' dir='ltr'><strong>apud</strong></span> <span class='ocrx_word' id='word_1_307' title='bbox 864 4247 1125 4296; x_wconf 83' lang='lat' dir='ltr'><strong>Diodorum</strong></span> <span class='ocrx_word' id='word_1_308' title='bbox 1166 4244 1381 4294; x_wconf 85' lang='lat' dir='ltr'><strong>Siculum</strong></span> <span class='ocrx_word' id='word_1_309' title='bbox 1420 4242 1593 4294; x_wconf 83' lang='lat' dir='ltr'><strong>XXX.</strong></span> <span class='ocrx_word' id='word_1_310' title='bbox 1633 4243 1699 4291; x_wconf 88' lang='grc'><strong>10</strong></span> <span class='ocrx_word' id='word_1_311' title='bbox 1733 4243 1790 4291; x_wconf 87' lang='lat' dir='ltr'><strong>de</strong></span> <span class='ocrx_word' id='word_1_312' title='bbox 1825 4259 1880 4292; x_wconf 86' lang='lat' dir='ltr'><strong>ea</strong></span> <span class='ocrx_word' id='word_1_313' title='bbox 1917 4259 1968 4291; x_wconf 84' lang='lat' dir='ltr'><strong>re</strong></span> <span class='ocrx_word' id='word_1_314' title='bbox 2001 4241 2194 4292; x_wconf 75' lang='lat' dir='ltr'><strong>scribit:</strong></span> <span class='ocrx_word' id='word_1_315' title='bbox 2235 4248 2452 4304; x_wconf 72' lang='grc' dir='ltr'><strong><em>κραυγῆς</em></strong></span> <span class='ocrx_word' id='word_1_316' title='bbox 2487 4245 2626 4303; x_wconf 80' lang='grc' dir='ltr'><strong><em>μόνον</em></strong></span> 
     </span>
     <span class='ocr_line' id='line_1_37' title="bbox 266 4321 2626 4398; baseline -0.001 -12"><span class='ocrx_word' id='word_1_317' title='bbox 266 4321 311 4377; x_wconf 56' lang='grc' dir='ltr'><strong>ἦν</strong></span> <span class='ocrx_word' id='word_1_318' title='bbox 359 4336 494 4398; x_wconf 71' lang='grc' dir='ltr'><strong><em>χρεία</em></strong></span> <span class='ocrx_word' id='word_1_319' title='bbox 546 4337 629 4385; x_wconf 75' lang='grc' dir='ltr'><strong>καὶ</strong></span> <span class='ocrx_word' id='word_1_320' title='bbox 677 4334 965 4395; x_wconf 64' lang='grc' dir='ltr'><strong>σάλπιγγος</strong></span> <span class='ocrx_word' id='word_1_321' title='bbox 1012 4335 1079 4392; x_wconf 79' lang='grc' dir='ltr'><strong>εἷς</strong></span> <span class='ocrx_word' id='word_1_322' title='bbox 1130 4334 1190 4383; x_wconf 81' lang='grc' dir='ltr'><strong>τὸ</strong></span> <span class='ocrx_word' id='word_1_323' title='bbox 1241 4335 1333 4392; x_wconf 71' lang='grc' dir='ltr'><strong>τὴν</strong></span> <span class='ocrx_word' id='word_1_324' title='bbox 1388 4333 1595 4395; x_wconf 59' lang='lat' dir='ltr'><strong>qens-eh</strong></span> <span class='ocrx_word' id='word_1_325' title='bbox 1647 4336 1746 4380; x_wconf 71' lang='grc' dir='ltr'><strong>τῶν</strong></span> <span class='ocrx_word' id='word_1_326' title='bbox 1783 4331 2026 4391; x_wconf 69' lang='grc' dir='ltr'><strong>πολεμίων</strong></span> <span class='ocrx_word' id='word_1_327' title='bbox 2063 4327 2233 4392; x_wconf 70' lang='grc' dir='ltr'><strong><em>λαβεῖν</em></strong></span> <span class='ocrx_word' id='word_1_328' title='bbox 2269 4331 2597 4396; x_wconf 69' lang='grc' dir='ltr'><strong>αἰχμάλωτον</strong></span> <span class='ocrx_word' id='word_1_329' title='bbox 2613 4373 2626 4393; x_wconf 83' lang='grc'><em>,</em></span> 
     </span>
    </p>
   </div>
   <div class='ocr_carea' id='block_1_5' title="bbox 267 4418 1791 4489">
    <p class='ocr_par' dir='ltr' id='par_1_5' title="bbox 267 4418 1791 4489">
     <span class='ocr_line' id='line_1_38' title="bbox 267 4418 1791 4489; baseline -0.005 -12"><span class='ocrx_word' id='word_1_330' title='bbox 267 4426 681 4489; x_wconf 61' lang='lat' dir='ltr'><strong>“pmcn-fabum</strong></span> <span class='ocrx_word' id='word_1_331' title='bbox 717 4429 767 4476; x_wconf 75' lang='grc' dir='ltr'><strong>ἰν</strong></span> <span class='ocrx_word' id='word_1_332' title='bbox 804 4421 1022 4489; x_wconf 71' lang='grc' dir='ltr'><strong>κρημνοῖς</strong></span> <span class='ocrx_word' id='word_1_333' title='bbox 1062 4424 1146 4473; x_wconf 70' lang='grc' dir='ltr'><strong>καὶ</strong></span> <span class='ocrx_word' id='word_1_334' title='bbox 1182 4420 1400 4487; x_wconf 72' lang='grc' dir='ltr'><strong>φάραγξι</strong></span> <span class='ocrx_word' id='word_1_335' title='bbox 1438 4418 1791 4484; x_wconf 50' lang='lat' dir='ltr'><strong>ducein-staec.</strong></span> 
     </span>
    </p>
   </div>
  </div>
 </body>
</html>
