3192 5017
1391 337 1612 386 mos.
2609 295 2695 385 &a

295 502 664 582 ψευσμένα,
726 527 932 573 nonne
990 514 1143 574 sunt
1201 509 1532 575 mendacia
1592 509 1750 573 haec
1815 507 2092 573 Aemilio
2147 506 2358 575 Probo
2404 507 2699 595 digniora

296 630 494 694 quam
543 611 914 682 doctissimo
961 617 1264 701 scriptore
1312 614 1634 681 Ciceronis
1683 621 1747 680 et
1793 614 2002 679 Attici
2048 614 2299 699 aequali
2347 621 2411 681 et
2447 612 2695 679 amico?

300 715 622 783 Binckius
682 727 759 783 ut
815 723 1099 786 vinceret
1160 723 1318 785 vitas
1361 722 1774 786 excellentium
1819 721 2237 803 imperatorum
2285 741 2441 786 aevo
2487 719 2696 786 'Pheo-

301 824 566 889 dosiano
627 826 707 891 ab
769 827 1028 893 homine
1093 849 1218 893 non
1283 828 1718 892 eruditissimo
1780 848 1913 892 esse
1960 826 2260 892 conflatas
2311 830 2700 893 accusatorie

301 937 368 994 et
419 930 540 993 ὑπό
586 956 647 997 τι
699 941 1164 1011 συκοφαντικῶς
1216 933 1482 1021 collegit
1527 953 1767 999 errores
1806 951 1992 999 omne
2033 954 2236 1020 genus
2277 943 2340 999 et
2378 937 2705 1021 graviores

302 1042 369 1100 et
434 1043 682 1104 tenues·
778 1040 903 1105 Sed
965 1041 1339 1107 huiusmodi
1403 1039 1773 1117 πλάσματα
1838 1045 1902 1104 et
1964 1038 2473 1119 σιτιιροικούοηιιοιτονρ
2538 1040 2708 1126 apud

302 1142 755 1211 doctissimum
805 1168 1121 1233 quemque
1166 1146 1603 1212 Romanorum
1651 1150 1780 1212 iam
1823 1145 1956 1211 illis
1995 1147 2389 1232 temporibus
2411 1155 2703 1233 paratam

302 1251 719 1317 inveniebant
767 1251 976 1318 fidem.
1031 1252 1354 1340 Graviter·¹
1381 1259 1549 1319 errat
1591 1253 1805 1337 Nepos
1853 1253 1930 1318 de
1978 1252 2279 1319 Miltiade
2325 1257 2395 1318 in
2431 1253 2709 1320 vinculis

301 1355 586 1442 publicis
631 1368 925 1436 mortu03
973 1360 1180 1425 nihilo
1226 1362 1443 1424 minus
1490 1361 1802 1446 impingit
1848 1355 2069 1425 Cicero
2116 1361 2191 1424 de
2236 1360 2390 1444 Bep.
2436 1359 2487 1426 I.
2537 1360 2600 1425 3.
2641 1360 2704 1425 5.

303 1465 402 1527 ita
456 1465 774 1529 scribens:
840 1467 1188 1531 Miltiadem
1251 1467 1528 1530 victorem
1591 1466 2042 1550 domitoremque
2084 1467 2405 1530 Persarum
2450 1470 2709 1532 nondum

305 1569 549 1632 sanatis
612 1571 961 1634 vulneribus
1022 1573 1104 1634 iis
1125 1619 1140 1647 ,
1188 1594 1339 1657 quac
1385 1593 1624 1655 corpore
1669 1572 1918 1635 adverso
1963 1578 2029 1635 in
2076 1572 2409 1636 clarissima
2453 1573 2708 1639 victoria

296 1682 616 1759 accepisset
635 1724 652 1752 ‚
700 1682 882 1740 vitam
941 1699 1013 1740 ea:
1064 1678 1318 1742 hostium
1367 1678 1506 1740 telis
1550 1685 1842 1741 servatam
1888 1682 1954 1740 iu
2000 1678 2215 1741 civium
2262 1679 2520 1742 vinculis
2560 1701 2706 1762 pro-

297 1782 560 1848 fudisse.
660 1780 1031 1849 Bellissima
1104 1805 1254 1849 sane
1323 1789 1420 1849 est
1489 1783 1825 1849 antithesis
1889 1806 1962 1846 ea.-
2021 1784 2277 1847 hostium
2340 1785 2480 1848 telis
2538 1790 2604 1850 et
2640 1791 2707 1849 iot

294 1889 520 1953 civium
563 1890 826 1954 vinculis
871 1890 980 1955 sed
1025 1911 1104 1955 ne
1149 1890 1422 1956 verbum
1469 1889 1731 1975 quidem
1780 1892 1848 1954 in
1898 1889 1999 1954 his
2049 1910 2272 1955 verum
2313 1896 2443 1968 est,
2487 1892 2706 1957 πάντα

299 1996 357 2060 δ’
413 1997 630 2074 ὁμοίως
679 1999 1094 2073 κατέψευςαι.
1188 1996 1411 2082 Neque
1459 1998 1634 2062 enim
1680 1994 2011 2061 Miltiades
2049 1995 2429 2062 Marathone
2468 1996 2706 2065 vulnus

304 2105 556 2188 accepit
600 2122 806 2187 neque
850 2105 921 2167 in
968 2101 1226 2168 vincula
1271 2105 1599 2168 coniectus
1645 2107 1765 2170 est.

394 2206 612 2273 Simul
673 2214 935 2294 apparet
993 2230 1071 2274 ex
1130 2209 1235 2274 his
1295 2208 1679 2274 commentis
1724 2214 1789 2274 et
1835 2208 2183 2275 mendaciis
2229 2230 2425 2295 quam
2463 2210 2703 2277 fuerint

309 2317 527 2404 ignari
596 2335 813 2379 rerum
883 2318 1293 2402 antiquarum
1361 2320 1428 2380 et
1495 2317 1943 2380 institutorum
2005 2322 2070 2380 et
2129 2317 2288 2380 iuris
2349 2324 2414 2383 et
2474 2316 2699 2405 legum

304 2422 677 2486 Atticarum
741 2425 854 2507 qui
919 2423 1076 2488 haec
1123 2422 1200 2488 de
1248 2441 1363 2487 suo
1408 2419 1746 2487 finxerunt.
1798 2420 1924 2486 Fac
1970 2420 2339 2487 Miltiadem
2385 2426 2701 2509 quinqua-

300 2530 493 2615 ginta
553 2527 795 2593 talenta
856 2548 1061 2613 neque
1122 2549 1200 2593 ex
1261 2530 1396 2593 suis
1456 2528 1640 2594 bonis
1702 2548 1905 2613 neque
1953 2528 2177 2607 ἐράνοις
2228 2531 2583 2594 amicorum
2632 2534 2700 2596 in

298 2637 663 2720 praesentia
724 2634 967 2701 solvere
1027 2635 1343 2720 potuisse,
1406 2633 1560 2720 quid
1623 2640 1765 2698 tum
1828 2630 2085 2719 postea?
2145 2634 2323 2700 Num
2379 2655 2590 2702 carcer
2634 2643 2701 2702 et

297 2737 604 2805 catenae?
666 2740 942 2806 Minime
1001 2743 1336 2829 gentium,
1406 2741 1516 2806 sed
1573 2743 1701 2805 nisi
1746 2740 1845 2804 ἐπὶ
1894 2748 2006 2814 τῆς
2056 2740 2277 2814 ἐνάτης
2327 2744 2698 2821 πρυτανείας

299 2846 599 2911 debitum
668 2851 909 2912 aerario
971 2847 1309 2913 solvissent
1370 2847 1637 2926 (Andoc.
1703 2868 1850 2934 pag.
1919 2847 2035 2924 10,
2090 2846 2198 2932 17)
2250 2844 2463 2923 ἄτιμοι
2513 2845 2693 2923 ἦσαν.

298 2952 533 3037 Itaque
599 2957 776 3018 omni
838 2956 977 3020 iure
1038 2953 1298 3039 publico
1361 2963 1643 3018 carentes
1685 2955 1932 3018 ⁴miseri
2002 2954 2700 3042 circumambulabant,

297 3059 472 3144 qnod
536 3058 756 3125 liberis
802 3060 1176 3125 hominibus
1224 3060 1380 3125 satis
1429 3067 1566 3125 erat
1614 3079 1865 3145 poenae.
1944 3059 2077 3125 Lex
2124 3066 2291 3125 erat:
2340 3062 2482 3135 τοὺς
2531 3064 2702 3143 ὀφεί-

297 3181 527 3237 λοντας
594 3169 678 3246 τῷ
739 3167 1003 3246 δημοσίῳ
1069 3167 1192 3230 δεῖν
1257 3164 1511 3242 μηδενὸς
1577 3167 1877 3245 μετέχειν
1939 3172 2057 3230 τῶν
2114 3172 2314 3230 κοινῶν
2361 3167 2530 3251 apud
2578 3167 2703 3234 De-

294 3273 707 3339 mosthenem
777 3293 923 3361 pag.
1005 3271 1200 3338 1326.
1275 3273 1354 3337 cf.
1428 3271 1737 3337 Isocrates
1803 3292 1949 3359 pag.
2019 3270 2153 3337 234
2215 3291 2278 3336 e:
2352 3274 2701 3355 ἀτιμότεροι

296 3380 727 3459 περιέρχονται
779 3416 862 3428 -
913 3385 1030 3444 τῶν
1078 3377 1449 3460 ὀφειλόντων
1497 3379 1582 3457 τῷ
1644 3379 1932 3460 δημοσίῳ.
1995 3377 2417 3444 Manifestum
2477 3388 2574 3446 est
2639 3390 2705 3448 et

295 3484 673 3553 Ciceronem
723 3490 787 3549 et
833 3484 1147 3570 Nepotem
1196 3484 1537 3550 credidisse
1571 3482 1942 3549 Miltiadem
1985 3504 2057 3549 ac
2099 3484 2327 3550 deinde
2367 3485 2700 3554 Cimonem

294 3595 367 3656 in
431 3611 771 3660 carcerem,
809 3590 1004 3656 fuisse
1067 3594 1383 3657 coniectos
1431 3597 1497 3655 et
1543 3592 1612 3655 in
1657 3589 1935 3655 vinculis
1980 3590 2234 3655 habitos
2282 3593 2361 3657 ad
2409 3593 2578 3659 hunc
2625 3595 2701 3658 fi-

294 3719 448 3763 nem
496 3697 704 3782 quoad
751 3696 1030 3762 multam
1073 3697 1430 3782 solvissent,
1468 3696 1577 3761 sed
1621 3695 1820 3761 simul
1858 3697 2275 3762 manifestum
2316 3706 2412 3763 est
2450 3706 2703 3766 utrum-

294 3825 423 3890 que
472 3803 696 3890 legum
744 3804 1117 3869 Atticarum
1168 3807 1464 3892 ignarum
1510 3806 1580 3867 in
1631 3824 1706 3869 ea
1744 3822 1811 3868 re
1858 3803 2269 3869 vehementer
2313 3825 2541 3873 errare.

390 4014 461 4081 Si
524 4014 680 4102 quid
738 4015 970 4100 Nepoti
1018 4016 1378 4089 credimus.
1436 4015 1773 4082 Miltiades
1819 4019 2087 4082 crimine
2135 4016 2327 4083 Pario
2372 4024 2703 4085 accusatus
2755 4001 2760 4007 ’

295 4131 431 4207 est,
480 4124 589 4187 ced
630 4124 762 4185 alia
793 4123 942 4206 fuit
991 4145 1174 4187 cauea
1221 4119 1646 4187 damnationis.
1707 4122 2089 4188 Metuebant
2135 4128 2306 4189 enim
2355 4126 2700 4191 Athenien-

296 4251 399 4297 ses
460 4250 539 4295 ne
587 4228 992 4315 tyrannidem
1044 4228 1393 4294 affectaret:
1444 4249 1674 4314 nempe
1723 4234 1786 4292 in
1836 4229 2131 4294 Miltiade
2178 4242 2310 4294 erat
2358 4269 2440 4279 —
2487 4255 2699 4314 rna-qna

295 4337 630 4402 auctoritas
694 4337 859 4418 apud
917 4358 1111 4399 omnes
1174 4336 1482 4413 civitatee,
1549 4337 1748 4399 nobile
1809 4358 2049 4410 nomen,
2100 4337 2237 4401 laus
2282 4343 2372 4402 rei
2415 4339 2700 4403 militarie

298 4450 574 4509 κατοίσω.
636 4442 807 4508 Haec
842 4443 1103 4527 populus
1147 4443 1470 4526 respiciens
1514 4442 1734 4506 maluit
1781 4465 1908 4506 eum
1955 4448 2260 4508 innoxium
2294 4446 2486 4528 plecti
2527 4469 2698 4530 quam
