3192 5017
1219 321 1687 372 amnem.
2522 298 2654 368 207

257 498 354 562 καὶ
414 494 623 577 παρὼν
690 497 800 561 διὰ
865 494 1079 566 τέλους
1141 495 1243 560 καὶ
1309 497 1494 560 συνών
1558 518 1660 572 μοι
1722 502 1847 568 τοῖς
1899 499 2012 575 μὲν
2062 497 2313 577 πρώτοις
2370 497 2474 563 καὶ
2527 504 2653 568 τοῖς

258 603 516 685 ῧςερον
582 601 805 681 λόγοις
868 610 992 676 τοῖς
1057 606 1163 668 τοῦ
1228 599 1551 682 ανθρώπου
1599 602 1965 686 συνεφέρετο
2010 604 2086 674 ὥς
2139 601 2443 677 ἀληθέσιν
2497 605 2656 684 εἰρη-

255 709 442 788 μένοις
500 747 581 760 —-
632 710 748 776 δια
809 710 1019 782 τέλους
1090 708 1215 789 γάρ
1287 733 1368 785 με
1433 707 1712 788 ἀπέλυε,
1774 718 1902 782 τοῖς
1969 710 2023 775 δ’
2089 711 2191 775 ἐπὶ
2257 715 2364 775 τοῦ
2431 714 2656 791 τροχοῦ

256 816 601 895 λεγομένοις
658 855 753 866 -
798 817 1027 888 τούτοις
1094 816 1157 880 δὲ
1220 814 1552 897 διεφέρετο.
1604 815 1869 888 Servus.
1923 837 2114 903 quem
2161 817 2267 881 hic
2313 822 2502 884 vocat
2550 817 2652 882 τὸν

258 921 563 1003 ἄνθρωπον
583 971 600 1001 ,
671 926 962 1009 primum
1024 943 1207 988 reum
1267 923 1669 988 innocentem
1730 944 1863 988 esse
1923 924 2199 1000 dixerat,
2256 929 2395 988 tum
2446 923 2655 990 caedis

256 1050 389 1095 eum
451 1037 913 1099 accusaverat,
975 1035 1293 1116 postremo
1346 1031 1585 1094 iterum
1633 1029 1856 1115 culpae
1901 1031 2260 1096 immunem
2308 1051 2442 1096 esse
2491 1029 2656 1096 affir-

258 1143 565 1213 maverat,
610 1142 695 1201 ut
719 1136 1012 1222 pluribus
1036 1143 1244 1202 orator
1263 1138 1555 1222 exposuit
1580 1138 1650 1200 in
1674 1139 2056 1225 praegressis
2079 1138 2115 1222 ξ
2142 1137 2251 1222 40,
2276 1139 2490 1223 itaque
2513 1137 2575 1202 h.
2611 1136 2655 1201 l.

257 1245 574 1328 scripsisse
616 1243 973 1309 censendus
1011 1249 1107 1309 est
1142 1251 1264 1313 τοῖς
1305 1242 1416 1318 μὲν
1458 1245 1709 1322 πρώτοις
1749 1243 2004 1314 καὶτοῖς
2050 1242 2198 1312 ὑετοὶ
2218 1266 2384 1316 τοις
2426 1240 2658 1322 λόγοις.

339 1347 523 1429 Quod
617 1363 842 1415 autem
929 1349 1033 1414 hic
1103 1348 1181 1413 de
1249 1347 1451 1413 libero
1521 1368 1770 1435 quoque
1840 1350 2095 1415 homine
2166 1371 2277 1436 per
2345 1356 2659 1416 tormenta

258 1459 537 1539 quaestio
603 1456 837 1522 habita
898 1477 1032 1521 esse
1094 1456 1330 1521 dicitur
1350 1505 1368 1534 ,
1432 1456 1500 1520 id
1566 1456 1733 1541 quod
1795 1458 1934 1521 iure
1996 1458 2214 1523 Attico
2259 1476 2382 1522 non
2431 1455 2622 1522 fiebat
2643 1506 2661 1541 ,

262 1561 426 1645 (vide
499 1583 537 1626 e
614 1563 852 1628 multis
912 1561 1069 1628 locis
1133 1564 1337 1647 ipsius
1396 1562 1810 1647 Antiphontis
1871 1563 2315 1628 testimonium
2368 1562 2502 1644 περὶ
2555 1567 2662 1627 τοῦ

261 1672 549 1746 χορευτοῦ
618 1670 659 1754 ξ
705 1668 847 1753 25),
917 1671 1007 1735 sic
1054 1668 1537 1754 explicandum,
1585 1669 1754 1754 quod
1805 1689 1878 1734 ea
1924 1672 2210 1754 quaestio
2257 1670 2478 1735 habita
2523 1688 2660 1735 esse

261 1774 513 1839 videtur
562 1775 924 1863 Mytilenae
946 1822 962 1852 ‚
1011 1795 1137 1840 non
1188 1776 1470 1840 Athenis.
1543 1774 1786 1841 Eodem
1833 1775 2035 1842 refero
2085 1776 2249 1861 quod
2298 1777 2333 1861 ᾗ
2383 1773 2469 1840 63
2517 1795 2663 1840 nar·

264 1884 432 1943 ratur
475 1881 782 1968 Lycinna
830 1882 1197 1962 ὑπερήμερος
1246 1879 1571 1959 γενόμενος
1624 1881 1788 1945 ἑπτὰ
1852 1887 2014 1959 μνῶν
2075 1878 2330 1955 δεθῆναι
2393 1882 2496 1946 καὶ
2551 1895 2666 1945 λυ-

266 1983 578 2063 μανθῆναι
598 2039 617 2073 ,
682 1988 849 2074 quod
909 1994 1051 2075 post
1120 1986 1414 2053 Solonem
1482 2007 1608 2053 non
1679 1990 1891 2076 magis
1960 1987 2419 2074 permittebant
2487 1986 2664 2076 leges

274 2086 770 2160 Atheniensium
790 2144 808 2180 ,
856 2103 933 2159 ut
979 2094 1268 2160 arbitror.

353 2200 452 2264 Ad
503 2201 780 2268 eandem
830 2204 997 2267 servi
1043 2201 1479 2286 quaestionem
1529 2201 1847 2286 pertinent
1886 2221 2047 2286 quae
2109 2204 2281 2267 iusto
2332 2203 2660 2269 obscurius

276 2308 336 2368 et
374 2325 499 2371 non
546 2307 808 2397 integro
855 2328 1143 2375 sermone
1189 2306 1493 2372 dicuntur
1535 2309 1572 2392 ξ
1619 2307 1704 2371 55
1752 2307 1894 2372 τότε
1948 2309 2063 2386 μὲν
2107 2310 2234 2390 γὰρ
2283 2307 2449 2374 οὔπω
2513 2306 2667 2374 οὕτω

276 2408 725 2494 ἐμεμηχάνητο
771 2416 1020 2485 αὐτοῖς·
1074 2414 1281 2489 ἐπειδὴ
1328 2412 1385 2478 δ’
1434 2415 1462 2477 ὃ
1512 2411 1829 2493 ἄνθρωπος
1882 2415 1934 2500 [ὃ
1984 2416 2368 2497 πρότερος
2407 2417 2672 2497 βασα-

279 2520 607 2608 νισθεὶς]
662 2522 826 2587 οὐδὲν
872 2518 1057 2599 ἔλεγε
1103 2523 1246 2586 κατ’
1296 2521 1483 2600 ἐμοῦ,
1535 2517 1679 2585 τότε
1725 2519 2166 2600 εἶσβοὶλλουσιν
2213 2525 2296 2596 εἰς
2344 2525 2414 2590 τὸ
2456 2533 2667 2589 πλοῖον

283 2623 342 2687 τὸ
387 2628 929 2713 γραμματείδιον,
976 2627 1074 2694 ἵνα
1123 2625 1327 2710 ταύτῃ
1374 2629 1441 2705 γ’
1491 2625 1691 2707 ἔχοιεν
1740 2628 1870 2704 ἐμοὶ
1921 2630 2031 2703 την
2077 2630 2289 2695 αἰτίαν
2339 2631 2667 2713 ἐπιφέρειν,

283 2731 477 2809 ἐπειδὴ
544 2734 605 2801 δ’
673 2735 1020 2812 ἀνεγνώσθη
1086 2733 1157 2799 τὸ
1217 2733 1712 2812 γραμματείδιον
1775 2734 1881 2798 καὶ
1929 2733 1957 2799 ὃ
2017 2732 2283 2822 [vespm]
2330 2733 2665 2818 βασανιζό-

286 2861 450 2911 μενος
496 2843 566 2906 οὗ
617 2840 982 2921 συνεφέρετο
1029 2841 1115 2920 τῷ
1162 2839 1674 2920 γραμματειδίῳ,
1727 2840 1930 2904 οὐκέτι
1976 2835 2091 2904 οἶόν
2144 2843 2202 2905 τ’
2247 2836 2313 2915 ἦν
2353 2843 2666 2923 ἀφανίσαι

288 2946 826 3025 τᾶναγνωσθέντα.
896 2950 946 3012 εἰ
1011 2947 1136 3027 γὰρ
1203 2946 1516 3024 ἡγήσαντο
1584 2946 1687 3010 τὸν
1734 2943 1925 3027 ἄνδρα
1977 2947 2206 3013 πείσειν
2255 2950 2379 3013 ἀπὸ
2427 2951 2665 3030 πρώτης

291 3051 806 3136 καταψεύδεσθαί
866 3078 1019 3131 μου,
1083 3056 1190 3119 οὐκ
1240 3050 1316 3117 ἄν
1364 3050 1506 3117 ποτ’
1560 3053 2039 3134 ἐμηχανήσαντο
2092 3057 2171 3119 τὰ
2226 3056 2286 3118 ἑν
2336 3057 2420 3136 τῷ
2466 3080 2671 3137 γραμ-

288 3162 601 3241 ματειδίῳ.
700 3160 866 3226 Nam
914 3182 949 3225 e
992 3160 1204 3225 verbis
1252 3162 1343 3225 sic
1390 3161 1679 3245 scriptis,
1732 3165 1808 3224 ut
1855 3161 2051 3249 vulgo
2098 3161 2442 3250 leguntur,
2485 3183 2674 3228 nemo

289 3282 404 3329 non
447 3267 685 3333 efficiat
729 3287 1081 3332 sermonem
1133 3285 1267 3331 esse
1315 3266 1392 3331 de
1438 3266 1687 3331 duobus
1735 3267 2105 3332 hominibus
2127 3318 2143 3346 ,
2195 3268 2272 3333 de
2319 3289 2500 3335 servo
2559 3269 2674 3336 illo

291 3376 347 3432 et
392 3373 467 3437 de
513 3375 751 3458 libero,
802 3358 1160 3458 dequibus
1202 3393 1393 3458 supra
1439 3372 1658 3460 agitur
1703 3373 1738 3457 ξ
1789 3371 1897 3436 42.
1947 3372 2255 3440 Attamen
2295 3382 2430 3441 tam
2471 3398 2549 3442 ex
2594 3378 2675 3442 iis

295 3495 439 3559 quae
482 3482 1016 3568 praegrediuntur
1058 3477 1204 3564 §54
1254 3498 1445 3564 quam
1495 3499 1571 3544 ex
1613 3478 1867 3544 ultimis
1908 3499 2126 3545 eorum
2170 3501 2332 3567 quae
2366 3482 2672 3569 adscripsi

294 3579 526 3669 liquido
587 3591 834 3651 constat
892 3588 1000 3673 agi
1066 3585 1143 3650 de
1205 3605 1331 3650 uno
1393 3584 1741 3670 eodemque
1805 3586 2097 3670 homine,
2164 3587 2241 3651 de
2302 3609 2513 3673 servo,
2563 3592 2674 3675 qui

298 3707 477 3772 quum
545 3695 732 3758 initio
803 3691 966 3756 nihil
1033 3711 1231 3779 grave
1293 3696 1511 3756 contra
1564 3711 1744 3756 reum
1809 3690 2213 3779 protulisset,
2278 3701 2669 3762 accusatores

298 3798 704 3887 confugerunt
748 3798 828 3863 ad
875 3796 1373 3883 componendam
1420 3796 1603 3863 illam
1651 3797 2030 3883 epistulam,
2079 3820 2306 3885 quarn,
2359 3801 2473 3866 ubi
2521 3822 2666 3869 cum

300 3900 371 3967 iis
413 3926 572 3991 quae
619 3905 844 3971 deinde
888 3905 1061 3970 idem
1108 3925 1328 3970 servus
1366 3906 1703 3969 tormentis
1744 3912 1997 3969 coactus
2038 3908 2347 3974 mentitus
2389 3914 2505 3987 est,
2548 3929 2671 3974 non

300 4013 637 4098 conspirare
696 4010 1174 4103 intellegerent,
1234 4010 1531 4077 lubenter
1574 4010 1990 4096 delevissent,
2038 4012 2148 4078 sed
2194 4016 2395 4082 semel
2443 4019 2669 4082 recita-

304 4119 420 4183 tam
485 4118 694 4185 delere
752 4138 876 4183 non
934 4124 1227 4204 poterant
1248 4166 1273 4213 ‚³
1328 4139 1531 4203 neque
1594 4119 1855 4183 omnino
1921 4140 2060 4184 eam
2131 4126 2631 4208 composuissent
2653 4174 2671 4209 ,

303 4222 351 4284 si
410 4228 631 4291 statim
701 4225 780 4291 ab
847 4226 1035 4289 initio
1097 4244 1353 4290 servum
1416 4224 1675 4290 tandem
1745 4228 2081 4291 tormentis
2142 4248 2465 4295 cessurum
2538 4252 2672 4297 esse

305 4332 712 4397 credidissent.
812 4330 1125 4411 Quoniam
1173 4332 1382 4418 igitur
1424 4330 1579 4395 haec
1626 4336 1722 4395 est
1767 4329 1890 4396 loci
1930 4336 2240 4399 sententia
2261 4383 2279 4418 ,
2318 4341 2668 4404 necessario

306 4431 550 4503 delenda
612 4444 762 4503 sunt
808 4457 968 4522 quae
1016 4436 1212 4502 verba
1257 4437 1506 4502 uncinis
1552 4434 1828 4521 inclusi,
1876 4437 2096 4504 addita
2142 4440 2221 4506 ab
2269 4460 2342 4507 eo
2389 4444 2502 4529 qui
2546 4443 2673 4511 loci
