3192 5017
1278 289 1639 340 ammas.
2526 270 2657 338 123

263 463 615 529 editoribus
671 464 740 528 in
787 467 1037 527 textum
1084 475 1373 547 receptae
1419 469 1568 526 sunt
1616 462 2091 530 emendationes
2115 511 2130 539 ,
2183 484 2405 530 vereor
2447 486 2538 531 ne
2574 467 2657 529 iis

266 573 501 637 vitium
569 568 736 634 ultro
807 586 1139 655 augeatur.
1233 570 1369 632 Aut
1429 569 1603 633 euim
1668 570 1936 654 probant
1980 566 2271 636 CANTBRI
2318 572 2656 638 inventum

266 701 344 755 γε
406 674 710 757 χρηστόν,
776 680 889 741 aut
951 694 1062 759 pro
1125 672 1439 755 ἄχρηστον
1499 674 1727 763 legunt
1789 675 2075 755 ἀρεστόν,
2139 681 2252 743 aut
2297 676 2424 743 alio
2467 676 2658 744 modo

265 782 657 870 adjectivum
722 781 1035 862 ἄχρηστον
1083 785 1353 846 tentant.
1448 780 1686 846 Melius
1732 781 2030 849 fecissent
2076 784 2131 848 si
2174 783 2295 849 hoc
2339 785 2656 850 intactum

265 889 697 976 reliquissent,
770 887 877 953 sed
950 907 1061 972 pro
1131 886 1335 951 κούδέν
1409 889 1837 953 restituissent
1898 889 2003 966 id,
2070 889 2238 974 quod
2302 893 2437 955 tam
2501 891 2661 956 bene

266 1003 686 1082 opponeretur
747 995 1085 1079 participio
1134 995 1327 1074 παρόν
1348 1040 1364 1070 ,
1412 1013 1604 1078 quam
1657 995 2047 1081 adjectivum
2093 992 2406 1075 ἄχρηστον
2451 995 2659 1082 adjec-

268 1105 403 1168 tivo
461 1105 766 1184 χρήσιμον
830 1102 1197 1186 oppositum
1261 1104 1376 1165 est.
1472 1098 1580 1164 Sic
1626 1105 1851 1166 natum
1903 1106 2067 1167 esset
2113 1101 2362 1167 dictum
2409 1122 2550 1169 acre
2597 1109 2662 1169 et

268 1208 565 1274 acerbum
585 1255 602 1286 ,
649 1207 993 1292 Euripideo
1040 1226 1216 1272 more
1262 1208 1699 1272 enunciatum.
1749 1206 2123 1295 Legendum
2173 1211 2346 1274 enim
2393 1213 2528 1275 est:

722 1313 882 1379 οἶοι-όν
929 1313 998 1390 γ’
1043 1312 1356 1394 ἄχρηστον
1404 1314 1538 1378 οὐδὲ
1583 1314 1889 1393 χρήσιμον
1934 1314 2143 1396 παρόν.

268 1420 385 1487 Est
448 1421 653 1509 igitur
716 1420 785 1485 id
847 1439 1051 1506 genus
1113 1420 1449 1484 hominum
1516 1421 2030 1487 diversissimum
2092 1421 2171 1487 ab
2221 1442 2293 1487 eo
2353 1425 2532 1501 vir0,
2584 1423 2663 1488 de

271 1547 399 1613 quo
447 1547 655 1593 sermo
704 1530 802 1593 est
849 1528 914 1590 in
964 1523 1161 1611 Supp.
1210 1522 1367 1602 867,
1417 1529 1529 1610 qui

725 1633 911 1715 Φίλος
957 1637 1016 1697 τ’
1061 1629 1307 1707 ἀληθὴς
1358 1628 1427 1706 ἦν
1473 1631 1684 1712 φΙλοις
1735 1634 2000 1714 παροῦσί
2045 1658 2115 1699 τε

725 1737 831 1805 καὶ
879 1739 968 1816 μὴ
1018 1742 1331 1817 παροῦσιν.
1427 1737 1528 1804 Of.
1576 1737 1775 1825 Hipp.
1834 1738 2001 1805 1001

726 1847 878 1912 ἀλλ’
931 1845 1113 1919 αὑτὸς
1162 1847 1228 1909 οὔ
1278 1851 1535 1925 παροῦσι
1587 1845 1843 1924 κάγγὺς
1892 1845 1969 1911 ὢν
2015 1845 2221 1927 Φίλος.

269 1953 548 2020 Versum
599 1951 854 2038 qualem
903 1972 1019 2018 nos
1065 1951 1338 2018 fecimus
1385 1973 1519 2018 esse
1562 1952 1870 2038 Euripide
1917 1951 2184 2040 dignum
2234 1953 2516 2033 videbis,
2551 1956 2664 2021 ubi

280 2058 626 2128 contuleris
670 2057 816 2125 Alc.
867 2057 953 2123 62
999 2059 1114 2124 ubi
1160 2057 1399 2136 Morti,
1450 2059 1724 2125 dicenti:

728 2165 1069 2230 ἐπίστασαι
1117 2164 1179 2229 δὲ
1227 2164 1368 2236 τοὺς
1416 2164 1601 2242 ἐμοὺς
1647 2165 1902 2245 τρόπους

273 2271 612 2359 respondet
658 2270 923 2357 Apollo:

729 2375 991 2458 ἐχθρούς
1038 2400 1118 2456 γε
1166 2373 1410 2449 θνητοῖς
1456 2376 1562 2442 καὶ
1613 2375 1778 2450 θεοῖς
1827 2379 2302 2457 στυγουμένους.

273 2483 579 2551 Ceterum
626 2484 888 2549 initium
936 2502 1156 2550 versus
1201 2482 1392 2568 paulo
1432 2485 1797 2571 graviorem
1834 2483 2045 2551 labem
2081 2488 2465 2554 contraxisse
2481 2534 2497 2564 ,
2538 2509 2665 2555 non

274 2597 372 2658 est
419 2591 588 2679 quod
636 2592 909 2657 mireris.

372 2798 564 2866 1433.
661 2800 1071 2888 Iphigeniam
1120 2820 1186 2865 se
1224 2799 1304 2867 ad
1348 2797 1735 2866 sacrificium
1774 2799 2137 2868 offerentem
2176 2801 2280 2866 his
2323 2802 2535 2868 verbis
2576 2803 2666 2869 al-

272 2904 559 2991 loquitur
605 2906 929 2974 Achilles:

731 3013 940 3081 οὕκουν
986 3012 1149 3079 ἐάσω
1199 3014 1257 3077 σ’
1304 3011 1620 3095 ἀφροσύνῃ
1665 3022 1742 3096 τῇ
1792 3022 1869 3097 σῇ
1920 3011 2171 3080 θανεῖν·

732 3119 930 3187 ἐλθὼν
979 3120 1042 3185 δὲ
1089 3119 1200 3186 σὺν
1247 3114 1459 3192 ὅπλοις
1509 3121 1705 3193 τοῖςδε
1754 3120 1900 3200 πρὸς
1949 3122 2090 3187 ναὸν
2135 3119 2293 3192 θεοῖς

729 3226 1126 3308 καραδοκήσω
1176 3228 1283 3302 σὺν
1336 3226 1467 3291 ἐκεῖ
1509 3227 1869 3305 παρουσίαν.

272 3336 413 3404 Hos
474 3356 694 3404 versus
755 3355 906 3401 cum
959 3332 1284 3400 nonnullis
1329 3333 1854 3418 praecedentibus
1900 3333 2173 3401 editores
2218 3334 2526 3421 Euripide
2572 3337 2667 3403 in-

273 3444 503 3531 dignos
550 3443 877 3529 judicant;
941 3446 1162 3505 utrum
1214 3441 1360 3526 jure
1420 3461 1497 3505 an
1545 3441 1780 3524 injuria
1824 3461 1993 3504 nunc
2038 3460 2164 3506 non
2213 3441 2508 3527 disput03
2557 3443 2666 3510 sed

273 3550 444 3636 quod
507 3552 574 3614 in
637 3549 741 3614 his
795 3549 1079 3613 maxime
1139 3545 1433 3631 displicet
1487 3567 1613 3611 non
1662 3546 1740 3610 ab
1801 3545 2108 3631 Euripide
2154 3568 2358 3633 neque
2404 3549 2485 3615 ab
2531 3553 2668 3636 ejus

272 3659 637 3736 imitatore,
687 3655 796 3721 sed
845 3656 924 3720 ab
960 3654 1262 3739 imperito
1303 3654 1508 3718 scriba
1546 3652 1906 3738 profectum
1949 3654 2238 3720 arbitror.
2286 3654 2664 3743 Legendum

272 3766 448 3831 enim
519 3768 615 3829 est
673 3783 787 3848 pro
844 3761 1181 3842 παρουσίαν
1243 3758 1416 3825 aliud
1484 3760 1959 3825 substantivum
1980 3809 1998 3845 ,
2058 3760 2225 3846 quod
2247 3807 2264 3839 ,
2325 3766 2665 3848 postquam

271 3871 380 3939 vel
426 3891 554 3937 una
598 3869 786 3936 litera
832 3872 1213 3945 evanuerat,
1260 3866 1449 3933 facile
1495 3868 1563 3931 in
1612 3868 1950 3947 παρουσίαν
1997 3869 2318 3953 corrumpi
2380 3871 2664 3954 poterat:

249 3975 663 4057 -προθυμίανε

911 4081 1302 4162 καραδοκήσω
1350 4080 1460 4154 σὺν
1511 4079 1643 4146 ἐκεῖ
1685 4076 2080 4160 προθυμίανς

273 4190 504 4259 videbo
566 4210 646 4255 an
707 4188 843 4254 illic
908 4207 1156 4272 quoque
1202 4187 1421 4253 futura
1468 4189 1557 4252 sis
1605 4193 1740 4252 tam
1788 4185 1973 4251 fortis
2020 4191 2085 4251 et
2131 4186 2211 4253 ad
2258 4187 2663 4254 moriendum

271 4303 514 4384 parata.
607 4295 850 4361 Eadem
895 4295 1068 4359 enim
1112 4291 1390 4359 Achillis
1437 4294 1756 4360 sententia
1802 4298 1936 4375 est,
1985 4311 2147 4376 quae
2193 4295 2392 4361 etiam
2439 4298 2508 4361 in
2556 4294 2671 4364 Al-

273 4406 509 4472 cestide
556 4403 801 4491 legitur
848 4423 941 4468 vs.
993 4399 1120 4468 671
