3192 5017
1276 330 1496 386 uaros.
1615 344 1618 347 >
2491 315 2576 386 49

234 501 316 568 his
375 523 613 591 quoque
680 509 850 572 recte
908 503 1038 571 dici
1100 511 1343 592 potest:
1410 506 1529 573 κᾶν
1585 515 1737 581 παῖς
1800 508 1973 586 γνοίη
2020 506 2111 575 ότι
2160 509 2578 591 κατέψευςαι.

233 606 511 676 Similiter
565 632 642 678 ea
700 613 917 678 omnia
957 632 1120 698 quae
1165 619 1502 680 narrantur
1547 615 1625 681 de
1668 616 1935 702 Aspasia
1980 616 2466 698 πορνοβοσκούσῃ
2513 621 2581 683 et

232 713 434 782 Pericli
476 725 780 794 γυναῖκας
822 718 1138 799 ἐλευθέρας
1190 722 1278 794 εἰς
1326 720 1523 787 ταύτὸ
1570 722 1888 804 φοιτώσας
1938 722 2363 804 ὑποδεχομένη
2401 722 2580 789 Plut.

232 821 469 889 XXXII.
532 825 948 892 Antisthenes
1006 825 1364 894 Socraticus
1426 849 1618 894 ausus
1679 835 1776 896 est
1836 831 2106 897 scribere
2162 830 2330 916 apud
2384 829 2584 895 Athe-

227 948 426 996 naeum
472 952 621 1020 pag.
673 929 826 998 583.
876 951 943 997 e:
992 933 1266 1009 Κίμωνος
1311 933 1364 999 δ’
1410 936 1738 1020 Ἐλπινίκη
1785 946 1865 1019 τῇ
1913 936 2165 1019 ἀδελφῇ
2202 936 2578 1019 παρανόμως

229 1032 475 1110 συνόντος
534 1033 645 1104 εἶδ’
708 1036 914 1120 ὅςερον
973 1039 1309 1116 ἐκδοθείσης
1368 1041 1622 1126 Καλλία
1671 1043 1777 1109 καὶ
1826 1042 2319 1124 φυγαδευθέντος
2365 1043 2581 1121 μισθὸν

228 1137 404 1220 ἔλαβε
469 1144 807 1230 (Pericles)
874 1153 989 1222 τῆς
1053 1147 1304 1213 καόόδου
1367 1150 1559 1214 αὐτοῦ
1618 1151 1688 1218 τὸ
1749 1160 1828 1233 τῇ
1883 1150 2211 1233 Ἐλπινίκη
2256 1149 2578 1230 μιχθῆναι.

227 1247 551 1336 Aliquanto
610 1255 742 1320 veri
809 1253 1124 1320 similiora
1185 1260 1336 1320 sunt
1379 1275 1540 1340 quae
1584 1255 1974 1324 Plutarchus
2018 1258 2241 1323 scribit
2287 1277 2426 1342 cap.
2476 1255 2580 1321 X:

225 1356 484 1432 ἐλθούσης
532 1357 597 1424 δὲ
646 1360 792 1440 πρὸς
838 1357 1028 1424 αὐτὸν
1075 1360 1446 1446 (Periclem)
1494 1363 1528 1437 ἧ
1576 1362 1902 1438 Ἐλπινίκη
1949 1363 2054 1428 καὶ
2102 1363 2387 1441 δεομένης
2449 1386 2584 1439 μει-

223 1461 418 1537 διάσας
483 1460 692 1531 εἶπεν·
755 1462 799 1530 ὦ
866 1463 1233 1552 Ἐλπινίκη,
1298 1472 1495 1550 γραῦς
1560 1463 1648 1553 εἷ,
1712 1474 1908 1548 γραῦς
1956 1465 2046 1542 εἶ,
2092 1474 2168 1542 ὥς
2217 1467 2581 1552 πράγματα

223 1575 554 1643 τηλικαῦτα
616 1570 917 1652 πράσσειν
935 1620 951 1649 ,
1015 1593 1141 1639 non
1195 1574 1459 1641 obscure
1504 1574 1870 1664 significans
1915 1577 2258 1642 formosam
2302 1574 2586 1642 Cimonis

220 1695 472 1744 sororem
537 1699 741 1765 quum
816 1683 983 1746 esset
1030 1683 1237 1747 aetate
1281 1683 1534 1770 integra
1578 1685 1646 1748 in
1692 1681 1930 1748 talibus
1975 1682 2325 1748 feliciorem
2372 1683 2586 1747 fuisse.

221 1782 309 1846 καὶ
369 1785 493 1865 γὰρ
555 1785 679 1851 οὐδ’
741 1783 951 1857 ἄλλως
1001 1788 1112 1861 την
1158 1784 1521 1862 Ἐλπινίκην
1570 1785 1875 1853 εὔτακτόν
1921 1791 2063 1852 τινα
2111 1786 2436 1866 γεγονέναι
2485 1787 2586 1851 λέ-

221 1912 408 1965 γουσιν
478 1893 660 1960 ἀλλὰ
729 1891 837 1956 καὶ
909 1893 1055 1970 πρὸς
1132 1892 1542 1970 Πολύγνωτον
1613 1893 1993 1973 ἐξαμαρτεῖν
2061 1893 2166 1959 τὸν
2235 1890 2588 1975 ζωγράφον.

220 1994 585 2065 Plutarchus
648 1999 715 2064 in
783 1999 1016 2064 Cimone
1080 1998 1199 2064 IV.
1295 1999 1621 2086 Quidquid
1674 2000 1752 2066 de
1810 2000 2130 2086 Elpinices
2191 2004 2256 2066 et
2302 1996 2593 2066 Cimonis

223 2105 525 2171 amoribus
589 2108 727 2171 sive
783 2104 983 2171 licitis
1044 2108 1179 2171 sive
1225 2105 1474 2171 illicitis
1522 2127 1694 2172 mem
1703 2108 1870 2173 oriae
1917 2111 2014 2172 est
2059 2106 2382 2193 proditum
2431 2104 2598 2169 δοκεῖ

223 2213 667 2294 κατεψεῦσθαι,
741 2215 806 2276 et
876 2209 1097 2277 fictum
1160 2216 1258 2277 est
1316 2233 1423 2278 me
1482 2212 1696 2279 iudice
1752 2235 1829 2279 ex
1875 2211 2213 2298 Eupolidis
2260 2209 2595 2278 versiculis

224 2317 603 2406 pervulgatis
651 2316 1238 2401 (διατεθρυλημένοις
1287 2317 1614 2384 Plutarch.
1664 2319 1731 2383 in
1785 2319 2019 2384 Oinone
2064 2318 2246 2401 XV.)

653 2424 839 2494 κακὸς
886 2425 1001 2502 μὲν
1045 2424 1155 2489 οὐκ
1203 2420 1304 2501 ἦν,
1356 2422 1702 2505 φιλοπότης
1748 2424 1813 2491 δὲ
1859 2425 2166 2502 κάμελής.

658 2529 887 2594 κάνίοτ’
931 2529 1010 2595 ἂν
1058 2531 1438 2608 immanis*
1489 2529 1566 2594 ἂν
1614 2531 1676 2596 ἐν
1722 2530 2147 2609 Λακεδαίμονι

658 2634 775 2702 κᾶν
820 2637 1181 2712 Ἐλπινίκην
1229 2637 1408 2713 τήνδε
1454 2637 1829 2703 καταλιπὼν
1875 2637 2080 2716 μόνην.

223 2762 363 2827 quae
425 2745 646 2810 omnia
707 2763 780 2809 eo
843 2742 1146 2809 facetiora
1205 2748 1357 2809 sunt
1417 2764 1542 2830 quo
1602 2746 1814 2833 magis
1874 2748 2040 2811 inter
2085 2762 2304 2810 omnes
2351 2746 2598 2809 constat

222 2848 339 2915 ioco
402 2871 538 2917 esse
604 2847 785 2924 ficta,
846 2848 1014 2914 nihil
1072 2852 1273 2915 inesse
1329 2852 1467 2916 veri
1530 2855 1595 2915 et
1659 2852 1903 2915 nemini
1947 2850 2103 2916 haec
2148 2871 2300 2916 vera
2345 2848 2552 2915 videri
2577 2897 2595 2925 ,

226 2959 287 3017 ut
325 2957 422 3021 in:

756 3062 1230 3141 ἀντεξέκλεψαν
1272 3062 1635 3134 Ἀσπασίας
1683 3061 1875 3143 πόρνα
1922 3061 2045 3128 δύο.

232 3164 471 3254 aliisque
537 3170 615 3235 de
681 3190 912 3257 genere
957 3169 1077 3235 hoc
1122 3172 1454 3236 sexcentis.
1505 3170 1900 3254 Antiquariis
1948 3167 2137 3234 aliter
2179 3170 2395 3233 visum
2419 3215 2433 3244 ‚
2485 3169 2597 3253 qui

231 3293 687 3362 nonnumquam
752 3273 1157 3342 Comicorum
1207 3278 1590 3342 testimoniis
1637 3281 1891 3341 tantum
1940 3275 2234 3340 tribuunt
2278 3280 2593 3360 quantum

228 3375 606 3471 Thucydidis
652 3388 766 3447 aut
809 3379 1138 3448 Herodoti.

298 3487 544 3555 Mirum
609 3494 705 3554 est
769 3509 960 3574 quam
1020 3491 1149 3556 cito
1196 3490 1570 3556 huiusmodi
1613 3489 1885 3556 fabellae
1933 3494 1998 3556 et
2045 3488 2413 3567 πλάσματα
2459 3509 2603 3555 nas-

226 3600 446 3660 cantur.
516 3595 726 3661 Notus
786 3600 884 3661 est
943 3592 1264 3662 Ciceronis
1310 3596 1490 3662 locus
1534 3599 1604 3661 in
1652 3596 1850 3660 Bruto
1897 3595 2088 3661 XIV:
2136 3618 2465 3662 concessum
2513 3604 2600 3661 eet

225 3701 545 3766 rhetoribus
604 3702 842 3767 mentiri
903 3707 969 3765 in
1029 3703 1304 3766 historiis
1320 3750 1338 3780 ‚
1402 3710 1470 3768 ut
1515 3703 1757 3790 ahquid
1798 3704 1994 3767 dicere
2027 3707 2259 3786 possint
2305 3703 2598 3784 orontius.

235 3807 395 3882 Quem
447 3807 1002 3894 (Themistoclem)
1060 3808 1422 3896 Thucydides
1470 3848 1552 3859 —
1602 3815 1835 3873 tantum
1881 3819 2175 3873 mortuum
2223 3809 2466 3892 scripsit
2514 3846 2596 3857 —

228 3911 365 3976 hunc
421 3915 597 3979 aiunt
662 3911 1051 3996 (Clitarchus
1116 3920 1180 3980 et
1245 3913 1616 4000 Stratocles)
1680 3938 1807 3979 eum
1878 3922 2115 3978 taurum
2187 3914 2602 3979 immolavisset

232 4022 502 4103 excepisse
561 4025 903 4100 sanquinem
954 4026 1169 4104 patera·
1227 4031 1287 4084 et
1342 4042 1405 4085 eo
1456 4027 1600 4105 poto
1666 4027 1957 4085 mortuum
2014 4020 2353 4084 concidisse.
2447 4019 2601 4087 Noli

232 4131 435 4207 putare
481 4125 783 4194 fabellam
831 4127 995 4192 hanc
1042 4128 1195 4194 vivo
1243 4126 1609 4193 Alexandro
1656 4147 1790 4193 esse
1835 4131 2075 4193 natam.
2125 4127 2310 4192 Anno
2361 4124 2495 4190 424
2544 4148 2600 4193 a.

235 4225 366 4296 Chr.
414 4234 867 4320 Aristophanes
914 4232 1080 4298 dixit
1126 4235 1194 4297 in
1240 4233 1562 4319 Equitibus
1608 4254 1702 4299 vs.
1754 4231 1875 4299 83:

668 4338 952 4418 κράτιςον
998 4341 1152 4417 ἡμῖν
1203 4333 1367 4418 αἷμα
1417 4338 1693 4420 ταύρειον
1739 4348 1919 4404 πιεῖν.

669 4447 697 4511 ὅ
747 4444 1195 4522 Θεμιςοκλόους
1244 4446 1370 4527 γὰρ
1419 4444 1680 4521 θάνατος
1727 4446 2140 4527 αἱρετώτερος.
