3192 5017
1269 312 1632 361 nunu-mm.
2511 297 2644 365 259

707 485 840 548 ἐπεὶ
891 484 942 549 δ’
990 482 1227 555 ἔτικτες
1275 482 1450 549 τόνδε
1498 484 1765 549 παῖδα
1812 482 2095 550 κοὶπέθου

710 592 771 654 ἐν
818 588 1299 669 σπαργάνοισιν,
1349 580 1708 670 ἁρπάσαντ’
1755 592 1839 663 εἰς
1887 594 2190 669 ἀγκάλας

705 700 932 779 Ἑρμῆν
986 696 1222 761 κελεύει
1274 696 1438 776 δεῦρο
1486 694 1878 776 πορθμεῦσαι
1926 696 2280 781 βρέφος.

258 823 326 869 ac
376 802 843 870 concedendum
891 807 986 868 est
1008 853 1025 877 ‚
1076 805 1144 867 in
1189 804 1436 890 tragica
1483 803 1758 868 dictione
1804 803 2127 868 interdum
2176 804 2484 887 quaedam
2536 807 2645 871 ab·

257 910 531 992 undare,
598 909 708 974 sed
756 911 910 974 certi
954 908 1212 994 quidam
1263 907 1418 974 fines
1464 915 1651 992 sunt,
1701 928 1856 992 quos
1901 929 2091 974 nemo
2135 911 2399 995 impune
2446 917 2647 977 trans-

258 1015 438 1102 gredi
501 1016 737 1100 poterit
782 1020 848 1078 et
893 1015 1096 1079 risum
1143 1015 1434 1080 movebis
1454 1063 1471 1097 ,
1519 1016 1572 1078 si
1623 1034 1815 1098 quem
1865 1013 2102 1080 dixeris
2136 1037 2390 1099 puerum
2435 1019 2646 1104 infan-

258 1127 367 1185 tem
416 1120 661 1187 editum
708 1120 904 1186 fuisse
948 1120 1014 1185 in
1065 1119 1202 1185 dias
1248 1119 1514 1185 luminis
1561 1140 1721 1185 oras.
1773 1119 2106 1186 Praeterea
2150 1142 2276 1187 ves.
2326 1121 2412 1188 33
2452 1130 2518 1189 et
2558 1123 2644 1191 38

256 1225 528 1311 simplex
592 1226 865 1292 verbum
917 1226 1146 1306 Φέρειν·
1173 1227 1464 1303 invenio,
1515 1246 1639 1292 non
1685 1224 2019 1307 ἀποφέρειν
2064 1235 2129 1293 et
2173 1248 2470 1313 reponere
2515 1230 2644 1295 sor-

255 1336 420 1398 tasse
465 1330 710 1398 licebit:

718 1437 959 1502 τεκοῦσ’
1009 1438 1071 1501 ἐν
1119 1436 1298 1510 οἴκοις
1348 1435 1586 1519 ἄρσεν
1637 1437 1891 1516 ἤνεγκεν
1934 1437 2187 1519 βρέφος.

344 1654 665 1724 Continuo
711 1659 926 1745 pergit
972 1677 1225 1724 narrare
1271 1656 1627 1723 Mercurius
1674 1678 1766 1723 vs.
1823 1655 1942 1725 18:

1183 1760 1552 1836 κάκτίθησιν
1602 1763 1690 1836 ὦς
1743 1764 2097 1842 θανούμενον

796 1869 1007 1941 κοίλης
1055 1870 1116 1935 έν
1164 1870 1508 1949 ἀντίπηγος
1556 1870 1828 1952 εὐτρόχῳ
1876 1870 2101 1952 κύκλῳ.

256 1973 491 2040 Verum
556 1995 679 2040 non
733 1995 806 2041 eo
853 1975 1117 2042 consilio
1165 1978 1460 2062 exposuit
1504 1975 1744 2042 Creusa
1789 1997 2004 2043 recens
2049 1982 2270 2043 natum
2322 1998 2591 2061 puerum
2617 2027 2635 2056 ‚

252 2084 325 2146 ut
388 2082 660 2166 periret,
731 2102 879 2147 nam
947 2087 1227 2167 sperarat
1288 2082 1420 2149 fore
1482 2087 1556 2147 ut
1602 2081 1833 2168 Apollo
1880 2081 2083 2148 filium
2133 2090 2445 2168 servaret,
2493 2083 2639 2149 vide

249 2186 435 2252 modo
479 2207 606 2252 vss.
659 2186 815 2265 386,
865 2185 1020 2272 898,
1073 2186 1206 2253 933
1253 2194 1319 2254 et
1367 2187 1517 2253 965.
1615 2186 1868 2255 Ultimo
1915 2188 2051 2255 loco
2096 2198 2282 2277 rogat
2326 2189 2639 2277 paedago-

249 2313 405 2380 gus,
476 2292 631 2379 quid
680 2299 886 2360 mater
930 2293 1264 2380 impulerit
1311 2300 1385 2360 ut
1431 2300 1683 2361 tantum
1731 2294 1978 2361 facinus
2026 2295 2396 2363 admitteret
2441 2315 2638 2382 eaque

248 2398 418 2465 haud
468 2405 839 2466 cunctanter
882 2400 1249 2486 respondet:

699 2507 777 2577 ὦς
823 2506 927 2570 τὸν
976 2508 1102 2574 θεὸν
1149 2505 1423 2573 σώσοντα
1469 2508 1574 2573 τόν
1622 2506 1693 2587 γ’
1745 2507 1935 2572 αὑτοῦ
1984 2506 2176 2586 γόνον.

247 2610 472 2695 Itaque
536 2611 847 2697 particula
908 2614 986 2684 ὥς
1054 2632 1176 2678 non
1238 2612 1494 2677 debebit
1556 2614 1793 2678 servari
1815 2662 1832 2683 .
1900 2633 2100 2698 quum
2150 2616 2520 2699 praesertim
2564 2617 2632 2679 in

247 2724 529 2783 extrema
589 2717 920 2805 tragoedia
984 2719 1214 2783 misera
1275 2723 1482 2782 mater
1544 2738 1672 2783 non
1716 2719 1883 2783 inter
1929 2717 2226 2785 scelestes
2245 2769 2263 2803 ,
2309 2719 2418 2784 sed
2465 2721 2633 2784 inter

245 2823 471 2907 probas
515 2822 818 2889 mulieres
863 2822 1187 2890 referatur.
1240 2821 1533 2889 Proclive
1580 2830 1677 2888 est
1722 2825 2088 2889 restituere:

879 2926 1223 3003 κακτίθησι
1272 2926 1979 3007 κατθανούμενον.

245 3034 428 3101 Unde
490 3037 728 3101 vitium
789 3038 874 3101 sit
936 3043 1162 3101 natum
1183 3083 1199 3113 ,
1261 3035 1477 3104 facile,
1543 3038 1644 3099 uti
1706 3036 2000 3112 arbitror,
2065 3037 2415 3122 apparebit.
2494 3036 2631 3104 Sed

244 3144 533 3226 sequitur
576 3144 721 3226 post
762 3141 952 3208 breve
997 3140 1411 3207 intervallum
1461 3162 1556 3207 vs.
1608 3139 1729 3206 27:

935 3247 1090 3311 ἀλλ’
1139 3245 1208 3322 ἣν
1256 3242 1395 3327 εἶχε
1445 3244 1747 3327 παρθένος
1795 3246 2026 3328 χλιδήν

707 3352 895 3433 τέκνῳ
942 3350 1301 3435 προσάψασ’
1349 3351 1558 3418 ἔλιπεν
1606 3356 1698 3426 ὥς
1748 3352 2243 3435 θανουμένῳ.

244 3460 521 3527 Etiamsi
584 3461 739 3525 haec
802 3461 1152 3525 sent-entiae
1214 3479 1359 3545 pars
1409 3459 1795 3544 interpolata
1839 3460 1959 3543 sit,
2007 3460 2175 3544 quod
2219 3481 2423 3546 neque
2467 3461 2631 3527 affir-

201 3640 208 3649 ‚
245 3588 418 3632 mare
463 3587 577 3632 nec
625 3564 909 3631 refellere
953 3567 1022 3630 in
1070 3567 1286 3631 animo
1332 3572 1457 3641 est,
1513 3570 1729 3631 tamen
1775 3564 2135 3653 intelligere
2180 3566 2343 3632 mihi
2392 3567 2630 3646 videor,

242 3673 607 3740 lacunulam
675 3671 780 3736 bic
843 3670 1136 3756 imperite
1199 3668 1520 3755 expletam
1584 3672 1780 3736 fuisse
1826 3690 2045 3753 eorum
2091 3671 2432 3738 verborum
2479 3693 2629 3758 ope,

242 3799 406 3865 quae
467 3779 686 3844 decem
749 3777 1038 3843 versibus
1101 3782 1248 3842 ante
1311 3797 1349 3841 a
1411 3782 1597 3861 poeta
1663 3778 1867 3862 posita
1931 3777 2209 3852 fuerant,
2265 3799 2379 3844 nec
2424 3778 2631 3844 solent

239 3885 575 3971 Euripides
628 3884 862 3969 quiquo
926 3903 1074 3947 eum
1126 3884 1415 3967 proximo
1461 3881 1804 3948 intervallo
1851 3885 2054 3948 secuti
2101 3890 2252 3948 sunt
2272 3933 2290 3968 ,
2339 3885 2403 3949 in
2452 3890 2631 3949 tanta

237 3990 473 4059 Graeci
532 3989 841 4056 sermonis
903 3990 1117 4074 copia,
1182 3986 1492 4055 vocabula
1556 3989 1774 4054 eadem
1822 3989 2002 4054 brevi
2050 3991 2381 4075 interjecto
2425 3992 2631 4075 spatio

239 4099 343 4164 bis
388 4117 618 4183 ponere
636 4145 654 4180 ,
704 4116 901 4180 quum
949 4094 1129 4160 nullo
1175 4097 1434 4183 negotio
1483 4098 1827 4161 orationem
1868 4097 2112 4161 variare
2153 4095 2427 4181 possint,
2468 4117 2629 4182 quae

241 4224 396 4271 vera
463 4208 560 4268 est
627 4199 1039 4267 Herwerdeni
1111 4201 1487 4267 observatio.
1583 4200 1648 4265 Ν
1650 4221 1719 4266 ec
1783 4206 1998 4286 potero
2061 4202 2322 4267 fortasse
2384 4201 2629 4288 liquido

241 4311 673 4377 demonstrare
718 4326 879 4392 quae
927 4306 1121 4373 verba
1164 4308 1505 4392 perierint,
1552 4307 1662 4373 sed
1710 4304 1855 4371 coll.
1905 4327 2031 4371 ves.
2076 4304 2183 4386 33,
2227 4306 2376 4385 955,
2430 4308 2626 4387 1351,

243 4414 422 4484 1489
470 4422 536 4482 et
584 4410 784 4491 1598,
833 4413 1065 4498 quibus
1117 4414 1414 4481 omnibus
1462 4412 1622 4480 locis
1669 4413 2007 4479 fasciarum
2054 4410 2129 4479 fit
2175 4417 2446 4495 mentio,
2497 4437 2625 4484 cre·
