3192 5017
1317 312 1552 363 mvms.
2533 290 2618 358 13

1384 560 1454 594 An

1187 711 1651 789 LIVIUM.

332 999 496 1064 XXI.
566 998 671 1064 26.
742 998 816 1066 6:
892 1000 1095 1065 colunt
1155 1001 1316 1066 circa
1377 1012 1705 1086 utramque
1765 1002 1976 1087 ripam
2036 999 2335 1065 Rhodani
2380 1004 2489 1066 sed
2532 1039 2618 1051 —

255 1107 513 1170 omnibus
564 1107 772 1193 ferme
831 1108 960 1170 suis
1020 1118 1197 1171 trans
1258 1105 1640 1171 Rhodanum
1701 1108 1968 1171 traiectis
2013 1106 2365 1173 ulteriorem
2411 1109 2621 1197 ripam

256 1212 499 1297 [mnis]
548 1214 748 1277 armis
793 1212 1158 1278 obtinebant.

333 1317 650 1407 Pluygers
693 1318 1198 1406 dittographiam
1247 1317 1504 1385 delevit.

332 1531 519 1599 XXI.
589 1533 697 1599 46.
764 1532 841 1599 δε
912 1534 1008 1600 hic
1062 1551 1212 1601 ΕΒΗ*
1273 1537 1540 1613 iuvenis,
1599 1559 1786 1622 penes
1845 1559 2023 1623 quem
2068 1535 2336 1625 perfecti
2380 1537 2621 1602 huiusce

256 1637 380 1703 belli
421 1641 562 1705 laus
606 1654 714 1706 est.

333 1742 657 1813 Correxit:
707 1749 802 1813 hic
848 1766 1013 1813 ERAT
1060 1751 1307 1814 iuvenis.
1404 1746 1500 1814 Of.
1552 1747 1668 1813 111.
1722 1749 1793 1812 l:
1843 1749 1937 1814 hie
1982 1761 2119 1814 erat
2153 1748 2385 1815 Fabius
2428 1748 2621 1829 Quin·

258 1864 374 1930 tus,
420 1859 534 1941 qui
579 1879 739 1920 unus
782 1858 1080 1921 extinctae
1125 1858 1211 1920 ad
1266 1853 1618 1921 Cremeram
1660 1859 1832 1941 yenti
1874 1858 2293 1944 superfuerat.

332 2065 505 2131 XXI.
561 2065 667 2132 49.
721 2067 787 2132 7:
841 2069 1143 2157 extemplo
1186 2082 1244 2134 et
1291 2094 1330 2134 a
1368 2081 1661 2157 praetore
1706 2073 1866 2135 cirea
1913 2072 2181 2135 civitates
2226 2072 2403 2134 missi
2439 2070 2625 2156 leqati

258 2173 591 2262 tribunique
655 2174 814 2260 (qui)
879 2200 1021 2241 suos
1082 2179 1168 2242 ad
1223 2200 1435 2242 euram
1501 2179 1808 2241 custodiae
1867 2165 2256 2243 intenderem
2317 2176 2430 2264 (et)
2482 2189 2623 2243 ante

258 2283 449 2346 omnia
494 2282 863 2368 Lilybaeum
909 2286 1142 2348 muneri.

339 2386 680 2455 Restituit:
735 2426 817 2438 —
868 2391 1104 2456 tribuni
1144 2414 1286 2456 suos
1336 2427 1415 2438 —-
1464 2393 1784 2456 intendem
1828 2402 1887 2456 et
1911 2424 1994 2436 --
2021 2389 2385 2476 Lilybaeum
2427 2394 2623 2457 teneri.

344 2605 553 2671 XXII.
607 2608 677 2670 1:
742 2610 1048 2672 decretum
1091 2619 1182 2672 est
1228 2606 1368 2671 Iovi
1407 2609 1688 2694 primum
1741 2605 2036 2691 [donum]
2072 2605 2322 2692 fulmen
2370 2628 2629 2671 aureum

256 2716 451 2799 pondo
511 2715 965 2800 quinquaqinta
1012 2715 1198 2800 fieret
1217 2759 1233 2790 ‚
1298 2713 1531 2779 Iunoni
1576 2712 2010 2799 Minervaeque
2053 2735 2127 2778 ea·
2171 2725 2426 2797 arqento
2465 2716 2630 2780 dona

260 2821 563 2885 darentur.

340 2925 669 3012 Expunxit
714 2925 1065 2993 molestum
1109 2930 1360 2993 donum.

344 3137 552 3204 XXII.
619 3136 724 3204 28.
796 3140 868 3204 l:
932 3163 1121 3228 neque
1177 3142 1340 3205 enim
1384 3141 1714 3226 quicquam
1758 3162 1970 3205 eorum
2016 3163 2171 3226 quae
2219 3142 2392 3228 apud
2436 3140 2633 3206 hostes

274 3259 581 3328 ssyerentur
623 3269 761 3311 eum
797 3247 1065 3333 fallebat
1106 3259 1164 3312 et
1198 3245 1490 3334 perfuyis
1534 3262 1758 3310 mmm
1797 3247 2207 3312 indicantibus
2245 3258 2303 3311 et
2334 3269 2455 3334 per
2493 3270 2633 3313 suos

268 3353 696 3440 explorantem.

348 3458 470 3526 Pro
518 3477 740 3525 MUL'rA
783 3461 1065 3545 reposuit
1108 3476 1336 3525 mmm.

352 3670 576 3738 XXII.
626 3670 729 3736 28.
789 3671 903 3737 12:
954 3673 1097 3737 levis
1142 3686 1472 3737 armatura
1518 3671 1951 3738 Romanorum
1990 3683 2510 3760 praeoccupatum
2561 3696 2634 3738 ex

273 3779 556 3863 inferiore
621 3779 747 3846 loco
806 3782 1116 3845 succedens
1178 3780 1483 3844 tumulum
1534 3779 1725 3868 pulsa
1785 3782 2150 3867 detrusaque
2209 3787 2504 3846 terrorem
2569 3784 2636 3846 in

271 3898 714 3951 suconnmnm
753 3887 967 3951 intulit
1009 3888 1288 3972 equitem.

355 3989 767 4058 Emendavit:
823 3996 889 4058 in
936 4008 1455 4068 sunanunnmim.

360 4204 564 4271 XXII.
616 4207 722 4272 41.
775 4207 846 4271 4:
883 4207 1209 4272 Hannibal
1243 4210 1313 4272 id
1347 4210 1646 4273 damnum
1693 4209 1863 4273 haud
1905 4213 2235 4294 aegerrime
2261 4215 2441 4299 pati:
2487 4216 2638 4300 quin

268 4315 472 4397 potius
532 4313 790 4380 c‘RBdere
848 4315 1005 4379 velut
1050 4317 1379 4379 inescatam
1425 4318 1826 4381 temeritatem
1863 4316 2194 4402 ferocioris
2241 4319 2502 4386 consutis
2550 4358 2632 4370 —

275 4437 411 4485 0880·
