3192 5017
1241 342 1604 392 Bummmu.
2491 323 2625 393 273

245 537 440 603 quum
489 518 858 601 praesertim
909 516 1129 582 eadem
1172 516 1366 581 verba
1403 512 1630 579 leviter
1670 487 2029 580 immutata?
2050 515 2307 581 redeant
2348 534 2443 579 vs.
2471 512 2626 580 970.

241 624 382 690 Non
430 628 643 688 tamen
692 625 1079 708 poterimus,
1127 621 1225 686 uti
1280 621 1488 699 vides,
1530 620 1920 688 versiculum
1962 622 2292 687 eliminare
2330 642 2407 686 ex
2446 619 2625 686 Elec-

242 736 374 795 trae
420 731 738 806 oratione,
789 735 1126 814 antequam
1172 749 1372 793 unum
1422 729 1775 793 insiticium
1828 730 2148 794 senarium
2205 727 2625 813 deprehende-

239 840 442 901 rimus
505 839 572 901 in
637 836 846 902 verbis
906 835 1166 901 Orestis.
1259 833 1386 901 Hic
1449 842 1663 901 autem
1728 835 1924 901 tradit
1987 833 2289 922 Aegisthi
2359 833 2626 902 cadaver

238 944 469 1008 sorori:

599 1044 698 1126 ὅν,
747 1047 873 1111 εἴτε
920 1044 1207 1128 χρῄζεις,
1257 1044 1471 1127 θηρσὶν
1524 1047 1818 1128 ἁρπαγὴν
1866 1044 2119 1127 πρόθες,

591 1154 624 1227 ἣ
676 1157 901 1218 σκῦλον
947 1154 1269 1230 οἰωνοῖσιν,
1321 1150 1560 1233 αἰθέρος
1612 1153 1878 1237 τέκνοις,

598 1258 833 1337 πήξασ’
884 1260 1102 1339 ἔρεισον
1153 1259 1444 1325 σκόλοπι·
1499 1259 1603 1331 σὸς
1650 1260 1776 1340 γάρ
1824 1261 1912 1328 ἐςι
1964 1264 2082 1324 νῦν.

235 1368 377 1435 Non
433 1365 735 1434 mortales
782 1369 1024 1432 ratione
1071 1367 1387 1452 praeditos
1435 1366 1543 1432 sed
1595 1369 1912 1432 immanes
1960 1365 2204 1432 belluas
2250 1366 2405 1433 haec
2458 1370 2624 1435 voci·

232 1476 423 1541 serari
472 1475 738 1553 dixeris,
787 1480 929 1560 post
976 1494 1132 1559 quas
1181 1473 1369 1539 facile
1417 1479 1515 1539 est
1556 1493 1895 1561 agnoscere
1944 1474 2277 1539 rudentem
2336 1477 2614 1540 asinum:

783 1580 1027 1657 δοῦλος,
1078 1577 1341 1659 πάροιθε
1389 1579 1690 1655 δεσπότης
1739 1579 2134 1657 κεκλημένος.

231 1688 442 1769 Quam
504 1687 805 1773 putidum
866 1686 984 1751 hoc
1043 1692 1187 1770 post
1247 1705 1386 1751 acre
1435 1684 1599 1751 illud
1648 1684 1748 1758 σὸς
1797 1685 1925 1765 γάρ
1971 1686 2062 1755 ἐςι
2109 1683 2237 1751 νῦνῐ
2332 1686 2620 1754 Alteram

227 1796 657 1880 suspicionem
683 1841 699 1871 ‚
750 1793 873 1859 nisi
923 1791 1137 1869 fallor,
1189 1790 1401 1858 firmat
1447 1790 1669 1857 altera.

315 2003 614 2089 Denique
660 2005 917 2070 iubetur
963 2003 1216 2070 Orestes
1265 2024 1360 2070 vs.
1413 2001 1586 2069 1254
1633 2003 1942 2090 proficisci
1990 2005 2310 2072 Athenas:

640 2108 837 2175 ἐλθὼν
885 2110 938 2172 δ’
986 2106 1262 2184 Ἀθήνας
1312 2109 1646 2183 Παλλάδος
1697 2114 1918 2190 σεμνὸν
1964 2113 2198 2194 βρέτας

647 2213 1066 2296 πρόσπτυξον,

157 2402 181 2417 ·
217 2324 322 2390 sed
373 2328 462 2389 ut
509 2323 834 2390 Minervae
882 2324 1034 2389 urbs
1082 2322 1501 2411 significetur,
1548 2325 2021 2391 rescribendum
2070 2326 2498 2400 Πολιάδος.

1245 2585 1582 2595 ——-——

315 2770 596 2836 Bacchas
657 2766 857 2832 edidit
919 2762 1223 2830 Nicolaus
1285 2763 1714 2831 Weckleinius
1776 2773 1840 2831 et
1902 2769 1995 2832 ita
2040 2766 2278 2845 edidit,
2327 2773 2400 2832 ut
2446 2768 2612 2833 mihi

224 2877 484 2962 quidem
553 2873 897 2940 utilissima
956 2872 1091 2936 eius
1137 2889 1327 2954 opera
1372 2871 1601 2955 fuerit,
1650 2871 1818 2937 unde
1866 2878 2187 2958 praeterea
2230 2871 2297 2937 in
2345 2893 2490 2938 mea
2534 2872 2612 2938 li-

224 2984 486 3049 brorum
554 2981 819 3068 penuria
867 2996 1243 3065 cognoscere
1289 2979 1507 3063 potui,
1555 2979 1710 3063 quid
1757 2980 1881 3045 viri
1930 2977 2102 3044 docti
2148 2978 2228 3044 ad
2274 2980 2438 3044 hanc
2483 2985 2612 3044 tra·

221 3090 522 3176 goediam
587 3085 1045 3171 explanandam
1112 3084 1500 3151 attulissent.
1594 3083 1720 3150 Sed
1766 3085 1935 3170 quod
1982 3083 2338 3170 plurimum
2388 3087 2608 3159 miror,

219 3196 443 3261 scribit
516 3191 949 3258 Weckleinius
1011 3214 1073 3279 p.
1133 3190 1212 3257 8:
1294 3192 1451 3256 Eine
1506 3191 1919 3273 umarbeitunq
1980 3193 2083 3256 dea
2148 3191 2360 3259 scacho
2425 3192 2612 3256 durch

217 3303 328 3365 den
370 3301 677 3385 jiinqeren
723 3299 1048 3382 Euripides
1091 3301 1198 3363 hat
1247 3298 1459 3363 Biia-kh
1505 3295 1618 3364 Gr.
1670 3305 1835 3386 trag.
1887 3300 2083 3383 princ.
2130 3319 2197 3384 p.
2250 3295 2609 3365 297—327

217 3430 290 3469 zu
333 3406 616 3471 erweisen
654 3407 895 3486 yeaucht
942 3405 1049 3469 mic
1101 3405 1388 3468 Griinden
1401 3450 1420 3481 ,
1469 3405 1566 3467 die
1614 3404 1745 3468 ihre
1794 3404 2054 3487 Geltuny
2093 3409 2362 3474 verloren
2400 3407 2608 3473 haben.

218 3512 465 3579 Deinde
514 3512 793 3577 conferre
832 3512 1136 3598 jubemur
1181 3508 1756 3594 Middendorfium,
1807 3512 1918 3594 qui
1957 3513 2026 3576 in
2069 3514 2612 3583 observationibus

218 3619 297 3685 ad
368 3621 535 3685 banc
604 3617 885 3684 fabulam
951 3637 1058 3682 sex
1121 3619 1376 3705 paginis
1438 3616 1780 3701 refutavit,
1845 3638 2006 3703 quae
2063 3619 2424 3688 Boeckhius
2485 3643 2609 3709 quo

218 3732 355 3792 erat
415 3726 665 3811 ingenii
736 3726 1064 3801 acumine,
1134 3729 1498 3810 persecutus
1559 3723 1765 3789 fuerat
1827 3745 1935 3810 per
1995 3729 2261 3813 paginas
2320 3731 2609 3817 triginta.

220 3830 541 3916 Equidem
604 3827 1059 3895 Middendorfio
1122 3849 1303 3894 careo
1367 3832 1463 3893 uti
1529 3835 1594 3894 et
1641 3829 1786 3894 aliis
1832 3851 2023 3915 quam
2070 3832 2404 3918 plurimis,
2454 3856 2611 3920 quos

221 3939 492 4002 minime
555 3942 925 4018 contemno,
990 3936 1100 4000 sed
1162 3955 1320 4020 quos
1384 3956 1748 4021 comparare
1810 3937 1975 4001 mihi
2024 3958 2146 4002 non
2195 3943 2411 4024 potui,
2460 3948 2611 4028 quia

226 4041 611 4107 bibliotheca
673 4038 1287 4106 Amstelodamensis
1351 4042 1532 4106 libris
1591 4041 1838 4106 Latinis
1885 4049 1948 4108 et
1994 4040 2256 4110 Graecis
2303 4046 2475 4113 haud
2518 4053 2610 4116 ita

220 4149 479 4232 opipare
543 4150 852 4212 instructa
913 4154 1042 4221 est,
1107 4168 1310 4233 neque
1374 4147 1662 4213 sacculus
1724 4168 1907 4213 meus
1969 4148 2202 4215 sufficit
2248 4152 2327 4217 ad
2374 4156 2608 4224 omnia.

221 4250 552 4317 Leidensis
615 4251 1002 4319 bibliotheca
1057 4254 1217 4318 mihi
1281 4253 1590 4338 quaedam
1651 4255 2083 4322 commodavit
2096 4275 2113 4333 3
2182 4260 2379 4324 etiam
2444 4260 2608 4329 Her-

223 4357 512 4422 werdeno
562 4357 867 4423 nonnulla
912 4359 1137 4437 debeo;
1189 4359 1296 4424 sed
1348 4356 1850 4425 Middendorfius
1895 4360 1960 4425 in
2009 4362 2172 4427 hanc
2220 4366 2443 4431 urbem
2492 4390 2604 4455 pa-

216 4461 424 4528 lorum
499 4471 573 4528 et
641 4463 950 4550 paludum
1021 4464 1304 4530 nondum
1376 4464 1721 4532 advolavit.
1816 4465 2035 4554 Itaque
2099 4492 2268 4538 nuno
2325 4474 2606 4540 incertus

2249 4593 2311 4641 18
