3192 5017
1382 246 1743 300 summm.
2668 222 2757 294 23

367 426 661 569 potuitne
704 429 886 511 pater
931 422 1194 490 addere.

776 531 1101 602 τίκτοντας
1150 528 1425 606 ἄλλους,
1474 531 1582 594 οὐκ
1630 526 1843 608 ἔχοντ’
1892 527 2053 611 adj-n
2101 525 2313 591 τέκνα.
2330 523 2357 590 ‘l

368 637 634 704 Rectius
681 639 905 724 opinor
949 636 1222 703 verbum
1272 633 1559 712 ἀνέξεται
1611 634 1857 719 obJecto
1902 632 2144 699 carebit
2195 638 2260 698 et
2318 630 2747 697 masculinum

367 745 787 831 participium
835 742 1162 814 τίκτοντας
1208 742 1337 808 fere
1382 743 1587 807 risum
1635 744 1870 806 movet.

462 951 675 1041 Rogat
722 951 976 1018 Orestes
1020 972 1115 1018 νε.
1166 949 1299 1019 897
1320 972 1337 1016 :

820 1058 885 1121 ‘tl
929 1065 1188 1138 χρῆμας
1234 1064 1363 1135 μῶν
1416 1053 1787 1138 gemebam&
1840 1055 1874 1130 ἢ
1922 1060 2140 1137 σαφῶς
2191 1057 2297 1136 δρῶ

792 1160 1017 1241 ιδόμων
1066 1161 1350 1228 ἄνασσαν
1395 1164 1636 1239 τήνδε
1684 1162 1970 1228 Μενέλεω
2020 1161 2193 1243 κόρην
2206 1182 2224 1240 ;

367 1268 622 1336 Scribe:
669 1271 933 1335 τῶνδε.

456 1482 532 1547 In
577 1480 890 1568 colloquio
939 1503 1087 1548 cum
1134 1482 1486 1550 Hermione
1534 1481 1786 1549 Orestes
1832 1484 1925 1550 ita
1970 1483 2161 1549 dicit:

823 1586 1014 1664 ἦλθον
1060 1589 1124 1654 δὲ
1171 1589 1291 1662 σας
1341 1590 1455 1668 μὲν
1504 1592 1569 1654 οὐ
1617 1589 1877 1668 σέβων
1925 1588 2259 1685 ἔτιςολᾴς,

820 1696 870 1760 εἴ
920 1694 974 1759 δ’
1025 1695 1339 1770 ἐνδιδοίης,
1389 1692 1589 1775 ὥσπερ
1637 1694 1872 1768 &vatam
1921 1697 2146 1775 λόγον,

820 1801 1090 1880 πέμψων
1138 1801 1197 1864 τ’
1247 1803 1366 1866 ἀπ’
1413 1800 1586 1867 οἴκων
1635 1801 1840 1867 τῶνδε.

373 1907 589 1984 Σέβων
650 1912 785 1972 tam
835 1913 932 1972 est
978 1908 1284 1973 absonum
1338 1928 1527 1991 quam
1575 1907 1806 1992 μένων,
1855 1908 2024 1993 quod
2070 1910 2138 1972 in
2184 1907 2478 1974 Palatino
2523 1905 2754 1975 Codice

368 2012 632 2100 legitur.
727 2012 1042 2098 Equidem
1093 2015 1519 2098 reposuerim:
1563 2013 1872 2090 μαθών,
1923 2013 2068 2079 coll.
2116 2013 2255 2099 Iph.
2304 2012 2492 2081 Taur.
2547 2015 2756 2081 1446:

365 2119 573 2197 μαθὼν
621 2119 698 2197 δ’,
750 2116 1020 2200 Ὀρέςα,
1067 2120 1183 2191 τὰς
1236 2120 1395 2198 ἐμὰς
1445 2120 1762 2190 alme-omia.

459 2328 792 2418 Significat
876 2329 1228 2397 Hermione
1312 2352 1378 2397 se
1464 2351 1752 2398 socerum
1837 2332 2146 2397 maiorem
2217 2336 2505 2397 metuere
2522 2378 2538 2409 ,
2613 2338 2752 2396 tum

369 2433 658 2513 Orestes,
711 2457 801 2503 vs.
852 2441 950 2502 est
997 2435 1151 2514 993,

825 2541 1029 2622 θάρσει
1077 2542 1357 2622 γέροντος
1404 2549 1691 2621 χεῖρα·
1738 2541 1895 2606 τόνδ’
1952 2541 2304 2622 Ἀχιλλέως

821 2648 1008 2725 μηδὲν
1054 2648 1338 2730 φοβηθῇς
1386 2648 1586 2726 παῖδ’,
1637 2646 1727 2712 ὅτ’
1776 2650 1861 2721 εἷς
1912 2647 2013 2724 ἔμ’
2062 2646 2294 2728 ὕβρισε.

371 2752 574 2840 Lego:
623 2752 828 2832 θάρσει
872 2755 1154 2834 γέροντος
1204 2754 1274 2833 γ’
1322 2752 1579 2818 ἕνεκα.
1636 2751 1758 2830 Of„
1808 2756 1862 2817 si
1909 2774 2067 2839 opus
2115 2754 2458 2830 videbitur,
2497 2755 2752 2821 Heracl.

374 2857 501 2924 166
550 2865 615 2926 et
662 2859 902 2926 Phoen.
953 2857 1107 2925 865.

460 3069 533 3136 In
583 3068 777 3138 Ohori
825 3073 1037 3139 verbis
1083 3072 1163 3138 ad
1210 3071 1522 3149 Peleum,
1569 3092 1665 3138 νε.
1720 3070 1925 3137 1215ε
1979 3072 2095 3135 τίν’
2143 3071 2289 3135 aie-‘iv
2340 3071 2398 3144 ἐς
2442 3070 2514 3136 τὸ
2554 3072 2761 3138 λοιπὸν

369 3173 620 3255 ἔξεις,
668 3178 816 3245 vide
862 3200 942 3245 an
985 3198 1111 3244 non
1157 3180 1396 3245 rectius
1441 3181 1559 3244 sit:
1612 3175 1868 3252 ἄξεις.

462 3389 670 3477 Ipsius
717 3390 868 3456 deae
916 3389 1210 3455 Thetidis
1257 3394 1575 3474 postrema
1624 3390 1818 3456 verba
1865 3395 2015 3454 sunt
2034 3439 2051 3474 ,
2100 3411 2190 3455 vs.
2251 3387 2452 3456 1272:
2485 3376 2494 3383 ’

824 3499 1015 3560 πᾶσιν
1061 3496 1188 3573 γὰρ
1236 3492 1636 3573 ἀνθρώποισιν
1686 3496 1788 3571 ἥδε
1836 3497 1979 3574 πρὸς
2029 3492 2186 3560 θεῶν

822 3608 1034 3682 ψῆφος
1081 3601 1448 3680 κέκρανται,
1497 3598 1839 3666 κατθανεῖν
1888 3603 1946 3663 τ’
1995 3603 2339 3681 ὀφείλεται.

372 3706 498 3772 Per
565 3727 631 3772 se
699 3706 959 3792 quidem
1023 3706 1186 3773 nihil
1249 3714 1346 3773 est
1403 3728 1517 3772 cur
1577 3707 1678 3772 his
1735 3707 1945 3774 verbis
1990 3706 2379 3772 offendamur
2425 3710 2762 3795 ipsumque

371 3809 710 3877 κατθανεῖν
775 3813 1098 3888 ὀφείλεται
1163 3817 1300 3878 sine
1360 3815 1739 3898 cuiusquam
1799 3815 2155 3897 suspicione
2212 3812 2455 3899 legitur
2520 3813 2762 3880 Alcest.

374 3916 506 3983 419
558 3923 623 3984 et
667 3921 734 3984 in
784 3919 1016 4007 fragm.
1074 3919 1179 3984 10.
1240 3919 1358 3985 Est
1406 3925 1620 3984 autem
1673 3919 2041 4002 sciendum,
2089 3921 2155 3983 in
2198 3917 2488 3984 Parisino
2528 3917 2762 3987 Codice

371 4023 434 4089 τ’
502 4027 814 4090 omissum
880 4045 1014 4091 esse
1060 4032 1124 4088 et
1172 4028 1323 4110 quia
1366 4030 1592 4090 notum
1643 4032 1740 4090 est
1787 4025 1955 4109 apud
2002 4023 2375 4108 Euripidem
2422 4025 2762 4091 histriones

372 4149 556 4215 saepe
602 4131 885 4216 partium
935 4150 1195 4196 suarum
1244 4120 1427 4215 quasi
1473 4129 1709 4196 oblitos
1754 4150 1889 4195 sese
1937 4129 2016 4192 ad
2060 4134 2442 4213 spectatores
2500 4150 2761 4198 conver-

371 4240 540 4315 tere,
611 4256 737 4321 qua
799 4236 875 4301 de
934 4256 1003 4301 re
1066 4233 1346 4303 Oobetus
1410 4237 1578 4302 dixit
1640 4239 1706 4300 in
1772 4235 1988 4301 Variis
2035 4234 2447 4301 Lectionibus
2493 4256 2554 4321 p.
2608 4235 2761 4320 587,

376 4340 523 4408 vide
572 4362 731 4407 num
779 4341 1032 4428 probari
1079 4342 1333 4407 debeat:
