3192 5017
572 280 702 347 420
1674 304 1842 351 nmx

1567 471 1693 527 αὕτη
1719 472 1819 522 τοῦς
1847 470 2112 525 κακούργους
2143 469 2394 526 inficimur
2426 471 2618 515 uldam

753 530 857 593 καὶ
909 532 1095 596 αὐτὸν
1144 532 1501 607 ἐμέλλησαν
1550 536 1662 609 μὲν
1713 535 1769 591 ἐς
1820 534 1922 595 τὸν
1971 531 2256 597 Καιάδαν
2301 531 2644 609 ἐσβάλλειν
2692 529 2816 593 κτὲ.

659 634 801 700 Iam
864 642 1076 720 patet,
1125 637 1376 723 opinor,
1427 640 1745 724 quomodo
1794 637 2077 704 scholion
2123 642 2448 722 irrepserit
2495 636 2817 721 simulque
2858 636 2946 698 in·

570 738 856 805 finitivus
906 743 1259 819 ἐμβάλλειν
1307 744 1800 831 Thucydideum
1849 744 2208 821 ἐσβάλλειν
2257 744 2594 829 expulerit.
2658 741 2946 809 Ceterum

571 854 635 909 et
694 846 1180 913 Atheniensium
1240 849 1623 915 Barathrum
1684 858 1748 915 et
1811 850 2267 935 Spartanorum
2328 849 2607 916 Caeadas
2653 848 2946 914 Herodoti

571 949 1090 1038 Thucydidisque
1136 956 1507 1040 aequalibus
1553 957 1802 1021 abunde
1845 959 2102 1042 cognita
2141 966 2338 1021 erant.
2379 956 2621 1036 Quodsi
2657 959 2947 1021 historiae

570 1066 785 1142 pater,
852 1062 963 1143 qui
1025 1059 1399 1147 Thucydide
1462 1064 1529 1125 in
1576 1061 1949 1146 explicando
1997 1062 2322 1146 aliquanto
2365 1063 2620 1127 uberior
2667 1072 2764 1127 est
2807 1066 2948 1128 satis

568 1163 762 1229 habet
822 1167 1093 1232 scribere
1148 1167 1565 1232 Athenienses
1613 1168 1771 1233 olim
1821 1171 1992 1254 regis
2037 1168 2220 1232 Darii
2266 1169 2514 1255 legatos
2561 1172 2846 1234 iniecisse
2893 1169 2944 1238 ἐς

571 1272 639 1334 τὸ
687 1269 989 1350 βάραθρον
1036 1272 1135 1354 (L.
1186 1271 1304 1337 VII
1349 1295 1403 1338 c.
1459 1272 1636 1358 133),
1687 1276 1797 1357 qui
1838 1276 1903 1337 in
1948 1280 2230 1337 mentem
2272 1278 2550 1339 venisset
2589 1274 2943 1359 Thucydidi

571 1376 648 1440 de
703 1376 903 1441 simili
952 1399 1016 1441 re
1064 1398 1371 1463 exponere
1415 1379 1482 1443 id
1532 1380 1700 1462 quod
1746 1381 1814 1442 in
1863 1379 2103 1465 vulgus
2150 1390 2376 1444 notum
2428 1378 2633 1445 esset?

660 1482 1001 1548 Emblema
1057 1486 1576 1568 antiquissimum
1637 1504 1771 1549 esse
1826 1485 2008 1549 docet
2055 1481 2387 1550 Cornelius
2435 1485 2687 1569 Nepos,
2738 1487 2845 1569 qui
2887 1487 2945 1548 in

572 1588 722 1655 Vita
768 1589 1119 1655 Pausaniae
1167 1589 1382 1656 locum
1429 1590 1885 1675 interpolatum
1932 1591 2244 1656 imitando
2291 1594 2620 1675 expressit.

662 1802 967 1868 Isocrates
987 1850 1005 1878 ,
1065 1808 1139 1866 ut
1202 1803 1371 1888 apud
1436 1801 1712 1869 Graecos
1775 1803 2004 1887 reliqui
2067 1804 2194 1869 fere
2256 1824 2505 1880 omnes,
2574 1824 2701 1869 non
2751 1803 2942 1869 solum

571 1911 807 1991 ῥήτορες
858 1909 1241 1974 ἐπιδεικτικοὶ
1292 1909 1401 1974 sed
1449 1913 1648 1974 etiam
1691 1931 1905 1974 rerum
1953 1912 2321 1994 scriptores,
2369 1913 2481 1995 qui
2529 1910 2728 1998 vulgo
2785 1909 2949 1975 fictas

574 2018 886 2080 orationes
954 2015 1237 2080 historiis
1306 2018 1439 2079 suis
1500 2018 1787 2080 inserunt
1839 2014 1910 2099 ¹),
1973 2018 2041 2080 in
2099 2016 2357 2080 edendis
2403 2016 2700 2101 operibus
2747 2019 2951 2081 animo

572 2122 697 2186 sibi
743 2123 1072 2206 proposuit
1117 2140 1241 2185 non
1287 2128 1422 2186 tam
1472 2122 1716 2185 lectores
1760 2141 1954 2205 quam
2004 2127 2312 2187 attentam
2356 2123 2758 2187 audientium
2794 2142 2952 2187 coro-

573 2247 760 2310 nam,
809 2229 1040 2310 quibus
1086 2248 1159 2292 ea
1208 2247 1365 2311 quae
1412 2226 1619 2292 literis
1665 2227 2066 2302 mandasset,
2117 2228 2196 2291 ab
2237 2236 2585 2315 anagnosta
2623 2230 2950 2292 recitaren-

574 2339 698 2397 tur.
793 2331 1019 2416 Itaque
1088 2334 1158 2397 in
1225 2334 1586 2417 Paneqyrico
1656 2334 1720 2417 (ξ
1781 2333 1892 2419 12)
1961 2343 2171 2398 orator
2239 2334 2447 2398 dicere
2513 2332 2697 2399 nullo
2768 2332 2950 2399 modo

571 2439 823 2522 potuit:

664 2538 821 2607 οὗτοι
883 2543 997 2620 μὲν
1063 2538 1162 2608 οὖν
1222 2545 1289 2609 οὐ
1352 2544 1687 2620 λελήθασιν
1753 2542 1842 2609 ὅτι
1907 2546 2155 2614 τούτους
2203 2546 2582 2623 ἐπαινοῦσιν,
2631 2541 2708 2609 ὧν
2755 2546 2946 2624 ἐγγὺς

574 2649 750 2713 αὐτοὶ
815 2650 1242 2730 τυγχάνουσιν
1301 2650 1468 2721 ὄντες
1495 2673 1508 2688 ·
1558 2651 1688 2728 ἐμοὶ
1740 2651 1790 2715 δ’
1839 2651 2002 2716 οὐδὲν
2049 2652 2191 2730 πρὸς
2240 2652 2381 2724 τοὺς
2428 2655 2730 2725 τοιούτους
2779 2653 2950 2715 ἀλλὰ

570 2755 716 2833 πρὸς
777 2755 1031 2825 ἐκείνους
1076 2755 1245 2838 ἐστι’,
1293 2755 1432 2826 τοὺς
1482 2755 1649 2820 οὐδὲν
1695 2756 2173 2834 ἀποδειξομένους
2224 2764 2340 2823 τῶν
2387 2760 2518 2835 εἰκῇ
2565 2761 2947 2836 λεγομένων,

570 2862 749 2924 ἀλλὰ
821 2861 1346 2942 δυσχερανοῦντας
1419 2862 1524 2926 καὶ
1589 2860 1964 2941 ζητήσοντας
2030 2866 2049 2928 ι’
2072 2864 2238 2929 δεῖν
2297 2890 2354 2929 τι
2406 2869 2671 2930 τοιοῦτον
2716 2866 2779 2928 ἐν
2825 2871 2945 2937 τοῖς

571 2966 773 3042 ἐμοῖς,
820 2959 936 3030 οἷον
983 2968 1158 3043 παρὰ
1206 2975 1331 3038 τοῖς
1381 2966 1597 3038 ἄλλοις
1645 2971 1767 3050 οὐχ
1813 2969 2172 3047 εὑρήσουσιν.

664 3071 833 3150 Quid
892 3070 1138 3159 igitur?
1202 3076 1257 3138 si
1319 3073 1471 3157 quid
1534 3075 1722 3140 video
1743 3124 1760 3158 ‚
1823 3085 2040 3158 parata
2106 3083 2201 3141 est
2249 3082 2421 3141 certa
2469 3077 2808 3144 medicina.
2856 3077 2950 3142 Tu

571 3176 896 3243 lenissime
950 3178 1247 3245 emenda:

998 3310 1015 3323 ·
1118 3286 1223 3349 καὶ
1271 3283 1647 3366 ζητήσοντας
1694 3295 1944 3352 ΙΔΙΟΝ
1992 3310 2053 3352 τι
2099 3292 2388 3354 τοιοῦτον.

661 3509 734 3575 In
799 3511 1019 3577 eadem
1077 3516 1357 3579 oratione
1403 3517 1677 3579 occurrit
1721 3515 2118 3582 nobilissima
2162 3520 2326 3595 ῥῆσις
2374 3517 2453 3582 de
2497 3520 2673 3603 poesi
2719 3517 2948 3584 Home-

571 3618 733 3692 rica,
783 3637 973 3701 quam
1022 3622 1259 3701 partim
1305 3619 1490 3685 iuvat
1535 3621 1885 3687 describere
1933 3623 1995 3706 (ξ
2046 3620 2174 3688 158
2221 3625 2413 3710 seq.):

665 3721 818 3801 εὕροι
867 3724 920 3788 δ’
970 3721 1047 3788 ἄν
1094 3746 1186 3794 τις
1237 3726 1305 3789 ἐκ
1352 3727 1466 3801 μὲν
1512 3731 1619 3791 τοῦ
1671 3731 1941 3805 πολέμου
1988 3733 2094 3792 τοῦ
2142 3729 2287 3809 πρὸς
2335 3730 2695 3810 βαρβάρους
2739 3731 2948 3809 ὕμνους

571 3830 1044 3907 πεποιημένους,
1099 3831 1169 3894 ἐκ
1215 3832 1280 3896 δὲ
1328 3835 1434 3896 τοῦ
1480 3835 1624 3911 πρὸς
1674 3833 1814 3906 τοὺς
1857 3834 2178 3908 Ἕλληνας
2228 3837 2466 3914 θρήνους
2510 3840 2656 3914 ἡμῖν
2697 3863 2948 3917 γεγε-νη·

571 3937 787 4014 μένους
849 3984 1046 4003 .....
1119 3933 1291 4014 οἶμαι
1365 3938 1427 4002 δὲ
1500 3940 1604 4003 καὶ
1666 3943 1776 4013 τήν
1837 3944 2109 4022 Ὀμήρου
2174 3941 2411 4018 ποίησιν
2473 3943 2660 4025 μείζω
2727 3945 2948 4022 λαβεῖν

644 4232 698 4296 1)
734 4229 942 4293 Insignis
987 4231 1058 4276 est
1093 4229 1222 4279 locus
1258 4231 1555 4295 Thucydidis
1588 4234 1661 4290 (L.
1701 4234 1726 4282 I
1763 4250 1802 4282 c.
1839 4234 1928 4299 22)
1965 4233 2044 4282 ubi
2078 4235 2148 4284 ita
2181 4235 2404 4294 legimus:
2452 4238 2534 4287 καὶ
2570 4235 2619 4295 ἃς
2657 4238 2746 4300 μὲν
2782 4238 2948 4303 &apd-

569 4335 602 4367 α
616 4335 716 4367 σιν
741 4313 861 4373 ’ἴσως
900 4315 961 4365 τὸ
999 4317 1066 4378 μή
1103 4316 1309 4379 μυθῶδες
1349 4317 1508 4370 αὐτῶν
1546 4320 1843 4385 (orationum
1878 4338 1994 4387 quas
2029 4324 2294 4374 narrationi
2331 4325 2620 4395 inseruerat)
2654 4326 2944 4392 &rupa-ine-

569 4424 645 4472 ραν
681 4401 908 4469 wara!
945 4403 1053 4457 xvi.
