<?xml version="1.0" encoding="UTF-8"?>
<!DOCTYPE html PUBLIC "-//W3C//DTD XHTML 1.0 Transitional//EN"
    "http://www.w3.org/TR/xhtml1/DTD/xhtml1-transitional.dtd">
<html xmlns="http://www.w3.org/1999/xhtml" xml:lang="en" lang="en">
 <head>
  <title>
</title>
<meta http-equiv="Content-Type" content="text/html;charset=utf-8" />
  <meta name='ocr-system' content='tesseract 3.04.00' />
  <meta name='ocr-capabilities' content='ocr_page ocr_carea ocr_par ocr_line ocrx_word'/>
</head>
<body>
  <div class='ocr_page' id='page_1' title='image "./mnemosynebiblio14servgoog_0201.png"; bbox 0 0 3192 5017; ppageno 0'>
   <div class='ocr_carea' id='block_1_1' title="bbox 1138 288 2647 357">
    <p class='ocr_par' dir='ltr' id='par_1_1' title="bbox 1138 288 2647 357">
     <span class='ocr_line' id='line_1_1' title="bbox 1138 288 2647 357; baseline 0 0"><span class='ocrx_word' id='word_1_1' title='bbox 1138 300 1451 357; x_wconf 67' lang='lat' dir='ltr'><strong>merum</strong></span> <span class='ocrx_word' id='word_1_2' title='bbox 1500 302 1771 357; x_wconf 60' lang='lat' dir='ltr'><strong>onmes.</strong></span> <span class='ocrx_word' id='word_1_3' title='bbox 2523 288 2647 357; x_wconf 75' lang='lat'><strong>197</strong></span> 
     </span>
    </p>
   </div>
   <div class='ocr_carea' id='block_1_2' title="bbox 202 476 2653 4405">
    <p class='ocr_par' dir='ltr' id='par_1_2' title="bbox 354 476 711 567">
     <span class='ocr_line' id='line_1_2' title="bbox 354 476 711 567; baseline 0.008 -22"><span class='ocrx_word' id='word_1_4' title='bbox 354 476 711 567; x_wconf 75' lang='lat' dir='ltr'><strong>Pelopidae.</strong></span> 
     </span>
    </p>

    <p class='ocr_par' dir='ltr' id='par_1_3' title="bbox 352 584 2385 680">
     <span class='ocr_line' id='line_1_3' title="bbox 352 584 2385 680; baseline -0 -26"><span class='ocrx_word' id='word_1_5' title='bbox 352 584 501 673; x_wconf 86' lang='lat' dir='ltr'><strong>Cap.</strong></span> <span class='ocrx_word' id='word_1_6' title='bbox 552 587 636 653; x_wconf 89' lang='lat' dir='ltr'><strong>H.</strong></span> <span class='ocrx_word' id='word_1_7' title='bbox 689 586 751 653; x_wconf 86' lang='lat'><strong>5.</strong></span> <span class='ocrx_word' id='word_1_8' title='bbox 2380 676 2385 680; x_wconf 17' lang='grc' dir='ltr'>ι</span> 
     </span>
    </p>

    <p class='ocr_par' dir='ltr' id='par_1_4' title="bbox 263 692 2650 993">
     <span class='ocr_line' id='line_1_4' title="bbox 349 692 2650 782; baseline 0 -22"><span class='ocrx_word' id='word_1_9' title='bbox 349 692 456 760; x_wconf 85' lang='lat' dir='ltr'><strong>Illi</strong></span> <span class='ocrx_word' id='word_1_10' title='bbox 500 696 712 782; x_wconf 83' lang='lat' dir='ltr'><strong>igitur</strong></span> <span class='ocrx_word' id='word_1_11' title='bbox 757 693 1136 772; x_wconf 84' lang='lat' dir='ltr'><strong>duodecim,</strong></span> <span class='ocrx_word' id='word_1_12' title='bbox 1186 713 1453 778; x_wconf 88' lang='lat' dir='ltr'><strong>quorum</strong></span> <span class='ocrx_word' id='word_1_13' title='bbox 1507 692 1636 758; x_wconf 83' lang='lat' dir='ltr'><strong>dux</strong></span> <span class='ocrx_word' id='word_1_14' title='bbox 1679 697 1810 759; x_wconf 80' lang='lat' dir='ltr'><strong>erat</strong></span> <span class='ocrx_word' id='word_1_15' title='bbox 1850 692 2223 779; x_wconf 77' lang='lat' dir='ltr'>Pelopidas,</span> <span class='ocrx_word' id='word_1_16' title='bbox 2264 716 2412 760; x_wconf 91' lang='lat' dir='ltr'><strong>cum</strong></span> <span class='ocrx_word' id='word_1_17' title='bbox 2456 696 2650 761; x_wconf 89' lang='lat' dir='ltr'><strong>Athe-</strong></span> 
     </span>
     <span class='ocr_line' id='line_1_5' title="bbox 263 797 2650 887; baseline 0 -23"><span class='ocrx_word' id='word_1_18' title='bbox 263 802 355 866; x_wconf 89' lang='lat' dir='ltr'><strong>nis</strong></span> <span class='ocrx_word' id='word_1_19' title='bbox 422 799 711 866; x_wconf 85' lang='lat' dir='ltr'><strong>interdiu</strong></span> <span class='ocrx_word' id='word_1_20' title='bbox 782 800 1058 866; x_wconf 82' lang='lat' dir='ltr'><strong>exissent</strong></span> <span class='ocrx_word' id='word_1_21' title='bbox 1128 803 1205 864; x_wconf 91' lang='lat' dir='ltr'><strong>ut</strong></span> <span class='ocrx_word' id='word_1_22' title='bbox 1276 806 1748 886; x_wconf 75' lang='lat' dir='ltr'><strong>vesperascente</strong></span> <span class='ocrx_word' id='word_1_23' title='bbox 1817 799 1992 866; x_wconf 88' lang='lat' dir='ltr'><strong>caelo</strong></span> <span class='ocrx_word' id='word_1_24' title='bbox 2063 797 2313 867; x_wconf 80' lang='lat' dir='ltr'><strong>Thebas</strong></span> <span class='ocrx_word' id='word_1_25' title='bbox 2395 807 2650 887; x_wconf 82' lang='lat' dir='ltr'><strong>possent</strong></span> 
     </span>
     <span class='ocr_line' id='line_1_6' title="bbox 263 910 750 993; baseline 0 -21"><span class='ocrx_word' id='word_1_26' title='bbox 263 910 585 993; x_wconf 87' lang='lat' dir='ltr'><strong>pervenire</strong></span> <span class='ocrx_word' id='word_1_27' title='bbox 631 910 750 974; x_wconf 87' lang='lat' dir='ltr'><strong>cet.</strong></span> 
     </span>
    </p>

    <p class='ocr_par' dir='ltr' id='par_1_5' title="bbox 264 1012 2651 1187">
     <span class='ocr_line' id='line_1_7' title="bbox 344 1012 2651 1099; baseline 0 -20"><span class='ocrx_word' id='word_1_28' title='bbox 344 1013 736 1080; x_wconf 80' lang='lat' dir='ltr'><strong>Emendavit</strong></span> <span class='ocrx_word' id='word_1_29' title='bbox 795 1014 1118 1079; x_wconf 70' lang='lat' dir='ltr'><strong>exeundum</strong></span> <span class='ocrx_word' id='word_1_30' title='bbox 1180 1020 1330 1078; x_wconf 68' lang='lat' dir='ltr'><strong>esset</strong></span> <span class='ocrx_word' id='word_1_31' title='bbox 1344 1063 1359 1091; x_wconf 90' lang='lat'>‚</span> <span class='ocrx_word' id='word_1_32' title='bbox 1420 1012 1717 1099; x_wconf 87' lang='lat' dir='ltr'><strong>equidem</strong></span> <span class='ocrx_word' id='word_1_33' title='bbox 1763 1013 2025 1079; x_wconf 89' lang='lat' dir='ltr'><strong>malim:</strong></span> <span class='ocrx_word' id='word_1_34' title='bbox 2074 1013 2166 1078; x_wconf 78' lang='lat' dir='ltr'><strong>ita</strong></span> <span class='ocrx_word' id='word_1_35' title='bbox 2211 1013 2492 1080; x_wconf 80' lang='lat' dir='ltr'><strong>interdiu</strong></span> <span class='ocrx_word' id='word_1_36' title='bbox 2538 1036 2651 1080; x_wconf 81' lang='lat' dir='ltr'><strong>ex-</strong></span> 
     </span>
     <span class='ocr_line' id='line_1_8' title="bbox 264 1117 623 1187; baseline 0.006 -2"><span class='ocrx_word' id='word_1_37' title='bbox 264 1117 450 1185; x_wconf 86' lang='lat' dir='ltr'><strong>issent</strong></span> <span class='ocrx_word' id='word_1_38' title='bbox 498 1125 623 1187; x_wconf 90' lang='lat' dir='ltr'><strong>cet.</strong></span> 
     </span>
    </p>

    <p class='ocr_par' dir='ltr' id='par_1_6' title="bbox 344 1225 690 1294">
     <span class='ocr_line' id='line_1_9' title="bbox 344 1225 690 1294; baseline 0.006 -3"><span class='ocrx_word' id='word_1_39' title='bbox 344 1225 690 1294; x_wconf 85' lang='lat' dir='ltr'><strong>Eumenes.</strong></span> 
     </span>
    </p>

    <p class='ocr_par' dir='ltr' id='par_1_7' title="bbox 346 1328 861 1421">
     <span class='ocr_line' id='line_1_10' title="bbox 346 1328 861 1421; baseline 0 -23"><span class='ocrx_word' id='word_1_40' title='bbox 346 1328 496 1421; x_wconf 85' lang='lat' dir='ltr'><strong>Cap.</strong></span> <span class='ocrx_word' id='word_1_41' title='bbox 552 1334 749 1401; x_wconf 86' lang='lat' dir='ltr'><strong>XIII.</strong></span> <span class='ocrx_word' id='word_1_42' title='bbox 796 1332 861 1399; x_wconf 82' lang='lat'><strong>2.</strong></span> 
     </span>
    </p>

    <p class='ocr_par' dir='ltr' id='par_1_8' title="bbox 345 1441 2160 1527">
     <span class='ocr_line' id='line_1_11' title="bbox 345 1441 2160 1527; baseline 0.002 -23"><span class='ocrx_word' id='word_1_43' title='bbox 345 1441 411 1504; x_wconf 89' lang='lat' dir='ltr'><strong>in</strong></span> <span class='ocrx_word' id='word_1_44' title='bbox 464 1462 594 1527; x_wconf 94' lang='lat' dir='ltr'><strong>quo</strong></span> <span class='ocrx_word' id='word_1_45' title='bbox 646 1445 884 1526; x_wconf 89' lang='lat' dir='ltr'><strong>quanta</strong></span> <span class='ocrx_word' id='word_1_46' title='bbox 931 1442 1219 1507; x_wconf 90' lang='lat' dir='ltr'><strong>omnium</strong></span> <span class='ocrx_word' id='word_1_47' title='bbox 1267 1442 1463 1508; x_wconf 88' lang='lat' dir='ltr'><strong>fuerit</strong></span> <span class='ocrx_word' id='word_1_48' title='bbox 1510 1442 1726 1527; x_wconf 90' lang='lat' dir='ltr'><strong>opinio</strong></span> <span class='ocrx_word' id='word_1_49' title='bbox 1771 1462 1989 1508; x_wconf 87' lang='lat' dir='ltr'><strong>eorum</strong></span> <span class='ocrx_word' id='word_1_50' title='bbox 2039 1448 2160 1509; x_wconf 88' lang='lat' dir='ltr'><strong>cet.</strong></span> 
     </span>
    </p>

    <p class='ocr_par' dir='ltr' id='par_1_9' title="bbox 260 1544 2652 1740">
     <span class='ocr_line' id='line_1_12' title="bbox 342 1544 2652 1634; baseline 0.001 -22"><span class='ocrx_word' id='word_1_51' title='bbox 342 1544 579 1613; x_wconf 84' lang='lat' dir='ltr'><strong>Veram</strong></span> <span class='ocrx_word' id='word_1_52' title='bbox 627 1547 966 1615; x_wconf 80' lang='lat' dir='ltr'><strong>lectionem</strong></span> <span class='ocrx_word' id='word_1_53' title='bbox 1015 1554 1079 1613; x_wconf 89' lang='lat' dir='ltr'><strong>te</strong></span> <span class='ocrx_word' id='word_1_54' title='bbox 1127 1555 1380 1614; x_wconf 85' lang='lat' dir='ltr'><strong>auctore</strong></span> <span class='ocrx_word' id='word_1_55' title='bbox 1428 1550 1714 1614; x_wconf 85' lang='lat' dir='ltr'><strong>restituit</strong></span> <span class='ocrx_word' id='word_1_56' title='bbox 1759 1548 1885 1634; x_wconf 92' lang='lat' dir='ltr'><strong>Pl.,</strong></span> <span class='ocrx_word' id='word_1_57' title='bbox 1933 1570 2086 1615; x_wconf 89' lang='lat' dir='ltr'><strong>cum</strong></span> <span class='ocrx_word' id='word_1_58' title='bbox 2124 1552 2214 1615; x_wconf 89' lang='lat' dir='ltr'><strong>sic</strong></span> <span class='ocrx_word' id='word_1_59' title='bbox 2252 1548 2652 1615; x_wconf 80' lang='lat' dir='ltr'><strong>emendavit:</strong></span> 
     </span>
     <span class='ocr_line' id='line_1_13' title="bbox 260 1652 2135 1740; baseline 0.002 -23"><span class='ocrx_word' id='word_1_60' title='bbox 260 1652 321 1717; x_wconf 88' lang='lat' dir='ltr'><strong>in</strong></span> <span class='ocrx_word' id='word_1_61' title='bbox 368 1672 492 1738; x_wconf 91' lang='lat' dir='ltr'><strong>quo</strong></span> <span class='ocrx_word' id='word_1_62' title='bbox 543 1665 835 1740; x_wconf 76' lang='lat' dir='ltr'><strong>quantwm</strong></span> <span class='ocrx_word' id='word_1_63' title='bbox 886 1654 1078 1720; x_wconf 89' lang='lat' dir='ltr'><strong>fuerit</strong></span> <span class='ocrx_word' id='word_1_64' title='bbox 1125 1655 1400 1739; x_wconf 80' lang='lat' dir='ltr'><strong>opinione</strong></span> <span class='ocrx_word' id='word_1_65' title='bbox 1444 1654 1702 1718; x_wconf 72' lang='lat' dir='ltr'><strong>omnium</strong></span> <span class='ocrx_word' id='word_1_66' title='bbox 1747 1675 1966 1721; x_wconf 90' lang='lat' dir='ltr'><strong>eorum</strong></span> <span class='ocrx_word' id='word_1_67' title='bbox 2015 1661 2135 1721; x_wconf 90' lang='lat' dir='ltr'><strong>cet.</strong></span> 
     </span>
    </p>

    <p class='ocr_par' dir='ltr' id='par_1_10' title="bbox 202 1757 2653 2592">
     <span class='ocr_line' id='line_1_14' title="bbox 342 1757 2651 1847; baseline 0.001 -22"><span class='ocrx_word' id='word_1_68' title='bbox 342 1757 540 1826; x_wconf 87' lang='lat' dir='ltr'><strong>Haud</strong></span> <span class='ocrx_word' id='word_1_69' title='bbox 610 1763 939 1827; x_wconf 86' lang='lat' dir='ltr'><strong>immerito</strong></span> <span class='ocrx_word' id='word_1_70' title='bbox 1005 1768 1219 1827; x_wconf 90' lang='lat' dir='ltr'><strong>autem</strong></span> <span class='ocrx_word' id='word_1_71' title='bbox 1285 1763 1662 1847; x_wconf 85' lang='lat' dir='ltr'><strong>interpretes</strong></span> <span class='ocrx_word' id='word_1_72' title='bbox 1724 1782 1761 1826; x_wconf 91' lang='lat' dir='ltr'><strong>a</strong></span> <span class='ocrx_word' id='word_1_73' title='bbox 1819 1760 2052 1827; x_wconf 85' lang='lat' dir='ltr'><strong>lectore</strong></span> <span class='ocrx_word' id='word_1_74' title='bbox 2116 1763 2382 1828; x_wconf 87' lang='lat' dir='ltr'><strong>conferri</strong></span> <span class='ocrx_word' id='word_1_75' title='bbox 2427 1762 2651 1829; x_wconf 91' lang='lat' dir='ltr'><strong>iubent</strong></span> 
     </span>
     <span class='ocr_line' id='line_1_15' title="bbox 261 1863 2651 1954; baseline 0.002 -26"><span class='ocrx_word' id='word_1_76' title='bbox 261 1863 443 1931; x_wconf 89' lang='lat' dir='ltr'><strong>Phoc.</strong></span> <span class='ocrx_word' id='word_1_77' title='bbox 484 1865 578 1931; x_wconf 86' lang='lat' dir='ltr'><strong>IV</strong></span> <span class='ocrx_word' id='word_1_78' title='bbox 610 1880 768 1933; x_wconf 80' lang='lat' dir='ltr'><strong>extr.</strong></span> <span class='ocrx_word' id='word_1_79' title='bbox 814 1869 925 1946; x_wconf 83' lang='lat' dir='ltr'><strong>„in</strong></span> <span class='ocrx_word' id='word_1_80' title='bbox 961 1867 1082 1933; x_wconf 89' lang='lat' dir='ltr'><strong>hoc</strong></span> <span class='ocrx_word' id='word_1_81' title='bbox 1120 1872 1375 1932; x_wconf 85' lang='lat' dir='ltr'><strong>tantum</strong></span> <span class='ocrx_word' id='word_1_82' title='bbox 1422 1867 1551 1931; x_wconf 86' lang='lat' dir='ltr'><strong>fuit</strong></span> <span class='ocrx_word' id='word_1_83' title='bbox 1595 1866 1815 1932; x_wconf 91' lang='lat' dir='ltr'><strong>odium</strong></span> <span class='ocrx_word' id='word_1_84' title='bbox 1863 1866 2371 1946; x_wconf 88' lang='lat' dir='ltr'><strong>multitudinis”,</strong></span> <span class='ocrx_word' id='word_1_85' title='bbox 2419 1869 2651 1954; x_wconf 90' lang='lat' dir='ltr'><strong>quibus</strong></span> 
     </span>
     <span class='ocr_line' id='line_1_16' title="bbox 260 1971 2649 2061; baseline 0.003 -27"><span class='ocrx_word' id='word_1_86' title='bbox 260 1972 463 2037; x_wconf 88' lang='lat' dir='ltr'><strong>verbis</strong></span> <span class='ocrx_word' id='word_1_87' title='bbox 513 1971 837 2061; x_wconf 82' lang='lat' dir='ltr'><strong>significat</strong></span> <span class='ocrx_word' id='word_1_88' title='bbox 884 1972 1098 2060; x_wconf 84' lang='lat' dir='ltr'><strong>Nepos</strong></span> <span class='ocrx_word' id='word_1_89' title='bbox 1144 1972 1534 2039; x_wconf 85' lang='lat' dir='ltr'><strong>Phocionem</strong></span> <span class='ocrx_word' id='word_1_90' title='bbox 1599 1977 1667 2038; x_wconf 88' lang='lat' dir='ltr'><strong>in</strong></span> <span class='ocrx_word' id='word_1_91' title='bbox 1729 1972 1950 2060; x_wconf 89' lang='lat' dir='ltr'><strong>populi</strong></span> <span class='ocrx_word' id='word_1_92' title='bbox 2013 1974 2230 2041; x_wconf 91' lang='lat' dir='ltr'><strong>odium</strong></span> <span class='ocrx_word' id='word_1_93' title='bbox 2292 1976 2649 2042; x_wconf 81' lang='lat' dir='ltr'><strong>incurrisse.</strong></span> 
     </span>
     <span class='ocr_line' id='line_1_17' title="bbox 202 2076 2653 2168; baseline 0.002 -25"><span class='ocrx_word' id='word_1_94' title='bbox 202 2076 206 2081; x_wconf 73' lang='grc'><strong><em>’</em></strong></span> <span class='ocrx_word' id='word_1_95' title='bbox 259 2076 470 2165; x_wconf 85' lang='lat' dir='ltr'><strong>Neque</strong></span> <span class='ocrx_word' id='word_1_96' title='bbox 531 2082 697 2145; x_wconf 88' lang='lat' dir='ltr'><strong>ratio</strong></span> <span class='ocrx_word' id='word_1_97' title='bbox 744 2081 912 2145; x_wconf 89' lang='lat' dir='ltr'><strong>mihi</strong></span> <span class='ocrx_word' id='word_1_98' title='bbox 957 2080 1026 2145; x_wconf 91' lang='lat' dir='ltr'><strong>in</strong></span> <span class='ocrx_word' id='word_1_99' title='bbox 1070 2085 1374 2167; x_wconf 85' lang='lat' dir='ltr'><strong>promptu</strong></span> <span class='ocrx_word' id='word_1_100' title='bbox 1420 2085 1545 2158; x_wconf 89' lang='lat' dir='ltr'><strong>est,</strong></span> <span class='ocrx_word' id='word_1_101' title='bbox 1596 2101 1711 2146; x_wconf 90' lang='lat' dir='ltr'><strong>cur</strong></span> <span class='ocrx_word' id='word_1_102' title='bbox 1755 2081 1832 2146; x_wconf 90' lang='lat' dir='ltr'><strong>de</strong></span> <span class='ocrx_word' id='word_1_103' title='bbox 1878 2081 2169 2160; x_wconf 90' lang='lat' dir='ltr'><strong>homine,</strong></span> <span class='ocrx_word' id='word_1_104' title='bbox 2217 2103 2407 2168; x_wconf 87' lang='lat' dir='ltr'><strong>quem</strong></span> <span class='ocrx_word' id='word_1_105' title='bbox 2454 2083 2653 2149; x_wconf 90' lang='lat' dir='ltr'><strong>multi</strong></span> 
     </span>
     <span class='ocr_line' id='line_1_18' title="bbox 262 2185 2649 2274; baseline 0.003 -26"><span class='ocrx_word' id='word_1_106' title='bbox 262 2188 678 2271; x_wconf 82' lang='lat' dir='ltr'><strong>suspicerent,</strong></span> <span class='ocrx_word' id='word_1_107' title='bbox 746 2207 871 2252; x_wconf 92' lang='lat' dir='ltr'><strong>non</strong></span> <span class='ocrx_word' id='word_1_108' title='bbox 937 2186 1152 2252; x_wconf 91' lang='lat' dir='ltr'><strong>eodem</strong></span> <span class='ocrx_word' id='word_1_109' title='bbox 1218 2186 1346 2252; x_wconf 89' lang='lat' dir='ltr'><strong>fere</strong></span> <span class='ocrx_word' id='word_1_110' title='bbox 1407 2185 1597 2252; x_wconf 91' lang='lat' dir='ltr'><strong>modo</strong></span> <span class='ocrx_word' id='word_1_111' title='bbox 1659 2192 1750 2265; x_wconf 80' lang='lat' dir='ltr'><strong>(in</strong></span> <span class='ocrx_word' id='word_1_112' title='bbox 1811 2210 1921 2272; x_wconf 79' lang='lat' dir='ltr'><strong>quo</strong></span> <span class='ocrx_word' id='word_1_113' title='bbox 1968 2189 2141 2253; x_wconf 90' lang='lat' dir='ltr'><strong>enim</strong></span> <span class='ocrx_word' id='word_1_114' title='bbox 2187 2189 2520 2274; x_wconf 84' lang='lat' dir='ltr'><strong>respondet</strong></span> <span class='ocrx_word' id='word_1_115' title='bbox 2565 2191 2649 2271; x_wconf 72' lang='grc' dir='ltr'><strong>τῷ</strong></span> 
     </span>
     <span class='ocr_line' id='line_1_19' title="bbox 262 2289 2649 2379; baseline 0.003 -26"><span class='ocrx_word' id='word_1_116' title='bbox 262 2295 318 2353; x_wconf 65' lang='lat' dir='ltr'><strong>ia</strong></span> <span class='ocrx_word' id='word_1_117' title='bbox 362 2292 491 2379; x_wconf 78' lang='grc' dir='ltr'><em>Ιιοο)</em></span> <span class='ocrx_word' id='word_1_118' title='bbox 548 2289 878 2360; x_wconf 87' lang='lat' dir='ltr'><strong>Cornelius</strong></span> <span class='ocrx_word' id='word_1_119' title='bbox 921 2297 1134 2359; x_wconf 90' lang='lat' dir='ltr'><strong>noster</strong></span> <span class='ocrx_word' id='word_1_120' title='bbox 1175 2291 1353 2378; x_wconf 91' lang='lat' dir='ltr'><strong>loqui</strong></span> <span class='ocrx_word' id='word_1_121' title='bbox 1397 2295 1698 2379; x_wconf 84' lang='lat' dir='ltr'><strong>potuerit.</strong></span> <span class='ocrx_word' id='word_1_122' title='bbox 1747 2290 1820 2358; x_wconf 83' lang='lat' dir='ltr'><strong>Si</strong></span> <span class='ocrx_word' id='word_1_123' title='bbox 1857 2315 2007 2360; x_wconf 91' lang='lat' dir='ltr'><strong>vero</strong></span> <span class='ocrx_word' id='word_1_124' title='bbox 2044 2293 2432 2360; x_wconf 89' lang='lat' dir='ltr'><strong>doctioribus</strong></span> <span class='ocrx_word' id='word_1_125' title='bbox 2471 2317 2649 2361; x_wconf 91' lang='lat' dir='ltr'><strong>men-</strong></span> 
     </span>
     <span class='ocr_line' id='line_1_20' title="bbox 262 2395 2644 2485; baseline 0.003 -24"><span class='ocrx_word' id='word_1_126' title='bbox 262 2395 406 2462; x_wconf 90' lang='lat' dir='ltr'><strong>dum</strong></span> <span class='ocrx_word' id='word_1_127' title='bbox 475 2399 679 2466; x_wconf 87' lang='lat' dir='ltr'><strong>latere</strong></span> <span class='ocrx_word' id='word_1_128' title='bbox 738 2420 1107 2485; x_wconf 92' lang='lat' dir='ltr'><strong>persuasum</strong></span> <span class='ocrx_word' id='word_1_129' title='bbox 1173 2405 1268 2465; x_wconf 86' lang='lat' dir='ltr'><strong>est</strong></span> <span class='ocrx_word' id='word_1_130' title='bbox 1292 2447 1308 2477; x_wconf 89' lang='lat'><strong>,</strong></span> <span class='ocrx_word' id='word_1_131' title='bbox 1370 2398 1586 2465; x_wconf 89' lang='lat' dir='ltr'><strong>locum</strong></span> <span class='ocrx_word' id='word_1_132' title='bbox 1649 2401 1740 2466; x_wconf 92' lang='lat' dir='ltr'><strong>sic</strong></span> <span class='ocrx_word' id='word_1_133' title='bbox 1802 2400 2208 2466; x_wconf 88' lang='lat' dir='ltr'><strong>emendatum</strong></span> <span class='ocrx_word' id='word_1_134' title='bbox 2276 2400 2507 2467; x_wconf 84' lang='lat' dir='ltr'><strong>velim:</strong></span> <span class='ocrx_word' id='word_1_135' title='bbox 2569 2401 2644 2467; x_wconf 92' lang='lat' dir='ltr'><strong>In</strong></span> 
     </span>
     <span class='ocr_line' id='line_1_21' title="bbox 263 2506 2085 2592; baseline 0.002 -24"><span class='ocrx_word' id='word_1_136' title='bbox 263 2523 376 2587; x_wconf 86' lang='lat' dir='ltr'><strong>quo</strong></span> <span class='ocrx_word' id='word_1_137' title='bbox 424 2513 665 2592; x_wconf 87' lang='lat' dir='ltr'><strong>quanta</strong></span> <span class='ocrx_word' id='word_1_138' title='bbox 713 2506 1073 2592; x_wconf 89' lang='lat' dir='ltr'><strong>amplitudo</strong></span> <span class='ocrx_word' id='word_1_139' title='bbox 1119 2506 1314 2571; x_wconf 86' lang='lat' dir='ltr'><strong>fuerit</strong></span> <span class='ocrx_word' id='word_1_140' title='bbox 1360 2507 1653 2592; x_wconf 88' lang='lat' dir='ltr'><strong>opinione</strong></span> <span class='ocrx_word' id='word_1_141' title='bbox 1701 2526 1918 2571; x_wconf 89' lang='lat' dir='ltr'><strong>eorum</strong></span> <span class='ocrx_word' id='word_1_142' title='bbox 1967 2513 2085 2572; x_wconf 90' lang='lat' dir='ltr'><strong>cet.</strong></span> 
     </span>
    </p>

    <p class='ocr_par' dir='ltr' id='par_1_11' title="bbox 265 2610 2643 2890">
     <span class='ocr_line' id='line_1_22' title="bbox 346 2610 2643 2700; baseline 0.002 -24"><span class='ocrx_word' id='word_1_143' title='bbox 346 2610 515 2692; x_wconf 83' lang='lat' dir='ltr'><strong>Quid</strong></span> <span class='ocrx_word' id='word_1_144' title='bbox 592 2612 947 2698; x_wconf 88' lang='lat' dir='ltr'><strong>amplitudo</strong></span> <span class='ocrx_word' id='word_1_145' title='bbox 1010 2613 1131 2697; x_wconf 92' lang='lat' dir='ltr'><strong>sit,</strong></span> <span class='ocrx_word' id='word_1_146' title='bbox 1191 2612 1412 2679; x_wconf 84' lang='lat' dir='ltr'><strong>Cicero</strong></span> <span class='ocrx_word' id='word_1_147' title='bbox 1475 2634 1588 2679; x_wconf 87' lang='lat' dir='ltr'><strong>nos</strong></span> <span class='ocrx_word' id='word_1_148' title='bbox 1650 2612 1834 2678; x_wconf 88' lang='lat' dir='ltr'><strong>docet</strong></span> <span class='ocrx_word' id='word_1_149' title='bbox 1898 2612 2059 2699; x_wconf 80' lang='lat' dir='ltr'><strong>(Inv.</strong></span> <span class='ocrx_word' id='word_1_150' title='bbox 2124 2612 2207 2679; x_wconf 90' lang='grc' dir='ltr'><strong>ΙΙ.</strong></span> <span class='ocrx_word' id='word_1_151' title='bbox 2273 2614 2381 2691; x_wconf 81' lang='grc'><strong>55,</strong></span> <span class='ocrx_word' id='word_1_152' title='bbox 2451 2614 2643 2700; x_wconf 87' lang='grc'>166),</span> 
     </span>
     <span class='ocr_line' id='line_1_23' title="bbox 266 2717 2639 2808; baseline 0.003 -28"><span class='ocrx_word' id='word_1_153' title='bbox 266 2718 366 2801; x_wconf 92' lang='lat' dir='ltr'><strong>qui</strong></span> <span class='ocrx_word' id='word_1_154' title='bbox 416 2721 783 2804; x_wconf 82' lang='lat' dir='ltr'><strong>„potentiae</strong></span> <span class='ocrx_word' id='word_1_155' title='bbox 832 2725 945 2784; x_wconf 87' lang='lat' dir='ltr'><strong>aut</strong></span> <span class='ocrx_word' id='word_1_156' title='bbox 987 2720 1342 2784; x_wconf 88' lang='lat' dir='ltr'><strong>maiestatis</strong></span> <span class='ocrx_word' id='word_1_157' title='bbox 1390 2722 1502 2783; x_wconf 91' lang='lat' dir='ltr'><strong>aut</strong></span> <span class='ocrx_word' id='word_1_158' title='bbox 1547 2717 1910 2803; x_wconf 88' lang='lat' dir='ltr'><strong>aliquarum</strong></span> <span class='ocrx_word' id='word_1_159' title='bbox 1958 2721 2286 2805; x_wconf 91' lang='lat' dir='ltr'><strong>copiarum</strong></span> <span class='ocrx_word' id='word_1_160' title='bbox 2335 2740 2639 2808; x_wconf 82' lang='lat' dir='ltr'><strong>magnam</strong></span> 
     </span>
     <span class='ocr_line' id='line_1_24' title="bbox 265 2823 1102 2890; baseline 0.002 -2"><span class='ocrx_word' id='word_1_161' title='bbox 265 2841 386 2888; x_wconf 88' lang='lat' dir='ltr'><strong>esse</strong></span> <span class='ocrx_word' id='word_1_162' title='bbox 434 2823 940 2890; x_wconf 83' lang='lat' dir='ltr'><strong>abundantiam”</strong></span> <span class='ocrx_word' id='word_1_163' title='bbox 991 2827 1102 2890; x_wconf 85' lang='lat' dir='ltr'><strong>ait.</strong></span> 
     </span>
    </p>

    <p class='ocr_par' dir='ltr' id='par_1_12' title="bbox 264 2928 2647 3230">
     <span class='ocr_line' id='line_1_25' title="bbox 342 2928 2639 3018; baseline 0.002 -23"><span class='ocrx_word' id='word_1_164' title='bbox 342 2928 467 2996; x_wconf 88' lang='lat' dir='ltr'><strong>His</strong></span> <span class='ocrx_word' id='word_1_165' title='bbox 535 2933 903 3018; x_wconf 88' lang='lat' dir='ltr'><strong>perscriptis</strong></span> <span class='ocrx_word' id='word_1_166' title='bbox 963 2931 1124 2997; x_wconf 86' lang='lat' dir='ltr'><strong>forte</strong></span> <span class='ocrx_word' id='word_1_167' title='bbox 1185 2931 1440 2997; x_wconf 86' lang='lat' dir='ltr'><strong>fortuna</strong></span> <span class='ocrx_word' id='word_1_168' title='bbox 1499 2930 1695 2995; x_wconf 87' lang='lat' dir='ltr'><strong>incidi</strong></span> <span class='ocrx_word' id='word_1_169' title='bbox 1755 2933 1823 2996; x_wconf 91' lang='lat' dir='ltr'><strong>in</strong></span> <span class='ocrx_word' id='word_1_170' title='bbox 1884 2929 2098 2997; x_wconf 88' lang='lat' dir='ltr'><strong>locum</strong></span> <span class='ocrx_word' id='word_1_171' title='bbox 2163 2931 2374 3009; x_wconf 88' lang='lat' dir='ltr'><strong>Livii,</strong></span> <span class='ocrx_word' id='word_1_172' title='bbox 2425 2938 2639 2999; x_wconf 88' lang='lat' dir='ltr'><strong>nostro</strong></span> 
     </span>
     <span class='ocr_line' id='line_1_26' title="bbox 264 3036 2647 3126; baseline 0.002 -25"><span class='ocrx_word' id='word_1_173' title='bbox 264 3037 669 3103; x_wconf 79' lang='lat' dir='ltr'><strong>simillimum</strong></span> <span class='ocrx_word' id='word_1_174' title='bbox 712 3037 791 3125; x_wconf 91' lang='lat' dir='ltr'><strong>(V</strong></span> <span class='ocrx_word' id='word_1_175' title='bbox 797 3037 910 3103; x_wconf 84' lang='lat'><strong>111.</strong></span> <span class='ocrx_word' id='word_1_176' title='bbox 953 3036 1058 3104; x_wconf 84' lang='lat'><strong>36.</strong></span> <span class='ocrx_word' id='word_1_177' title='bbox 1095 3037 1185 3124; x_wconf 85' lang='lat'><strong>3),</strong></span> <span class='ocrx_word' id='word_1_178' title='bbox 1221 3039 1332 3104; x_wconf 91' lang='lat' dir='ltr'><strong>ubi</strong></span> <span class='ocrx_word' id='word_1_179' title='bbox 1372 3037 1650 3126; x_wconf 76' lang='lat' dir='ltr'><strong>legitur:</strong></span> <span class='ocrx_word' id='word_1_180' title='bbox 1693 3037 1994 3104; x_wconf 87' lang='lat' dir='ltr'><strong>Ceterum</strong></span> <span class='ocrx_word' id='word_1_181' title='bbox 2039 3044 2291 3105; x_wconf 85' lang='lat' dir='ltr'><strong>tantum</strong></span> <span class='ocrx_word' id='word_1_182' title='bbox 2333 3044 2647 3105; x_wconf 86' lang='lat' dir='ltr'><strong>momenti</strong></span> 
     </span>
     <span class='ocr_line' id='line_1_27' title="bbox 264 3140 1452 3230; baseline 0.005 -28"><span class='ocrx_word' id='word_1_183' title='bbox 264 3140 325 3204; x_wconf 90' lang='lat' dir='ltr'><strong>in</strong></span> <span class='ocrx_word' id='word_1_184' title='bbox 369 3164 498 3210; x_wconf 90' lang='lat' dir='ltr'><strong>uno</strong></span> <span class='ocrx_word' id='word_1_185' title='bbox 548 3146 686 3210; x_wconf 88' lang='lat' dir='ltr'><strong>viro</strong></span> <span class='ocrx_word' id='word_1_186' title='bbox 734 3143 803 3208; x_wconf 90' lang='lat' dir='ltr'><strong>L.</strong></span> <span class='ocrx_word' id='word_1_187' title='bbox 856 3143 1115 3230; x_wconf 91' lang='lat' dir='ltr'><strong>Papirio</strong></span> <span class='ocrx_word' id='word_1_188' title='bbox 1161 3144 1287 3209; x_wconf 86' lang='lat' dir='ltr'><strong>fuit</strong></span> <span class='ocrx_word' id='word_1_189' title='bbox 1332 3150 1452 3210; x_wconf 90' lang='lat' dir='ltr'><strong>cet.</strong></span> 
     </span>
    </p>

    <p class='ocr_par' dir='ltr' id='par_1_13' title="bbox 346 3247 2108 3336">
     <span class='ocr_line' id='line_1_28' title="bbox 346 3247 2108 3336; baseline 0 -21"><span class='ocrx_word' id='word_1_190' title='bbox 346 3248 516 3330; x_wconf 86' lang='lat' dir='ltr'><strong>Quid</strong></span> <span class='ocrx_word' id='word_1_191' title='bbox 563 3252 620 3315; x_wconf 93' lang='lat' dir='ltr'><strong>si</strong></span> <span class='ocrx_word' id='word_1_192' title='bbox 663 3250 811 3316; x_wconf 90' lang='lat' dir='ltr'><strong>inde</strong></span> <span class='ocrx_word' id='word_1_193' title='bbox 857 3258 1141 3336; x_wconf 75' lang='lat' dir='ltr'><strong>quantum</strong></span> <span class='ocrx_word' id='word_1_194' title='bbox 1188 3251 1460 3316; x_wconf 80' lang='lat' dir='ltr'><strong>momenti</strong></span> <span class='ocrx_word' id='word_1_195' title='bbox 1505 3251 1689 3316; x_wconf 88' lang='lat' dir='ltr'><strong>nobis</strong></span> <span class='ocrx_word' id='word_1_196' title='bbox 1735 3247 2108 3315; x_wconf 76' lang='lat' dir='ltr'><strong>sumamus?</strong></span> 
     </span>
    </p>

    <p class='ocr_par' dir='ltr' id='par_1_14' title="bbox 345 3352 699 3423">
     <span class='ocr_line' id='line_1_29' title="bbox 345 3352 699 3423; baseline 0.006 -2"><span class='ocrx_word' id='word_1_197' title='bbox 345 3352 699 3423; x_wconf 76' lang='lat' dir='ltr'><strong>Timoleon.</strong></span> 
     </span>
    </p>

    <p class='ocr_par' dir='ltr' id='par_1_15' title="bbox 347 3458 780 3550">
     <span class='ocr_line' id='line_1_30' title="bbox 347 3458 780 3550; baseline 0 -22"><span class='ocrx_word' id='word_1_198' title='bbox 347 3458 498 3550; x_wconf 86' lang='lat' dir='ltr'><strong>Cap.</strong></span> <span class='ocrx_word' id='word_1_199' title='bbox 546 3462 671 3529; x_wconf 92' lang='lat'><strong>111.</strong></span> <span class='ocrx_word' id='word_1_200' title='bbox 721 3462 780 3530; x_wconf 87' lang='grc'><strong>5.</strong></span> 
     </span>
    </p>

    <p class='ocr_par' dir='ltr' id='par_1_16' title="bbox 270 3569 2642 3769">
     <span class='ocr_line' id='line_1_31' title="bbox 347 3569 2642 3661; baseline 0.003 -26"><span class='ocrx_word' id='word_1_201' title='bbox 347 3569 565 3656; x_wconf 88' lang='lat' dir='ltr'><strong>Neque</strong></span> <span class='ocrx_word' id='word_1_202' title='bbox 633 3577 849 3657; x_wconf 89' lang='lat' dir='ltr'><strong>postea</strong></span> <span class='ocrx_word' id='word_1_203' title='bbox 920 3593 1019 3638; x_wconf 89' lang='lat' dir='ltr'><strong>res</strong></span> <span class='ocrx_word' id='word_1_204' title='bbox 1091 3570 1228 3638; x_wconf 90' lang='lat' dir='ltr'><strong>ulla</strong></span> <span class='ocrx_word' id='word_1_205' title='bbox 1289 3569 1623 3659; x_wconf 79' lang='lat' dir='ltr'><strong>Syracusis</strong></span> <span class='ocrx_word' id='word_1_206' title='bbox 1687 3576 1871 3660; x_wconf 80' lang='lat' dir='ltr'><strong>gesta</strong></span> <span class='ocrx_word' id='word_1_207' title='bbox 1917 3578 2013 3637; x_wconf 88' lang='lat' dir='ltr'><strong>est</strong></span> <span class='ocrx_word' id='word_1_208' title='bbox 2055 3570 2339 3659; x_wconf 86' lang='lat' dir='ltr'><strong>publice,</strong></span> <span class='ocrx_word' id='word_1_209' title='bbox 2391 3574 2468 3641; x_wconf 90' lang='lat' dir='ltr'><strong>de</strong></span> <span class='ocrx_word' id='word_1_210' title='bbox 2517 3597 2642 3661; x_wconf 88' lang='lat' dir='ltr'><strong>qua</strong></span> 
     </span>
     <span class='ocr_line' id='line_1_32' title="bbox 270 3676 2330 3769; baseline 0.004 -31"><span class='ocrx_word' id='word_1_211' title='bbox 270 3676 430 3757; x_wconf 88' lang='lat' dir='ltr'><strong>prius</strong></span> <span class='ocrx_word' id='word_1_212' title='bbox 476 3680 562 3743; x_wconf 88' lang='lat' dir='ltr'><strong>sit</strong></span> <span class='ocrx_word' id='word_1_213' title='bbox 607 3678 930 3744; x_wconf 89' lang='lat' dir='ltr'><strong>decretum</strong></span> <span class='ocrx_word' id='word_1_214' title='bbox 979 3700 1175 3766; x_wconf 91' lang='lat' dir='ltr'><strong>quam</strong></span> <span class='ocrx_word' id='word_1_215' title='bbox 1224 3677 1647 3745; x_wconf 81' lang='lat' dir='ltr'><strong>Timoleontis</strong></span> <span class='ocrx_word' id='word_1_216' title='bbox 1693 3682 2006 3744; x_wconf 88' lang='lat' dir='ltr'><strong>sententia</strong></span> <span class='ocrx_word' id='word_1_217' title='bbox 2052 3683 2330 3769; x_wconf 78' lang='lat' dir='ltr'><strong>cog-nita.</strong></span> 
     </span>
    </p>

    <p class='ocr_par' dir='ltr' id='par_1_17' title="bbox 272 3781 2642 3958">
     <span class='ocr_line' id='line_1_33' title="bbox 347 3781 2642 3866; baseline 0.002 -16"><span class='ocrx_word' id='word_1_218' title='bbox 347 3781 628 3850; x_wconf 88' lang='lat' dir='ltr'><strong>Verbum</strong></span> <span class='ocrx_word' id='word_1_219' title='bbox 680 3788 1104 3851; x_wconf 88' lang='lat' dir='ltr'><strong>necessarium</strong></span> <span class='ocrx_word' id='word_1_220' title='bbox 1149 3786 1487 3851; x_wconf 89' lang='lat' dir='ltr'><strong>inseruisse</strong></span> <span class='ocrx_word' id='word_1_221' title='bbox 1527 3785 1651 3849; x_wconf 92' lang='lat' dir='ltr'><strong>tibi</strong></span> <span class='ocrx_word' id='word_1_222' title='bbox 1690 3785 1947 3851; x_wconf 87' lang='lat' dir='ltr'><strong>videtur</strong></span> <span class='ocrx_word' id='word_1_223' title='bbox 1985 3808 2128 3851; x_wconf 89' lang='lat' dir='ltr'><strong>cum</strong></span> <span class='ocrx_word' id='word_1_224' title='bbox 2178 3786 2642 3866; x_wconf 84' lang='lat' dir='ltr'><strong>„Timoleontis</strong></span> 
     </span>
     <span class='ocr_line' id='line_1_34' title="bbox 272 3889 1244 3958; baseline 0 -3"><span class='ocrx_word' id='word_1_225' title='bbox 272 3896 419 3956; x_wconf 76' lang='lat' dir='ltr'><strong>esset</strong></span> <span class='ocrx_word' id='word_1_226' title='bbox 464 3889 812 3958; x_wconf 83' lang='lat' dir='ltr'><strong>sententia”</strong></span> <span class='ocrx_word' id='word_1_227' title='bbox 859 3891 1244 3958; x_wconf 82' lang='lat' dir='ltr'><strong>emendavit.</strong></span> 
     </span>
    </p>

    <p class='ocr_par' dir='ltr' id='par_1_18' title="bbox 274 3995 2643 4170">
     <span class='ocr_line' id='line_1_35' title="bbox 352 3995 2643 4085; baseline 0.002 -22"><span class='ocrx_word' id='word_1_228' title='bbox 352 3995 583 4077; x_wconf 84' lang='lat' dir='ltr'><strong>Quidni</strong></span> <span class='ocrx_word' id='word_1_229' title='bbox 631 3996 1026 4084; x_wconf 86' lang='lat' dir='ltr'><strong>ablativum,</strong></span> <span class='ocrx_word' id='word_1_230' title='bbox 1077 4019 1265 4084; x_wconf 91' lang='lat' dir='ltr'><strong>quem</strong></span> <span class='ocrx_word' id='word_1_231' title='bbox 1309 3997 1676 4064; x_wconf 89' lang='lat' dir='ltr'><strong>absolutum</strong></span> <span class='ocrx_word' id='word_1_232' title='bbox 1720 3998 1927 4065; x_wconf 88' lang='lat' dir='ltr'><strong>dicere</strong></span> <span class='ocrx_word' id='word_1_233' title='bbox 1966 3999 2200 4085; x_wconf 88' lang='lat' dir='ltr'><strong>solent,</strong></span> <span class='ocrx_word' id='word_1_234' title='bbox 2240 4001 2346 4066; x_wconf 90' lang='lat' dir='ltr'><strong>hic</strong></span> <span class='ocrx_word' id='word_1_235' title='bbox 2369 4002 2643 4068; x_wconf 88' lang='lat' dir='ltr'><strong>inveniri</strong></span> 
     </span>
     <span class='ocr_line' id='line_1_36' title="bbox 274 4102 651 4170; baseline 0.019 -7"><span class='ocrx_word' id='word_1_236' title='bbox 274 4102 651 4170; x_wconf 75' lang='lat' dir='ltr'><strong>statuamus?</strong></span> 
     </span>
    </p>

    <p class='ocr_par' dir='ltr' id='par_1_19' title="bbox 351 4207 696 4277">
     <span class='ocr_line' id='line_1_37' title="bbox 351 4207 696 4277; baseline 0.006 -2"><span class='ocrx_word' id='word_1_237' title='bbox 351 4207 696 4277; x_wconf 84' lang='lat' dir='ltr'><strong>Hamilcar.</strong></span> 
     </span>
    </p>

    <p class='ocr_par' dir='ltr' id='par_1_20' title="bbox 353 4314 778 4405">
     <span class='ocr_line' id='line_1_38' title="bbox 353 4314 778 4405; baseline 0.002 -23"><span class='ocrx_word' id='word_1_238' title='bbox 353 4314 498 4405; x_wconf 83' lang='lat' dir='ltr'><strong>Gap.</strong></span> <span class='ocrx_word' id='word_1_239' title='bbox 548 4317 660 4384; x_wconf 93' lang='lat' dir='ltr'><strong>III.</strong></span> <span class='ocrx_word' id='word_1_240' title='bbox 712 4317 778 4383; x_wconf 85' lang='lat'><strong>2.</strong></span> 
     </span>
    </p>
   </div>
   <div class='ocr_carea' id='block_1_3' title="bbox 351 4420 2632 4513">
    <p class='ocr_par' dir='ltr' id='par_1_21' title="bbox 351 4420 2632 4513">
     <span class='ocr_line' id='line_1_39' title="bbox 351 4420 2632 4513; baseline 0.004 -26"><span class='ocrx_word' id='word_1_241' title='bbox 351 4420 498 4491; x_wconf 83' lang='lat' dir='ltr'><strong>Erat</strong></span> <span class='ocrx_word' id='word_1_242' title='bbox 542 4432 863 4512; x_wconf 87' lang='lat' dir='ltr'><strong>praeterea</strong></span> <span class='ocrx_word' id='word_1_243' title='bbox 909 4447 1057 4491; x_wconf 87' lang='lat' dir='ltr'><strong>cum</strong></span> <span class='ocrx_word' id='word_1_244' title='bbox 1099 4444 1172 4492; x_wconf 91' lang='lat' dir='ltr'><strong>eo</strong></span> <span class='ocrx_word' id='word_1_245' title='bbox 1212 4425 1578 4492; x_wconf 86' lang='lat' dir='ltr'><strong>adulescens</strong></span> <span class='ocrx_word' id='word_1_246' title='bbox 1603 4425 1873 4492; x_wconf 88' lang='lat' dir='ltr'><strong>illustris</strong></span> <span class='ocrx_word' id='word_1_247' title='bbox 1898 4428 2211 4492; x_wconf 86' lang='lat' dir='ltr'><strong>formosus</strong></span> <span class='ocrx_word' id='word_1_248' title='bbox 2234 4426 2632 4513; x_wconf 86' lang='lat' dir='ltr'><strong>Hasdrubal;</strong></span> 
     </span>
    </p>
   </div>
  </div>
 </body>
</html>
