3192 5017
1301 292 1664 340 summam..
2545 268 2665 341 311

379 463 574 529 Recte
634 467 802 530 inter
863 486 1081 531 versus
1143 463 1270 528 651
1323 471 1388 529 et
1437 463 1568 529 653
1615 467 1807 530 unius
1855 486 2075 531 versus
2122 465 2441 531 defectum
2490 475 2666 532 nota-

291 570 440 636 runt
502 571 804 648 editorem
874 592 995 637 non
1060 579 1273 637 tamen
1321 571 1553 637 Bacchi
1602 591 1966 656 responsum
1992 619 2008 648 ,
2059 572 2166 636 sed
2214 571 2481 637 Penthei
2531 574 2668 638 dic-

293 682 433 740 tum
503 677 811 743 excidisse
878 679 1149 743 arbitror
1166 698 1183 755 ;
1252 699 1450 762 quum
1516 680 1687 742 enim
1749 677 2036 743 Bacchus
2099 681 2237 742 vini
2300 679 2672 744 hominibus

295 783 426 847 dati
474 787 862 849 mentionem
913 785 1199 859 fecisset,
1252 784 1575 848 Pentheus
1617 784 1898 868 aliquam
1940 787 2093 850 iacit
2134 788 2200 849 in
2244 785 2407 850 illud
2433 785 2666 850 donum

293 888 787 974 contumeliam,
852 911 1042 975 quam
1104 890 1389 956 Bacchus
1435 891 1527 955 ita
1575 893 1924 975 accipiens,
1974 898 2047 954 ut
2093 913 2310 957 revera
2354 891 2494 957 laus
2543 914 2675 958 esse
2722 952 2729 960 .

300 996 618 1079 videatur,
667 997 1029 1082 respondet:

835 1103 1142 1175 ὠνείδισας
1197 1103 1266 1174 δὴ
1315 1084 1491 1166 ‘roffio
1541 1103 1810 1183 Διονύσῳ
1858 1103 2066 1167 καλόν.

292 1207 404 1273 Nil
451 1208 650 1274 habeo
696 1229 821 1293 quo
859 1208 1093 1273 melius
1130 1230 1342 1274 meam
1384 1211 1765 1274 sententiam
1808 1209 2178 1283 defendam,
2224 1232 2413 1295 quam
2458 1211 2667 1276 locum

294 1316 359 1378 in
404 1314 660 1402 Iphigh.
707 1314 859 1379 Aul.
910 1336 1001 1379 vs.
1045 1316 1213 1397 305,
1257 1317 1365 1379 ubi
1405 1314 1733 1379 Menelaus
1765 1317 1831 1378 in
1875 1310 2672 1402 Agamemnonis‘servum

293 1422 385 1485 ita
438 1421 796 1487 invehitur:

836 1524 1107 1610 ἄπελθε,
1159 1529 1300 1591 λίαν
1351 1526 1715 1591 δεσπόταισι
1766 1527 1978 1599 πιστὸς
2029 1524 2101 1591 εἶ.

258 1625 261 1629 ’
294 1631 650 1717 Respondet
697 1655 947 1700 servus:

835 1738 1027 1804 καλόν
1074 1739 1153 1816 γέ
1200 1762 1300 1816 μοι
1352 1738 1644 1809 τοῦνειδος
1695 1738 2091 1813 ἐξωνείδισας.

381 1985 785 2070 Quamquam
857 1988 1019 2050 mihi
1090 1986 1468 2051 emendandi
1539 1988 1873 2051 conamina
1941 1988 2215 2071 proferre
2286 1996 2669 2066 statueram,

291 2112 413 2155 non
487 2094 644 2156 vitia
718 2092 1162 2157 tantummodo
1226 2097 1441 2155 notare
1493 2131 1573 2138 —
1627 2092 1745 2156 hoc
1804 2095 1974 2156 enim
2039 2096 2149 2178 qui
2211 2094 2276 2158 in
2345 2095 2672 2182 Euripidis

294 2197 490 2263 altera
552 2204 717 2262 certe
763 2203 940 2283 parte
989 2199 1190 2262 facere
1239 2196 1431 2269 velit.
1482 2197 1742 2260 initium
1793 2197 2045 2263 facilius
2094 2220 2283 2284 quam
2334 2199 2521 2267 finem
2570 2204 2671 2268 in-

296 2306 507 2368 veniat
556 2343 664 2377 —,
721 2312 933 2369 tamen
1001 2325 1124 2369 uno
1172 2307 1237 2367 in
1287 2303 1423 2369 loco
1471 2325 1507 2369 a
1553 2306 1875 2389 proposito
1923 2326 2066 2371 meo
2114 2305 2471 2391 discedam,
2521 2312 2670 2394 quia

293 2416 464 2476 certa
510 2410 670 2474 mihi
719 2432 860 2495 spes
908 2416 1041 2485 est,
1089 2410 1221 2474 fore
1269 2416 1340 2472 ut
1386 2407 1619 2493 aliquis
1664 2431 1769 2473 me
1816 2413 2138 2496 sagacior,
2186 2413 2384 2477 semel
2428 2414 2504 2479 de
2541 2436 2672 2480 cor-

294 2516 540 2601 ruptela
604 2517 1004 2598 admonitae,
1071 2535 1284 2581 veram
1352 2515 1624 2599 reperiat
1684 2516 2230 2600 emendationem,
2295 2540 2485 2602 quam
2550 2543 2670 2608 ego

294 2623 525 2687 frustra
595 2624 900 2708 quaesivi.
997 2621 1066 2685 In
1138 2622 1349 2684 nuntii
1420 2620 1776 2684 narratione
1849 2620 1925 2684 de
1994 2621 2260 2686 Bacchis
2323 2626 2392 2686 in
2453 2635 2670 2690 monte

295 2731 570 2815 quietem
622 2728 1017 2813 capientibus
1068 2729 1333 2813 legitur:
1384 2726 1782 2790 dormiebant
1829 2746 2079 2803 omnes,
2130 2730 2288 2792 aliae

567 2837 625 2899 ἕν
673 2837 836 2915 δρυὸς
887 2835 1181 2912 Φύλλοισι
1229 2834 1371 2911 πρὸς
1419 2832 1579 2911 πέδῳ
1628 2830 1788 2911 κάρα
1834 2842 1853 2921 s
1902 2832 2034 2913 εἰκῇ
2078 2832 2411 2909 βαλοῦσαι.

383 2943 548 3023 Quid
599 2949 812 3007 autem
865 2942 964 3006 his
1013 2962 1110 3007 vs.
1163 2938 1294 3005 683
1344 2940 1722 3024 opponitur?

749 3050 815 3112 αἱ
867 3048 979 3123 μὲν
1027 3048 1168 3124 πρὸς
1220 3044 1450 3120 ἐλάτης
1501 3047 1638 3109 νῶτ’
1686 3045 1997 3120 ἐρείσασαι
2047 3043 2276 3126 Φόβην.

291 3155 706 3240 Perspicuum
766 3164 895 3236 est,
961 3156 1219 3237 opinor,
1284 3150 1429 3215 illas
1477 3156 1734 3237 tergum
1782 3150 2118 3216 inclinasse
2163 3173 2287 3217 non
2335 3154 2546 3221 hercle
2595 3157 2672 3223 ad

291 3264 531 3328 arboris
583 3259 920 3337 ,.comam’',
975 3260 1239 3323 minime
1285 3258 1421 3322 eius
1469 3257 1736 3331 arboris,
1791 3278 1950 3342 quae
1993 3279 2181 3342 supra
2228 3266 2464 3326 ceteras
2512 3268 2670 3327 emi-

289 3388 435 3433 nere
494 3367 728 3451 soleat;
797 3364 1176 3443 „truncum”
1240 3369 1596 3448 exspectes,
1661 3363 1763 3428 vel
1814 3363 2041 3428 saltem
2098 3367 2510 3445 „corticem”;
2559 3372 2667 3435 sed

293 3495 662 3559 quocunque
725 3494 825 3536 me
889 3478 1218 3552 verterem,
1277 3490 1400 3533 non
1449 3471 1628 3553 potui
1679 3469 2066 3554 probabilem
2120 3473 2478 3560 excogitare
2527 3497 2672 3541 con-

292 3581 625 3643 iacturam.

380 3825 485 3891 Vs.
537 3824 667 3890 792
715 3846 805 3910 sq.
858 3824 1178 3890 Bacchum
1220 3825 1465 3909 optima
1501 3842 1787 3908 quaeque
1824 3829 2188 3888 monentem
2228 3826 2321 3889 ita
2344 3826 2667 3893 Pentheus

291 3931 637 4017 alloquitur
659 3954 673 3995 ε

746 4040 810 4101 οὐ
858 4038 945 4115 μὴ
993 4038 1316 4116 φρενώσεις
1364 4037 1456 4119 μ’,
1506 4036 1681 4100 ἀλλὰ
1731 4035 1973 4113 δέσμιος
2020 4038 2239 4117 φυγὼν

744 4145 921 4207 σώσει
969 4143 1129 4228 τόδ’;
1180 4142 1213 4218 ἢ
1264 4143 1352 4207 σοὶ
1403 4140 1600 4207 πάλιν
1649 4141 2014 4219 ἀναστρέψω
2064 4143 2263 4220 &ianm

295 4253 460 4334 Quid
519 4255 606 4316 sit
667 4249 1078 4329 ἀναστρέφειν
1140 4250 1307 4322 δίκην
1371 4249 1535 4313 mihi
1603 4248 1862 4333 quidem
1923 4251 2217 4341 ignotum
2289 4258 2413 4328 est;
2466 4276 2539 4319 ex
2589 4257 2668 4320 iis

292 4360 502 4424 verbis
575 4366 707 4420 tum
781 4357 1038 4420 deinum
1113 4355 1389 4439 aliquam
1464 4356 1843 4419 sententiam
1912 4364 2232 4440 utcunque
2297 4365 2666 4447 extorquere
