3192 5017
518 164 648 230 312
1533 182 1895 233 nummum.

505 374 786 439 possem.
852 357 907 419 si
971 355 1240 422 Penthei
1301 358 1479 422 iussu
1541 356 1816 421 vinculis
1879 356 2191 422 liberatus
2257 362 2422 423 esset
2471 356 2788 433 Bacchus,
2834 362 2885 421 et

514 464 692 546 quasi
742 463 974 527 iudicis
1021 465 1335 528 sententia
1381 462 1730 529 absolutae.
1779 461 1902 528 Sed
1950 483 2151 547 quum
2192 463 2480 529 Bacchus
2518 462 2889 528 invitissimo

513 567 798 633 Pentheo
867 589 900 631 e
943 588 1189 634 carcere
1235 589 1349 634 suo
1395 572 1481 633 sit
1526 569 1778 654 elapsus
1799 618 1816 653 ,
1864 588 2050 633 sensu
2098 589 2274 635 cassa
2322 590 2457 635 esse
2502 570 2705 634 verba
2746 566 2891 632 mihi

517 674 776 758 quidem
842 674 996 739 satis
1051 681 1318 740 constat.
1417 673 1621 741 Credo
1684 681 1900 739 autem
1964 694 2221 740 versum
2284 695 2423 741 eam
2494 675 2711 740 labem
2779 693 2895 739 esse

477 800 922 874 perpessum,
995 783 1100 846 cui
1167 788 1497 866 poetarum
1570 782 1815 847 codices
1891 783 2170 846 maxime
2239 786 2389 846 sunt
2460 781 2757 866 obnoxii:
2832 785 2897 843 ut

519 886 754 952 detrita
801 889 1021 952 charta
1065 887 1169 952 vel
1216 889 1589 953 membrana
1634 887 1867 952 ultima
1916 870 2217 953 versuum
2266 887 2576 953 vocabula
2622 886 2735 953 vel
2780 894 2900 951 tota

517 992 621 1057 vel
687 995 920 1078 partim
985 1001 1395 1078 evanescant,
1465 1014 1733 1079 eamque
1782 992 2076 1059 lacunam
2128 994 2461 1059 semidocti
2509 994 2757 1058 scribae
2801 1010 2900 1055 suo

518 1098 723 1164 Marte
786 1098 1101 1185 expleant.
1198 1099 1333 1165 Nec
1400 1100 1512 1164 diu
1576 1100 2005 1185 quaerendum
2067 1119 2200 1165 esse
2261 1100 2511 1185 opinor,
2589 1098 2899 1184 quodnam

518 1205 994 1272 substantivum
1067 1206 1404 1291 Euripides
1475 1206 1798 1292 scripserit
1868 1226 1940 1271 eo
2011 1204 2186 1290 loco,
2260 1205 2369 1270 ubi
2440 1226 2609 1271 nunc
2675 1205 2904 1293 legitur

522 1309 707 1383 δίκην.
773 1311 1140 1398 Legendum
1208 1314 1378 1375 enim
1441 1331 1702 1376 censeo:
1769 1309 1802 1383 ἢ
1863 1311 1951 1374 σοὶ
2013 1309 2206 1375 πάλιν
2269 1312 2636 1389 ἀναστρέψω
2685 1312 2872 1392 χέρας
2886 1330 2901 1386 ;

521 1415 697 1481 'Palis
743 1415 1012 1481 Penthei
1060 1419 1328 1482 minatio
1375 1437 1499 1482 non
1548 1417 1774 1482 dubito
1823 1420 1976 1500 quin
2024 1417 2248 1482 idonea
2287 1419 2404 1494 sit,
2450 1437 2611 1502 quae
2654 1434 2905 1503 magno·

517 1542 665 1606 pere
705 1520 1015 1587 lectorum
1056 1529 1565 1609 spectatorumve
1607 1525 1852 1588 animos
1892 1528 2187 1607 moveat,
2230 1526 2341 1608 qui
2374 1524 2563 1589 modo
2588 1522 2905 1588 Bacchum

520 1632 881 1693 narrantem
930 1629 1328 1696 audiverint:

700 1737 912 1797 ταῦτα
961 1734 1065 1799 καὶ
1115 1735 1439 1813 καθύβρισ’
1489 1734 1710 1811 αὐτόν,
1761 1732 1854 1800 ὅτι
1901 1759 1984 1812 με
2032 1735 2347 1813 δεσμεύειν
2396 1734 2574 1802 δοκῶν

701 1840 827 1905 οὔτ’
876 1840 1075 1919 ἔθιγεν
1121 1842 1241 1906 οὔθ’
1294 1842 1483 1923 ἥψαθ’
1534 1843 1736 1917 ἡμῶν,
1789 1843 2031 1907 ἐλπίσιν
2081 1843 2134 1908 δ’
2184 1842 2497 1919 ἐβόσκετο.

709 1946 852 2027 πρὸς
901 1947 1178 2030 φάτναις
1231 1948 1294 2013 δὲ
1341 1952 1557 2025 ταῦρον
1610 1948 1826 2028 εὑρών,
1875 1944 1945 2013 οὖ
1992 1947 2260 2028 καθεῖρξ’
2313 1950 2479 2027 ἡμᾶς
2528 1948 2747 2027 ἄγων,

703 2055 854 2135 τῷδε
906 2056 1039 2135 περὶ
1087 2055 1356 2135 βρόχους
1404 2052 1649 2131 ἔβαλλε
1698 2054 1919 2132 γόνασι
1969 2055 2072 2119 καὶ
2121 2063 2360 2136 χηλαῖς
2411 2055 2625 2121 ποδῶν.

620 2267 747 2352 Ea,
812 2286 1004 2351 quam
1064 2267 1255 2343 modo
1306 2268 1696 2350 memoravi,
1746 2285 1934 2330 causa
1977 2266 2330 2350 permultos
2375 2266 2709 2352 Euripidis
2753 2266 2905 2333 locos

529 2374 831 2458 corrupit.
927 2371 1285 2438 Nonnullos
1325 2372 1429 2437 hic
1478 2373 1842 2445 recensebo,
1896 2375 2004 2457 qui
2054 2372 2219 2436 mihi
2267 2373 2345 2438 ad
2393 2374 2754 2440 sanandum
2796 2394 2902 2439 non

530 2481 725 2543 nimis
773 2476 1059 2542 difficiles
1105 2477 1421 2541 videntur.

612 2584 688 2649 In
759 2586 897 2668 ipsa
969 2584 1363 2649 Baccharum
1433 2584 1651 2649 fabula
1710 2605 1803 2648 vs.
1869 2583 2031 2648 455:
2098 2584 2427 2661 πλόκαμός
2495 2610 2564 2651 τε
2634 2586 2769 2668 γάρ
2813 2611 2903 2652 σου

525 2694 756 2763 ταναὸς
818 2691 884 2755 οὔ
948 2690 1155 2763 πάλης
1218 2687 1354 2753 ὕπο.
1447 2689 1667 2774 Neque
1726 2688 1961 2754 Bacchi
2025 2710 2227 2776 neque
2290 2694 2667 2778 cuiusquam
2740 2713 2905 2760 coma

529 2797 774 2884 prolixa
813 2801 909 2861 est
942 2795 1150 2869 πάλης
1179 2793 1315 2860 ὕπο.
1365 2794 1663 2879 Suspicor
1685 2796 1750 2859 οὐ
1778 2794 1987 2869 πάλης
2017 2795 2205 2875 νόμῳε
2234 2817 2359 2861 non
2384 2820 2540 2862 more
2554 2800 2902 2882 palaestrae.

616 2902 838 2969 I'road.
904 2901 1059 2967 921.
1133 2901 1586 2980 „Miseriarum
1661 2900 1988 2967 mearum''
2061 2901 2307 2968 Helena
2356 2907 2567 2989 inquit
2595 2954 2612 2989 ,
2666 2909 2905 2991 „prima
2958 2908 2963 2912 ’

527 3032 718 3078 causa
765 3017 861 3076 est
909 3009 1158 3075 Paridis
1207 3017 1444 3085 mater3
1500 3009 1775 3074 secunda

1387 3115 1414 3179 ὁ
1463 3114 1737 3195 πρέσβυς
1788 3117 1852 3179 οὗ
1902 3117 2137 3181 κτανὼν
2185 3116 2416 3198 βρέφος

983 3225 1176 3289 δαλοῦ
1226 3223 1431 3301 πικρὸν
1478 3222 1716 3298 μίμημ’
1767 3221 2178 3302 Ἀλέξανδρόν
2226 3247 2400 3289 ποτε.

526 3332 756 3396 Misere
824 3328 1090 3417 languet
1161 3352 1310 3393 ποτε
1330 3349 1346 3405 ;
1423 3349 1646 3394 verum
1710 3349 1842 3393 esse
1906 3329 2091 3395 credo
2157 3328 2554 3410 Ἀλέξανδρον
2599 3332 2773 3412 λέγω
2821 3331 2895 3397 cf.

528 3438 764 3505 Phoen.
816 3434 979 3501 987:

1290 3543 1366 3613 ὥς
1413 3544 1523 3612 σὺν
1573 3542 1713 3621 πρὸς
1764 3542 2141 3620 κασιγνήτην
2190 3541 2415 3619 μολών.

988 3646 1051 3723 ἧς
1103 3654 1314 3724 πρῶτα
1363 3648 1605 3723 μαστὸν
1653 3645 1880 3712 εἵλκυσ’
1931 3648 2250 3724 Ἰοκάστην
2298 3652 2491 3729 λέγω.

526 3759 602 3822 In
650 3756 875 3821 Troad.
932 3752 1105 3819 1210
1152 3760 1522 3838 corruptum
1573 3755 1827 3820 videtur
1871 3755 2181 3820 ultimum
2232 3758 2655 3823 vocabulum:

1548 3862 1671 3940 οὐχ
1716 3857 1955 3925 ἵπποισι
2004 3862 2340 3938 νικήσαντα
2388 3887 2457 3928 σε

979 3967 1102 4034 οὐδ’
1155 3964 1373 4043 ἥλικας
1421 3964 1678 4042 τόξοισιν
1727 3963 1826 4040 οὓς
1877 3967 2113 4047 Φρύγες
2165 3969 2380 4046 νόμους

974 4081 1231 4151 τιμῶσιν
1275 4074 1385 4138 οὐκ
1433 4074 1515 4145 εἷς
1566 4074 1932 4150 πλησμονὰς
1989 4075 2324 4154 θηρώμενοι.

517 4183 891 4271 Legendum
931 4202 1064 4247 esse
1111 4186 1266 4265 puto
1306 4180 1411 4243 οὐκ
1455 4180 1542 4250 εἷς
1586 4180 1953 4257 πλησμονὰς
1997 4180 2303 4258 θεώμενοιε
2348 4185 2663 4264 spectando
2684 4183 2885 4250 satiari

518 4314 635 4355 non
671 4299 948 4374 possunt.
