3192 5017
1440 296 1674 346 umus.
2627 271 2759 340 405

368 467 584 541 ςέντος
644 471 707 536 δὲ
763 468 1065 547 ἐδέξαντο.
1159 467 1265 534 Sic
1335 468 1505 534 enim
1567 470 1842 534 crimina
1886 469 2303 551 quantumvis
2349 468 2566 535 inania
2609 469 2755 535 red-

369 580 553 664 argui
598 599 723 643 non
770 583 1060 663 poterant
1105 581 1171 640 et
1214 576 1494 642 Romani
1540 577 1696 639 iusti
1745 576 1963 659 piique
2011 572 2210 639 duelli
2256 575 2567 643 inferendi
2613 597 2756 662 spe-

367 685 608 749 ciosum
659 689 1064 769 praetextum
1114 688 1293 749 erant
1336 684 1525 747 nacti.

458 788 827 855 Subridebis
875 810 1018 854 cum
1061 790 1164 854 his
1201 808 1579 874 componens
1618 787 1787 851 Livii
1829 787 1906 851 de
1947 786 2169 853 eadem
2207 809 2275 854 re
2314 786 2755 856 testimonium

371 893 478 971 42,
530 894 645 958 14:
724 896 930 960 Persei
991 896 1149 976 reqis
1210 896 1423 975 leqatis
1471 901 1610 978 post
1667 915 1887 975 paucos
1947 894 2076 956 dies
2136 905 2378 959 senatus
2421 897 2601 960 datm
2648 904 2753 961 est.

373 1000 643 1065 Ceterum
691 1001 1143 1085 praeoccupatis
1203 1023 1321 1063 non
1368 1000 1619 1063 auribus
1664 999 1850 1080 maqis
1894 1020 2065 1084 quam
2113 1002 2330 1064 animis
2374 1008 2450 1065 ab
2493 1004 2756 1068 Eumene

365 1129 500 1188 ναμε
545 1109 734 1170 omnis
777 1115 834 1171 et
879 1109 1153 1191 defensio
1193 1115 1250 1171 et
1287 1109 1620 1190 deprecatio
1661 1107 1982 1187 ceqatorum
2020 1108 2423 1188 respuebatur.
2471 1108 2756 1195 Respue-

373 1214 556 1279 batur
620 1217 849 1279 omnis*
891 1221 956 1279 et
1015 1213 1294 1279 defensio
1360 1218 1424 1278 et
1489 1214 1877 1297 deprecatiO,
1941 1211 2049 1275 sed
2095 1232 2220 1277 non
2267 1217 2418 1301 quia
2463 1221 2528 1281 et
2573 1235 2758 1281 aures

369 1325 433 1384 et
495 1322 694 1385 animi
758 1326 1121 1386 senatorum
1191 1321 1270 1384 ab
1333 1319 1621 1385 Eumene
1679 1325 1857 1385 erant
1903 1325 2381 1406 praeoccupati:
2428 1323 2550 1387 sibi
2597 1324 2758 1406 ipsis

367 1423 641 1490 Romani
700 1427 1106 1504 metuebant,
1173 1427 1297 1490 sibi
1361 1427 1672 1491 cavebant
1694 1473 1709 1503 ,
1775 1427 1900 1490 sibi
1947 1427 2379 1493 consulebant.
2476 1427 2759 1494 Consilia

369 1531 610 1596 dudum
661 1533 737 1596 ad
785 1531 1032 1597 bellum
1081 1538 1259 1597 erant
1300 1532 1641 1607 destinata,
1690 1533 1998 1617 quidquid
2040 1533 2360 1599 Eumenes
2401 1540 2514 1599 aut
2556 1533 2757 1622 legati

367 1637 472 1702 vel
519 1640 828 1703 dixissent
874 1637 977 1703 vel
1025 1658 1149 1704 non
1192 1639 1521 1703 dixissent.
1571 1637 1798 1724 Legati
1841 1638 2005 1703 hanc
2039 1640 2447 1724 iniquitatem
2489 1640 2758 1706 moleste
2831 1715 2842 1725 ,

370 1743 654 1809 terebant
723 1752 788 1811 et
859 1747 1030 1810 omni
1103 1744 1290 1809 modo
1359 1765 1472 1828 per
1532 1749 1832 1828 patronos
1892 1744 2299 1830 hospitesque
2364 1746 2757 1831 disceptandi

368 1871 513 1914 cum
564 1872 714 1939 rege
762 1851 974 1916 locum
1026 1853 1094 1914 in
1143 1856 1367 1914 senatu
1414 1850 1802 1935 quaerebant
1823 1898 1836 1919 .
1895 1850 2003 1914 sed
2049 1849 2228 1914 illusi
2277 1857 2444 1915 sunt.
2495 1851 2718 1936 Itaque
2739 1902 2757 1936 ,

368 1962 443 2020 ut
504 1960 782 2023 incertus
841 1960 1024 2022 testis
1088 1956 1255 2042 apud
1320 1958 1686 2041 Appianum
1736 1955 1928 2031 dicit,
1979 1955 2486 2033 ἀγανακτοῦντές
2533 1983 2604 2021 τε
2651 1959 2756 2022 καὶ

370 2064 679 2147 παρρησίᾳ
750 2064 1048 2144 χρώμενοι
1120 2070 1414 2140 πολεμεῖν
1485 2060 1893 2140 βουλομένους
1967 2060 2075 2136 ἤδη
2143 2063 2478 2140 Ῥωμαίους
2537 2073 2765 2143 Περσεῖ

370 2170 473 2233 καὶ
560 2169 799 2240 Ῥοδίοις
866 2174 1113 2246 μᾶλλον
1177 2168 1575 2247 ἐξηγρίωσαν.
1677 2166 2002 2253 Harpalus
2065 2168 2280 2234 Persei
2347 2169 2602 2257 legatus
2666 2174 2759 2236 in-

371 2276 806 2363 dignationem
868 2279 1069 2342 animi
1131 2297 1255 2341 non
1314 2278 1631 2341 continuit
1695 2274 1802 2340 sed
1859 2277 1949 2339 sic
1992 2277 2060 2338 in
2109 2278 2284 2341 curia
2332 2277 2523 2342 verba
2569 2278 2751 2342 fecit:

373 2383 523 2446 velle
583 2384 814 2467 quidem
878 2391 934 2447 et
979 2384 1253 2447 laborare
1297 2405 1485 2463 reyem
1532 2388 1601 2444 ut
1639 2382 1927 2464 pquanti
1972 2404 2036 2445 se
2078 2383 2241 2444 nihil
2280 2384 2492 2447 hostile
2535 2383 2760 2449 dimisae

370 2495 476 2553 ant
511 2490 737 2575 fecisse
758 2491 925 2572 fides
962 2491 1270 2570 habeatur,
1310 2500 1563 2553 ceterum
1603 2489 1659 2551 ei
1685 2488 2062 2573 pervicacius
2098 2512 2334 2551 causam
2377 2490 2519 2553 belli
2552 2496 2763 2575 quaeri

368 2596 570 2658 videat
603 2596 772 2679 forti
813 2595 1011 2658 animo
1057 2596 1446 2679 defensurum
1490 2617 1587 2658 se.-
1636 2599 1892 2657 Martem
1939 2616 2287 2658 communem
2335 2617 2457 2659 ease
2496 2605 2552 2660 et
2591 2619 2758 2660 even-

369 2708 491 2765 amn
542 2707 828 2764 incertum
878 2702 1042 2765 becci.

463 2808 630 2887 Quid
681 2808 758 2871 ad
798 2809 954 2872 baec
992 2804 1259 2871 Livius?
1301 2812 1670 2890 eoeasperavit
1706 2807 1932 2868 animos
1951 2807 2204 2890 ferocia
2236 2806 2428 2871 nimia
2467 2809 2758 2892 Harpali.

369 2918 459 2980 sic
520 2921 656 2977 tum
707 2914 1047 3001 degeneres
1096 2915 1299 2978 animi
1345 2915 1688 2997 pristinum
1742 2909 2030 2989 φρόνημα
2077 2914 2443 2978 amiserant.
2492 2913 2758 2980 Veteres

372 3027 435 3086 et
486 3021 615 3085 veri
664 3020 937 3085 Romani
985 3039 1253 3106 magnos
1298 3022 1366 3083 in
1405 3020 1588 3083 hoste
1629 3018 1894 3102 spiritus
1934 3018 2431 3083 admirabantur.
2503 3019 2757 3106 Harpa-

372 3127 475 3193 lus
521 3148 721 3211 quum
767 3126 1193 3211 nequidquam
1242 3125 1514 3190 crimina
1558 3126 1962 3212 purgavisset
2010 3129 2074 3188 et
2113 3126 2276 3188 iram
2319 3124 2757 3215 Romanorum

375 3233 744 3317 deprecatus
808 3236 971 3298 esset
1031 3231 1580 3318 indignabundus'
1612 3251 1685 3294 ea
1732 3230 1926 3295 verba
1971 3230 2157 3313 iecit,
2206 3250 2367 3314 quae
2413 3235 2756 3317 unusquis-

375 3359 495 3422 que
561 3341 660 3402 vir
707 3338 888 3404 fortis
939 3342 1003 3403 et
1050 3358 1191 3403 acer
1235 3338 1300 3401 in
1347 3336 1466 3401 tali
1515 3358 1581 3401 re
1630 3340 2012 3420 usurpasset.
2059 3387 2063 3392 .

468 3443 564 3507 Ex
602 3443 704 3507 his
746 3447 950 3531 igitur
995 3444 1250 3508 indiciis
1299 3447 1361 3507 et
1410 3441 1798 3506 testimoniis
1842 3439 2077 3527 colligo
2124 3440 2475 3528 Polybium
2525 3464 2762 3510 errasse

377 3572 577 3636 quum
642 3548 795 3615 belli
858 3549 1097 3614 Persici
1163 3550 1272 3622 τὴν
1334 3549 1542 3612 αἰτίαν
1600 3552 1665 3612 et
1724 3547 1836 3619 τὴν
1883 3545 2195 3625 πρόφασιν
2242 3550 2337 3612 ita
2382 3549 2762 3614 discerneret

373 3663 448 3722 ut
494 3677 751 3722 causam
800 3662 864 3721 et
904 3663 1227 3721 auctorem
1279 3654 1433 3721 belli
1483 3652 1854 3738 Philippum
1907 3674 2039 3718 esse
2080 3653 2337 3726 diceret.
2384 3655 2495 3740 qui
2533 3654 2762 3720 multis

373 3763 872 3849 indignitatibus
935 3762 1346 3827 exacerbatus
1408 3762 1667 3825 interire
1730 3759 1967 3824 maluit
2029 3779 2219 3843 quam
2271 3759 2590 3827 Romanos
2637 3781 2762 3826 non

377 3870 645 3953 experiri
692 3889 889 3952 eoque
936 3874 1189 3933 mortuo
1232 3866 1475 3932 bellum
1519 3887 1556 3929 a
1596 3870 1776 3949 patre
1817 3869 2142 3949 tamquam
2189 3865 2542 3931 hereditate
2566 3867 2764 3932 simul

376 3996 520 4040 cum
597 3975 864 4058 imperio
933 3973 1245 4037 traditum
1317 3993 1354 4037 a
1422 3971 1653 4037 Perseo
1717 3992 1849 4036 esse
1907 3976 2291 4055 susceptum.
2391 3969 2626 4037 Contra
2691 3994 2764 4038 ea

375 4079 530 4144 belli
592 4085 877 4144 auctores
938 4076 1258 4143 Romanos
1321 4098 1454 4142 esse
1518 4077 1815 4141 videmus
1879 4079 1989 4161 qui
2050 4076 2301 4157 ταχέως
2352 4074 2762 4154 αὐξανόμενον

377 4192 479 4251 τὸν
527 4184 763 4261 Περσέα
813 4185 1161 4262 ὑφεωρῶντο
1210 4182 1313 4247 καὶ
1360 4185 1467 4246 οὐκ
1518 4180 1715 4257 ἠξίουν
1761 4182 2042 4259 βασιλέα
2092 4183 2370 4264 σώφρονα
2419 4184 2523 4248 καὶ
2574 4184 2761 4266 Φιλό-

380 4315 551 4355 πονον
615 4290 719 4354 καὶ
786 4290 844 4360 ἐς
910 4289 1175 4359 πολλοὺς
1233 4288 1658 4365 Φιλάνθρωπον
1705 4286 1925 4366 ἀθρόως
1976 4285 2160 4360 οὕτως
2212 4289 2607 4370 ἐπαιρόμενον
2655 4292 2761 4359 καὶ

379 4397 671 4477 πατρικὸν
717 4395 863 4461 ὄντα
911 4395 1126 4472 σφίσιν
1180 4394 1389 4474 ἐχθρὸν
1438 4395 1496 4458 ἐν
1546 4401 1843 4471 πλευραῖς
1891 4391 2085 4477 ἔχειν.
