3192 5017
1232 331 1605 381 ennomus.
2490 313 2620 380 29¹7

222 506 415 570 fuisse
481 503 733 569 videtur
794 526 913 567 non
961 505 1314 568 mehercules
1360 506 1442 567 mi
1486 507 1630 568 haee
1675 505 1912 568 iactura
1961 504 2227 568 decussis
2255 503 2424 588 fuit.
2473 510 2619 566 tam·

223 634 394 696 quam
441 610 603 673 nibil
637 611 911 696 factum,
958 610 1027 695 (i.
1081 631 1135 675 e.
1185 618 1516 695 tamquam
1566 610 1727 674 nihil
1782 609 1946 674 mihi
1986 609 2344 696 accidisset)
2387 611 2618 673 alteras

208 716 352 801 feci
418 716 672 779 maiores
733 722 789 779 et
849 716 1116 780 meliores
1180 727 1238 780 et
1301 717 1638 780 velociores.
1688 755 1773 765 --
1828 726 2120 801 tamquam
2182 716 2344 779 nihil
2367 716 2616 801 factum

229 825 502 888 coniecit
549 820 924 889 Schefferus.

325 1034 431 1101 ¹77.
459 1048 464 1053 ’
493 1041 648 1121 quod
705 1041 762 1098 si
802 1036 1115 1117 eontiqerit
1154 1036 1389 1121 fundos
1438 1035 1699 1118 Apuliae
1746 1036 2018 1117 iunqere,
2068 1035 2221 1098 satis
2268 1039 2438 1099 vivus
2479 1055 2617 1117 per·

228 1164 460 1207 venero.
514 1179 597 1189 —
647 1141 894 1215 Immo,
944 1143 1194 1226 opinor,
1236 1142 1565 1227 perfecero.

328 1353 433 1422 77.
499 1352 893 1419 Trimalchio
956 1354 1221 1418 domum
1271 1375 1451 1419 suam
1502 1353 1802 1419 laudibus
1849 1353 2156 1420 extollens
2203 1354 2359 1419 haec
2408 1359 2619 1418 narrat

229 1462 543 1543 hospitium
607 1463 650 1525 i.
699 1481 755 1525 e.
821 1459 997 1526 locus
1060 1461 1448 1546 excipiendis
1510 1461 1867 1546 hospitibus
1925 1461 2316 1544 destinatus,
2363 1461 2623 1542 hospites

230 1568 435 1652 eapit;
507 1588 631 1632 non
703 1568 956 1643 dubito,
1036 1570 1189 1652 quin
1263 1589 1485 1632 verum
1557 1569 1792 1632 viderit
1861 1567 2206 1643 Heinsius,
2273 1569 2381 1652 qui
2449 1565 2625 1631 dedit

230 1675 485 1757 hospites
554 1674 611 1738 0
667 1673 847 1756 capit.
911 1671 1224 1758 Deinceps
1285 1672 1438 1738 haec
1483 1681 1835 1758 sequuntur
1878 1675 1964 1737 od
2003 1697 2319 1751 summam,
2366 1674 2623 1736 Scaurus

230 1802 359 1843 cum
422 1782 537 1846 hue
583 1780 776 1863 veuit,
826 1802 1110 1863 nusquam
1157 1780 1444 1843 mavoluit
1491 1781 1815 1869 hospitari,
1867 1787 1923 1843 et
1971 1782 2146 1843 habet
2191 1781 2275 1842 ad
2320 1801 2480 1842 mare
2518 1802 2627 1862 pa-

232 1897 463 1949 ternum
526 1888 861 1970 hospitium.
935 1923 1014 1933 —
1083 1885 1414 1950 Postrema
1477 1885 1787 1951 vocabula
1842 1906 2028 1951 sensu
2091 1886 2400 1951 destituta
2457 1892 2626 1950 sunt.

232 1989 497 2058 Conicio
545 2004 603 2056 et
649 1994 821 2057 habet
870 1994 953 2055 ad
997 2015 1157 2056 mare
1193 1999 1495 2076 patentem
1530 2000 1922 2077 prospectum.

332 2204 445 2273 80.
491 2206 651 2269 inter
696 2207 850 2269 hane
893 2208 1234 2271 miserorum
1279 2208 1632 2272 dementiam
1682 2208 2139 2293 infelicissimus
2171 2230 2323 2290 puer
2360 2212 2635 2288 tanyebat

243 2313 562 2396 utriusque
623 2335 820 2393 qeriua
884 2336 1010 2375 oum
1057 2316 1217 2396 fletu
1270 2316 1622 2399 petebatque
1682 2314 2047 2398 suppliciter,
2109 2337 2185 2377 ue
2236 2314 2634 2378 Thebanorum

219 2444 348 2504 par
418 2419 664 2482 humilis
732 2425 979 2482 taberna
1049 2428 1372 2503 spectaret,
1433 2444 1577 2486 neve
1637 2426 1925 2502 sanquine
1984 2429 2183 2484 mutuo
2237 2422 2635 2503 pollueremus

217 2526 686 2614 familiaritatis
732 2526 1101 2589 clarissimae
1147 2549 1340 2591 sacra.
1393 2565 1474 2575 —
1527 2527 1899 2615 Legendum
1946 2533 2043 2592 est
2089 2528 2444 2591 artissimas.

331 2736 440 2801 80.
495 2738 871 2823 fulminatus
935 2741 1044 2799 hae
1077 2740 1604 2820 pronuntiatione,
1653 2737 1741 2798 sic
1788 2745 1851 2798 ut
1900 2759 2096 2819 eram,
2144 2736 2277 2799 siue
2315 2737 2521 2816 yladio
2571 2741 2631 2798 in

232 2844 517 2906 lectulum
563 2844 798 2918 decidi,
852 2850 906 2907 et
953 2845 1281 2907 attulissem
1327 2843 1474 2905 mihi
1518 2844 1829 2905 damnatas
1868 2864 2076 2904 manus
2100 2891 2116 2918 ,
2157 2841 2213 2905 si
2250 2864 2368 2905 nou
2406 2842 2636 2904 inimici

233 2950 531 3015 victoriae
593 2950 956 3013 invidissent.
1015 2989 1089 2997 —-
1145 2949 1433 3014 Absurde
1486 2948 1728 3036 legitur
1774 2954 1903 3012 sine
1943 2948 2183 3028 stadio,
2236 2968 2383 3012 nain
2432 2968 2635 3032 neque

233 3058 296 3121 si
346 3058 477 3119 sine
523 3055 741 3142 gladio
785 3058 850 3119 in
898 3054 1211 3119 lectulum
1259 3054 1604 3139 Encolpius
1652 3054 2006 3130 decidisset,
2058 3056 2285 3118 mortis
2325 3054 2449 3118 sibi
2492 3073 2634 3118 con·

235 3163 601 3227 sciscendae
648 3160 983 3226 consilium
1035 3161 1283 3225 iniisset
1328 3167 1392 3225 et
1439 3181 1630 3246 supra
1666 3162 1986 3235 narravit,
2030 3166 2364 3244 postquam
2407 3159 2637 3246 Ascyl-

235 3280 341 3334 tos
378 3267 667 3355 gladium
713 3258 1072 3353 parricidali
1127 3287 1320 3331 manu
1368 3269 1732 3344 strinxerit,
1780 3287 1845 3331 se
1886 3268 2055 3332 idem
2105 3268 2361 3343 fecisse;
2412 3266 2632 3354 legen-

235 3375 401 3439 dum
449 3377 654 3461 igitur
697 3374 787 3438 sic
832 3380 897 3437 ut
946 3396 1136 3456 eram,
1185 3372 1390 3436 stricto
1432 3373 1663 3453 qladio.

336 3592 443 3656 83.
494 3614 592 3673 eqo
613 3640 629 3669 ‚
668 3593 866 3676 inquit
887 3639 902 3668 ‚
931 3599 1111 3676 poeta
1148 3615 1274 3655 sum
1315 3599 1372 3655 et
1412 3600 1478 3654 ut
1518 3615 1687 3675 spero
1729 3616 1846 3657 nou
1894 3594 2213 3657 humillimi
2247 3595 2500 3677 spiritus
2525 3642 2540 3658 .
2572 3641 2586 3657 .
2621 3641 2638 3659 .

232 3706 447 3785 'quare
492 3705 645 3780 eryo'
691 3701 893 3785 inquis
941 3702 1075 3764 'tam
1125 3700 1277 3762 male
1323 3704 1569 3762 vestitus
1620 3698 1740 3763 es?
1776 3710 2024 3783 propter
2070 3702 2177 3765 hoe
2221 3707 2430 3783 ipsum.
2475 3723 2640 3765 amor

233 3807 475 3889 inqenii
521 3806 804 3870 neminem
855 3828 1109 3891 unquam
1157 3805 1398 3869 divitem
1428 3806 1617 3890 feeit.
1653 3844 1733 3854 -
1765 3802 2061 3893 Corrigas
2080 3857 2096 3890 ,
2148 3826 2379 3892 quaeso
2398 3856 2416 3890 ‚
2457 3807 2640 3870 ardor

239 3936 498 3994 iuqemi.

340 4128 446 4193 92.
498 4137 553 4193 et
597 4152 685 4192 me
738 4129 968 4213 quidem
1007 4132 1186 4208 pueri
1232 4138 1527 4212 tamquam
1574 4129 1852 4191 insanum
1906 4128 2237 4192 imitatione
2272 4130 2641 4211 petulantis-

241 4238 397 4298 sima
464 4236 836 4316 deriserunt,
909 4234 1082 4296 illum
1144 4242 1333 4297 autem
1386 4234 1741 4319 frequentia
1802 4235 2009 4315 inqeus
2069 4240 2447 4300 circumvenit
2509 4261 2637 4301 cum
2704 4279 2727 4302 .

229 4343 466 4425 plausu
510 4348 566 4405 et
611 4340 1008 4403 admiratione
1051 4340 1441 4405 timidissima.
1493 4378 1578 4388 —
1630 4339 1813 4406 Nihil
1853 4346 1949 4406 est
1992 4341 2223 4406 timida
2260 4342 2632 4421 admirati03

245 4449 513 4515 restitue
561 4448 862 4513 Petronio
909 4446 1339 4510 turbidissima.
