3192 5017
1247 328 1578 380 armanus.
2481 305 2608 371 221

228 522 553 580 τρυμμαι,
620 496 957 578 τέτριμμαι
1021 505 1086 565 et
1145 500 1572 582 τετρύχωμαι.
1621 499 1796 568 Vera
1839 498 2030 566 lectio
2076 502 2172 564 est
2214 498 2613 580 τετρυμένης.

222 605 376 672 Sine
422 605 655 672 mendo
704 605 917 670 editur
966 604 1079 670 IV.
1137 606 1286 672 118.
1340 607 1444 674 79.
1501 605 1573 673 ἵν’
1622 605 2031 687 ἀσθενεστέροις
2082 605 2187 670 καὶ
2236 605 2618 687 τετρυμένοις

222 713 612 793 ἐντύχοιμεν.
708 711 825 777 Est
892 731 1116 797 operae
1177 716 1459 798 pretium
1521 715 1719 779 huius
1765 714 1945 781 verbi
1998 713 2234 778 formas
2280 711 2448 797 apud
2493 714 2620 797 Ap-

222 821 490 905 pianum
539 819 893 885 observare.
990 818 1067 883 In
1115 813 1432 903 praesenti
1481 830 1767 905 tempore
1814 820 2063 900 τρύχειν
2113 818 2320 884 dicere
2358 818 2518 883 solet
2557 822 2622 883 et

224 924 550 1008 ἐκτρύχειν
599 932 662 990 et
710 924 1179 1006 προεκτρύχεινε
1231 928 1297 990 in
1342 927 1561 992 futuro
1614 926 1957 1004 ἐκτρύσεινε
2008 928 2076 989 in
2122 926 2356 991 aoristo
2403 925 2618 1004 ἐκτρῦ-

224 1056 355 1097 σαι.
450 1031 717 1097 Formae
783 1033 1071 1116 passivae
1133 1052 1425 1117 praesens
1472 1038 1568 1098 est
1616 1032 1966 1116 τρύχομαι,
2012 1031 2366 1115 perfeetum
2413 1029 2619 1111 τέτρυ-

225 1160 387 1214 μαι,
435 1136 833 1222 τετρυμένος,
884 1137 1214 1222 depravari
1261 1139 1528 1204 solitum
1576 1138 1644 1202 in
1691 1138 1928 1204 formas
1974 1156 2131 1222 quas
2177 1136 2479 1201 diximus.

320 1243 473 1309 Loci
520 1244 688 1329 apud
735 1245 1101 1328 Appianum
1147 1244 1216 1309 hi
1265 1252 1445 1311 sunt.

321 1349 642 1431 ἐκτρύχειν
687 1348 768 1415 Π.
820 1348 925 1417 72.
977 1348 1083 1414 90.
1137 1356 1201 1415 et
1247 1349 1329 1414 V.
1381 1349 1527 1416 108.
1556 1350 1661 1416 43.
1709 1351 2144 1431 προεκτρύχειν
2185 1347 2300 1413 IV.
2333 1346 2481 1413 108.
2511 1344 2617 1413 70.

228 1456 542 1537 ἐκτρύχων
582 1456 637 1521 Ι.
688 1454 791 1520 96.
850 1454 954 1520 79.

322 1562 675 1640 Ἐκτρύσειν
732 1560 837 1626 IV.
894 1560 1044 1626 108.
1103 1561 1212 1627 59.

320 1672 653 1748 Ἐκτρυσαι
699 1676 842 1741 ταῖς
888 1667 1170 1749 απορίαις
1219 1668 1310 1735 11.
1363 1668 1472 1735 66.
1525 1618 1633 1735 52.

317 1775 716 1856 Τρυχόμενος
766 1774 1056 1855 ἐσφοραῖς
1107 1774 1159 1839 I.
1200 1774 1275 1840 7.
1328 1774 1433 1841 74.

320 1878 703 1962 Τετρυμένος
751 1879 1209 1966 (τετριμμένος,
1251 1879 1662 1961 τετρυμμένος
1685 1927 1703 1958 ,
1749 1878 2177 1963 τεθρυμμένος)
2219 1877 2332 1944 111.
2374 1876 2479 1945 71.
2506 1876 2618 1945 82.

322 1987 713 2067 Τετρυμένης
759 1986 1193 2070 (τετριμμένης
1214 2036 1233 2071 ,
1269 1985 1693 2066 τετρυμμένης
1713 2034 1730 2063 ,
1757 1986 2255 2067 τετρυχωμένης)
2281 1983 2390 2049 IV.
2421 1984 2483 2049 5.
2510 1982 2614 2050 98.

321 2092 716 2172 Τετρυμένης
762 2092 1238 2178 (τετρυμμένης)
1286 2092 1394 2159 IV.
1444 2091 1551 2157 99.
1605 2090 1713 2157 61.

327 2197 717 2278 Τετρυμένην
763 2198 1236 2285 (τετρυμμένην)
1284 2198 1404 2264 IV.
1455 2196 1560 2263 63.
1615 2196 1721 2263 78.

322 2303 715 2385 Τετρυμένην
775 2303 932 2384 πόνῳ
998 2304 1483 2389 (τετρυμμένην,
1540 2303 1973 2386 τετριμμένην)
2021 2302 2108 2367 II.
2161 2301 2268 2367 30.
2317 2300 2426 2367 85.

324 2411 545 2497 Itaque
593 2410 1001 2477 vehementer
1048 2415 1340 2493 suspecta
1387 2416 1484 2476 est
1528 2413 1844 2495 scriptura
1881 2409 2192 2475 librorum
2235 2407 2284 2472 I.
2330 2407 2480 2473 102.
2510 2406 2617 2472 34.

225 2515 778 2598 ἐκτετρυχωμένοις
828 2516 1152 2596 ἐσφοραῖς,
1205 2521 1269 2580 et
1314 2515 1570 2582 videtur
1616 2517 1947 2600 Appianus
1998 2522 2070 2577 ut
2119 2512 2279 2579 solet
2324 2509 2617 2593 τετρυμέ-

225 2649 343 2700 νοις
405 2625 669 2706 dixisse,
731 2622 900 2707 quod
956 2620 1200 2686 librarii
1256 2622 1356 2703 (ut
1403 2641 1587 2706 saepe
1633 2620 1815 2704 alibi)
1863 2623 1932 2685 in
1978 2619 2458 2700 τετρυχωμένοις
2507 2639 2617 2685 no—

225 2709 457 2797 tiorem
506 2728 631 2794 sibi
676 2728 950 2793 formam
1001 2730 1471 2791 converterunt.

325 2939 467 3004 Lib.
519 2937 626 3003 IV.
681 2935 943 3004 10.17.
1008 2935 1257 3014 ἀνάγκη
1309 2934 1372 3000 δέ
1419 2959 1479 2999 τι
1531 2935 1635 3000 καὶ
1689 2939 1771 3015 τῷ
1821 2937 2025 3016 ςρατῷ
2076 2934 2360 3014 γενέσθαι
2411 2958 2617 3043 παρα-

228 3046 439 3124 μύθιον
490 3043 830 3124 ὑβρισμένῳ
875 3066 946 3106 τε
992 3043 1098 3107 και
1149 3039 1548 3123 παροξυμένῳ
1597 3040 1801 3108 scrib.
1855 3040 2344 3122 παρωξυμμένῳ.

330 3253 471 3318 Lib.
534 3252 644 3318 IV.
709 3250 815 3318 10.
881 3249 983 3316 17.
1043 3253 1095 3317 οἱ
1159 3251 1221 3317 δὲ
1285 3255 1346 3317 ἐν
1395 3251 1712 3334 ἀμερίμνῳ
1760 3275 1894 3331 περι
1945 3258 2116 3333 σφῶν
2170 3290 2250 3301 -
2303 3252 2621 3332 γενόμενοι

234 3358 381 3431 τοὺς
444 3356 675 3430 ἄλλους
738 3357 836 3423 ἐπὶ
900 3360 1091 3439 μισθῷ
1141 3366 1268 3429 τοῖς
1317 3362 1726 3438 σφαγεῦΟΙΝ
1777 3356 2198 3435 ἐκυνηγέτουν.
2294 3357 2622 3425 Sententia

230 3468 362 3534 loci
393 3468 609 3552 arguit
644 3466 1176 3551 praepositionem
1202 3463 1620 3530 intercidisse.
1669 3464 2088 3529 scribendum
2115 3472 2240 3537 τοῖς
2267 3471 2624 3545 σφαγεῦσιν

234 3569 829 3648 (ῖΎΝεκυνηγέτουν.
856 3571 1287 3656 Interfectores
1310 3576 1374 3634 in
1392 3571 1753 3654 proscriptis
1777 3571 2209 3652 investiyandis
2235 3573 2623 3638 adiuvabant.

323 3784 470 3855 Lib.
518 3782 628 3848 IV.
680 3781 784 3848 15.
840 3782 946 3849 18.
993 3789 1111 3848 τῶν
1158 3785 1283 3864 γὰρ
1336 3782 1407 3857 δη
1456 3784 2024 3864 προγεγραμμένων
2076 3784 2168 3869 (αἱ
2209 3786 2522 3870 κεφαλαὶ)
2563 3787 2625 3850 ἐν

226 3894 436 3973 ἀγορᾷ
500 3890 881 3970 προύτίθεντο
943 3889 1113 3969 παρὰ
1163 3897 1290 3961 τοῖς
1337 3889 1623 3967 βήμασιν
1671 3889 1812 3954 ἔνθα
1861 3888 1978 3955 ἔδει
2031 3891 2411 3967 κομίσαντας
2458 3893 2624 3956 ἄντι·

226 3995 461 4073 λαβεῖν
505 3994 587 4059 τὰ
639 3998 967 4060 ’ΛΓΑΘΑ.
1021 3994 1355 4081 Appianus
1402 3999 1740 4081 scripserat
1787 3995 2158 4073 οὶντιλαβεῖν
2206 3997 2292 4060 τὰ
2325 3992 2621 4063 ''Aethi-

227 4104 311 4170 οἱ.
363 4100 483 4167 IV.
532 4100 641 4165 20.
692 4098 799 4167 37.
845 4105 1140 4167 Antonius
1174 4109 1486 4187 postquam
1536 4104 1621 4165 ad
1657 4124 1787 4165 eum
1825 4108 2001 4183 caput
2034 4099 2337 4166 Ciceronis
2371 4103 2625 4167 relatum

227 4219 320 4274 eet
383 4207 484 4272 τὸν
546 4209 831 4287 λοχαγὸν
883 4245 963 4257 -
1016 4208 1230 4273 πλέοσι
1280 4214 1396 4272 τῶν
1444 4207 1710 4272 ἄθλων
1758 4207 2097 4287 ἐδωρήσατο
2148 4206 2329 4274 πέντε
2379 4209 2484 4274 καὶ
2536 4208 2623 4274 εἴ·
2711 4200 2716 4205 ’

229 4335 363 4380 κοσι
412 4311 693 4393 μυριάσιν
742 4314 1042 4380 Ἀττικῶν
1091 4313 1386 4394 δραχμῶν
1434 4313 1652 4399 (decies
1695 4314 2011 4398 sestertio).
