3192 5017
528 281 615 351 ’76
935 227 936 234 ¹
1608 295 1843 346 omnm.

618 471 690 536 Iu
739 469 1265 535 Acharnensibus
1312 490 1405 535 vs.
1454 467 1582 533 481
1635 489 1767 554 sqq.
1815 468 2218 554 Dicaeopolis
2265 468 2459 535 verba
2503 468 2821 534 facturus:

984 572 1083 656 ἄρ’
1133 570 1296 639 οἷσθ’
1343 572 1474 641 ὅσον
1525 575 1628 640 τὸν
1677 578 1868 653 ἀγῶν’
1917 576 2174 654 ἀγωνιεῖ
2217 573 2433 656 τάχα,

981 681 1230 761 μέλλων
1279 682 1425 762 ὑπὲρ
1471 681 1976 758 Λακεδαιμονίων
2023 681 2241 762 ἀνδρῶν
2293 682 2538 760 λέγεινς

985 788 1388 870 πρόβαινε
1436 813 1572 865 νυν,
1624 785 1665 853 ὦ
1717 788 1905 867 θυμέ,
1954 791 2299 869 γραμμὴ
2348 789 2398 852 δ’
2446 790 2663 865 αὑτηί,

982 893 1251 970 {ennam
1302 898 1409 960 οὐκ
1460 891 1522 960 εἶ
1562 894 1888 960 καταπιὼν
1933 897 2266 973 Εὐριπίδην
2282 916 2298 973 ;

528 1004 658 1070 Ubi
706 1006 924 1091 imago
970 1010 1185 1069 sumta
1233 1009 1332 1067 est
1380 1024 1418 1067 a
1465 1022 1754 1085 cursore,
1802 1005 1901 1067 uti
1946 1010 2115 1067 recte
2162 1004 2417 1068 monuit
2462 1000 2805 1066 scholiasta
2856 1008 2923 1066 et

527 1111 795 1191 γραμμή
843 1116 940 1174 est
985 1109 1252 1188 βαλβίς.
1303 1107 1557 1174 Similis
1601 1108 1974 1193 metaphora
2015 1109 2270 1173 subesse
2310 1114 2519 1193 potest
2557 1107 2923 1192 fragmento

527 1223 764 1292 nostr0,
816 1238 941 1283 non
989 1224 1207 1282 tamen
1255 1236 1293 1280 a
1341 1236 1531 1281 cursu
1579 1216 1817 1300 petita,
1868 1216 1945 1281 de
1992 1236 2116 1301 qno
2163 1215 2518 1293 ἐμβάλλειν
2568 1223 2633 1279 et
2672 1214 2923 1292 ἐμβολή

527 1325 657 1389 dici
725 1343 848 1388 non
911 1324 1239 1398 videntur,
1309 1322 1416 1387 sed
1480 1325 1697 1407 potius
1745 1324 1824 1387 ab
1873 1322 1999 1388 alio
2048 1326 2392 1388 certamine
2417 1370 2432 1398 ‚
2481 1325 2619 1388 sive
2666 1321 2919 1402 ἐμβολή

527 1429 604 1495 de
648 1431 896 1514 impetu
947 1430 1014 1493 in
1055 1429 1524 1505 adversarium,
1584 1430 1719 1494 sive
1768 1429 1845 1494 de
1893 1429 2050 1493 disci
2098 1437 2209 1494 aut
2254 1429 2448 1494 iaculi
2496 1431 2669 1494 iactu
2724 1429 2921 1494 intel-

525 1535 859 1623 ligendum
934 1545 1051 1601 est.
1144 1534 1313 1599 Utut
1384 1542 1510 1613 est,
1575 1537 1680 1600 hic
1744 1556 1993 1621 quoque
2054 1556 2260 1601 sermo
2324 1557 2458 1601 esse
2524 1536 2781 1602 videtur
2842 1536 2925 1600 de

530 1651 773 1708 oratore
819 1643 1011 1708 verba
1060 1642 1327 1707 facturo.

616 1857 1102 1924 Ams‘rorrmns
1151 1859 1381 1947 fragm.
1438 1857 1569 1924 626

887 1964 1055 2047 ᾤμην
1100 1965 1153 2030 δ’
1203 1963 1409 2044 ἔγωγε
1456 1967 1558 2030 τὸν
1613 1963 2125 2044 Κυκλοβόρον
2173 1962 2580 2029 κατιέναι.

530 2073 697 2157 Apte
744 2070 1092 2137 contuleris
1140 2070 1539 2138 Pherecratis
1587 2072 1665 2135 fr.
1712 2070 1775 2137 11
1821 2070 1977 2156 275,
2025 2071 2066 2134 4
2118 2070 2372 2157 (Mein.)

799 2176 956 2255 οἴμοι
1007 2176 1250 2257 τάλας,
1300 2180 1527 2260 φησίν,
1578 2202 1632 2259 χ
1655 2177 1970 2259 αραδρα
2018 2178 2595 2251 κατελήλυθεν.

619 2388 1096 2455 Ams'romums
1143 2387 1221 2452 fr.
1271 2385 1402 2452 646

1656 2490 1828 2572 οἶμαι
1876 2493 2004 2574 γαρ
2052 2493 2240 2558 αὐτὸν
2286 2494 2544 2559 κόλλοπι

889 2602 999 2667 loe
1020 2601 1103 2667 κε’
1125 2627 1153 2664 ν
1174 2625 1274 2666 αι.

526 2708 830 2795 Suspecta
891 2715 987 2775 est
1048 2710 1218 2794 apud
1281 2713 1524 2775 veteres
1569 2708 1774 2774 forma
1833 2708 2086 2774 ἑοικέναι
2110 2757 2126 2787 ,
2174 2729 2287 2794 pro
2334 2729 2459 2794 qua
2503 2709 2730 2774 lubens
2777 2712 2929 2777 sub-

525 2819 843 2884 stituerim
912 2839 1192 2896 προσει
1213 2814 1347 2880 κέν
1369 2839 1472 2881 αι.
1547 2813 1814 2880 Temere
1877 2816 2083 2881 editor
2130 2816 2667 2901 transponendum
2716 2820 2927 2903 suspi-

527 2931 743 2990 catur:

1115 3026 1368 3093 ἐοικέναι
1416 3028 1543 3108 γὰρ
1591 3027 1778 3093 αὐτὸν
1827 3025 2000 3107 οἶμαι
2048 3030 2328 3095 κόλλοπι.

621 3250 1103 3316 Ams'rormm
1150 3251 1227 3315 fr.
1280 3247 1412 3317 6¹78

1635 3360 1775 3433 τοὺς
1827 3360 2078 3442 Φρύγας
2131 3358 2267 3428 οἶδα
2316 3360 2551 3444 θεωρῶν

755 3459 858 3527 ὅτε
895 3466 979 3546 τῷ
1026 3464 1284 3546 Πριάμῳ
1332 3465 1790 3545 συλλυσαέμενοι
1837 3468 1940 3533 τὸν
1988 3469 2162 3534 παῖδ’
2212 3465 2385 3545 ἦλθον
2430 3472 2728 3539 τεθνεῶτα

753 3571 966 3636 πολλὰ
1014 3570 1248 3636 τοιαυτὶ
1300 3572 1403 3638 καὶ
1453 3573 1691 3639 τοιαυτὶ
1740 3574 1871 3640 καὶ
1922 3575 2146 3656 δεῦρο
2192 3581 2736 3659 σχηματίσαντες.

525 3676 777 3745 Vellem
835 3678 1109 3744 editores
1168 3685 1233 3744 et
1293 3687 1826 3748 commentatores
1882 3684 2050 3748 mihi
2097 3683 2518 3768 explicassent
2563 3687 2757 3760 verba
2805 3690 2915 3754 καὶ

535 3783 733 3866 δεῦρο,
793 3804 956 3869 quae
999 3805 1128 3850 non
1175 3786 1461 3870 expedio.

617 4002 1096 4070 Amsrormms
1143 4002 1219 4067 fr.
1270 4001 1424 4083 892,
1474 4004 1518 4070 2

936 4110 1066 4186 περὶ
1117 4111 1227 4185 τὴν
1277 4115 1563 4193 κεφαλὴν
1614 4111 1984 4191 ἐξῆμμαι
2034 4115 2287 4190 πηνίκην
2334 4113 2496 4182 τινα.

523 4214 762 4284 Merito
810 4212 1090 4294 ἐξῆμμαι
1139 4217 1553 4305 depravatum
1599 4220 1754 4286 dicit
1790 4220 2098 4287 Kockius.
2154 4221 2353 4288 Unice
2394 4229 2614 4309 aptum
2656 4226 2913 4294 videtur

526 4335 640 4403 <vr
656 4346 684 4385 ε
703 4322 774 4402 ρι’
790 4323 1088 4402 κ>ειμαι.
