3192 5017
1293 275 1719 328 ·rnnormnns.
2604 257 2689 327 39

306 445 547 534 aliquid
616 449 913 536 ponderis
978 448 1211 515 habere
1266 454 1530 535 possunt
1589 449 1701 516 sed
1761 448 1924 515 nihil
1981 450 2217 517 habent
2263 452 2686 517 auctoritatis.
2786 523 2798 540 ‚

305 554 487 621 Nunc
534 556 797 641 quidem
843 553 1125 623 Graecus
1166 561 1480 621 corrector
1525 558 1800 622 erravit:
1848 556 2005 642 quid
2049 559 2223 622 enim
2268 556 2375 623 hic
2421 554 2547 622 loci
2595 560 2691 621 est

306 670 381 742 τῇ
426 661 754 738 σκαιότητι
801 662 871 728 id
914 668 1011 727 est
1053 658 1472 746 άπαιδευσίᾳί
1517 662 1742 747 Neque
1789 681 1864 727 ca
1908 660 1986 726 de
2032 682 2222 727 causa
2265 662 2391 727 sibi
2438 662 2517 727 ab
2557 660 2692 726 illis

304 766 600 852 Spartani
643 769 1033 835 metuebant.
1130 766 1507 834 Metuebant
1552 788 1773 835 eorum
1820 769 1909 834 τά
1951 769 2329 850 Φρονήματα
2347 819 2364 847 ,
2421 789 2693 854 quorum

305 875 370 938 in
414 873 588 941 bello
632 875 816 941 fortis
862 896 934 941 ac
978 878 1237 941 strenua
1283 895 1472 961 opera
1516 875 1743 941 fuisset
1760 924 1776 950 ‚
1823 877 2197 961 praesertim
2243 878 2571 942 iuniorum
2627 879 2696 940 in

305 979 454 1047 flore
496 1002 571 1048 ac
617 982 839 1048 robore
882 983 1130 1048 aetatis.
1223 980 1433 1047 Notus
1479 988 1576 1047 est
1621 981 1951 1067 Euripidis
1996 984 2314 1048 senarius:

763 1089 971 1164 νεότης
1017 1090 1089 1167 μ’
1135 1088 1318 1170 ἐπῆρε
1366 1088 1471 1153 καὶ
1521 1086 1734 1170 θράσος
1782 1093 1891 1154 τοῦ
1940 1092 2040 1154 νοῦ
2087 1086 2296 1156 πλέον.

307 1201 372 1261 ct
416 1194 881 1263 Homericum:

751 1302 874 1368 αἰεὶ
922 1302 974 1368 δ’
1023 1301 1363 1382 ὁπλοτέρων
1409 1302 1633 1385 άνδρῶν
1677 1303 1894 1385 Φρένες
1944 1304 2302 1386 ἠερέθονται.

400 1407 623 1494 Itaque
669 1411 981 1475 retineam
1024 1409 1136 1484 τὴν
1182 1408 1466 1484 νεότητα.
1506 1409 1784 1476 fervidos
1821 1412 2087 1478 iuventa
2125 1416 2191 1477 et
2226 1430 2492 1477 numero
2527 1408 2697 1477 mul-

308 1519 410 1581 tos
453 1512 755 1601 Spartani
798 1515 1316 1583 reformidabant.

402 1724 691 1812 Thucy&
742 1724 851 1793 IV.
899 1726 1007 1793 81.
1056 1725 1123 1792 2.
1171 1724 1288 1797 ὅτε
1333 1734 1460 1801 τοῖς
1510 1726 2019 1801 Λακεδαιμονίοις
2057 1727 2387 1807 γίγνεσθαι
2418 1723 2700 1806 ξυμβαί-

311 1855 428 1897 νειν
478 1832 872 1911 βουλομένοις
922 1871 974 1884 -
1057 1834 1465 1900 ἀνταπόδοσιν
1512 1834 1649 1918 [καὶ
1697 1832 2044 1919 άποδοχῆν]
2092 1834 2348 1915 χωρίων.
2405 1832 2700 1899 Herwer·

313 1939 473 2005 den:
523 1941 851 2023 „fortasse
896 1940 1003 2004 καὶ
1051 1940 1555 2021 άνταποδοχῆν.”
1648 1938 1721 2005 Si
1766 1938 1982 2006 locum
2030 1938 2375 2027 diligenter
2411 1937 2697 2004 conside-

316 2048 554 2113 raveris
596 2048 831 2112 senties
876 2046 983 2114 καὶ
1029 2045 1347 2128 ἀποδοχήν
1393 2045 1565 2113 male
1604 2046 1944 2114 abundare.
1992 2044 2290 2132 Spartani
2321 2044 2488 2110 nihil
2525 2044 2702 2111 alind

316 2152 656 2239 cupiebant
725 2172 916 2238 quam
966 2154 1360 2245 ,κομίσασθαι
1424 2153 1565 2227 τοὺς
1629 2150 1886 2235 ἄνδρας,
1959 2153 2071 2219 sed
2141 2151 2307 2219 nibil
2382 2151 2701 2218 habebant

317 2259 481 2343 quod
550 2279 665 2344 pro
734 2257 868 2325 illis
936 2259 1404 2326 ἀνταποδιδόναι
1467 2264 1746 2346 possent.
1808 2260 1886 2325 cf.
1950 2258 2060 2325 lv.
2112 2258 2217 2323 1⁷.
2265 2278 2398 2343 sqq.
2446 2256 2701 2323 Dabant

316 2365 543 2444 εἰρήνην
590 2365 695 2430 καὶ
734 2361 1116 2446 ξυμμαχίαν
1136 2416 1154 2451 ,
1193 2366 1661 2453 pollicebantur
1692 2367 1995 2432 honorem
2015 2412 2031 2440 ,
2057 2363 2333 2453 gloriam
2355 2411 2372 2442 ,
2398 2366 2702 2452 gratiam,

314 2469 771 2557 Spartanorum
848 2469 1102 2538 fidelem
1183 2474 1541 2539 amicitiam
1561 2520 1578 2552 ‚
1649 2472 1758 2538 sed
1825 2471 1988 2537 nihil
2057 2471 2135 2537 de
2201 2470 2701 2536 Atheniensibus

314 2576 484 2644 bello
541 2583 803 2663 captum
848 2578 1200 2657 habebant,
1247 2586 1321 2645 ut
1365 2582 1757 2664 permutatio
1802 2577 1939 2645 fieri
1989 2584 2213 2664 posset.
2309 2577 2495 2644 Nunc
2541 2575 2701 2641 Bra-

314 2684 484 2750 sidas
549 2682 832 2758 άπέςησε
896 2685 984 2751 τά
1043 2685 1292 2764 πολλά,
1356 2686 1445 2752 τά
1507 2684 1569 2751 δὲ
1632 2685 1919 2770 προδοσία
1965 2682 2094 2751 είλε
2140 2691 2258 2751 τῶν
2301 2682 2538 2767 χωρίων
2584 2680 2701 2752 ὅτε

315 2798 442 2863 τοῖς
507 2791 1015 2867 Λακεδαιμονίοις
1072 2790 1402 2870 γίγνεσθαι
1450 2791 1881 2872 άνταπόδοσιν.
1977 2790 2177 2858 Vides
2221 2794 2331 2867 τῆν
2379 2789 2703 2868 άποδοχῆν

314 2898 381 2962 in
419 2896 914 2971 ’ΛΝΤαπόδοσις
957 2900 1181 2964 inesse.
1231 2898 1437 2965 Nemo
1476 2898 1649 2965 enim
1707 2901 1834 2965 nisi
1877 2895 2337 2977 άποδεξάμενός
2386 2920 2445 2963 τι
2494 2901 2703 2982 potest

316 2989 814 3069 ἀνταποδιδόναι.

403 3212 701 3301 Thucyd.
764 3214 869 3281 IV.
935 3215 1045 3282 81.
1108 3215 1173 3282 2.
1249 3221 1283 3294 ἡ
1345 3215 1489 3284 τότε
1552 3216 1846 3299 Βρασίδου
1908 3218 2094 3298 άρετὴ
2141 3217 2246 3281 καὶ
2294 3189 2535 3293 ἔύνεσίς
2581 3222 2699 3283 τῶν

317 3320 429 3397 μὲν
492 3323 676 3403 πείρα
739 3320 1106 3399 αἰσθομένων
1167 3330 1286 3389 τῶν
1345 3324 1398 3390 δ’
1456 3325 1611 3406 άκοῇ
1658 3322 2034 3401 νομισάντων
2080 3321 2330 3401 μάλιςα
2378 3323 2705 3402 ἐπιθυμίαν

316 3426 593 3492 ἐνεποίει.
657 3426 800 3492 Non
863 3436 959 3494 est
1002 3433 1172 3494 recte
1217 3432 1579 3517 cogitatum
1626 3430 1782 3511 ἀκοῇ
1830 3431 2110 3511 νομίζειν.
2202 3428 2425 3496 Potest
2472 3428 2706 3516 aliquis

315 3535 468 3616 άκοῇ
542 3532 763 3599 εἰδέναι
832 3533 939 3601 vel
1011 3535 1340 3604 ἐπίςασθαι
1406 3535 1514 3603 vel
1575 3535 1788 3602 simile
1849 3536 2005 3622 quid
2029 3587 2045 3614 ‚
2109 3557 2233 3602 non
2282 3533 2546 3615 νομίζειν
2592 3541 2707 3602 aut

319 3638 818 3718 ὑπολαμβάνειν.
912 3639 1073 3707 Dele
1136 3642 1511 3720 νομισάντων
1559 3643 1638 3709 ab
1685 3664 1758 3710 eo
1803 3646 2116 3710 insertum
2165 3647 2277 3729 qui
2326 3643 2707 3728 opinabatur

320 3746 398 3811 ad
461 3746 616 3828 άκοῇ
676 3749 1088 3834 participium
1150 3769 1284 3815 esse
1345 3749 1747 3835 addendum,
1792 3756 1869 3815 ut
1914 3751 2096 3834 πείρᾳ
2145 3751 2547 3834 αἰσθομένων,
2595 3748 2707 3814 sed

319 3851 396 3917 ad
464 3857 813 3939 utrumque
878 3857 1154 3940 pertinet
1223 3856 1615 3933 αἰσθομένων.
1712 3856 2013 3922 Brasidae
2074 3859 2347 3922 virtutes
2408 3855 2522 3922 alii
2584 3876 2705 3920 usu

323 3961 565 4044 experti
611 3965 790 4026 erant
810 4008 825 4038 ,
873 3959 988 4027 alii
1030 3961 1220 4028 fando
1266 3963 1669 4031 audiverant.

410 4171 655 4239 Thucd.
716 4172 834 4239 IV.
893 4175 1004 4241 83.
1075 4175 1137 4241 5.
1207 4176 1546 4259 Περδίκκας
1608 4177 1661 4243 δ’
1724 4174 1865 4242 οὔτε
1926 4176 2177 4252 δικαςῆν
2228 4171 2351 4258 ἔφη
2404 4174 2708 4257 Βρασίδαν

326 4287 438 4347 τῶν
485 4280 795 4363 σφετέρων
844 4280 1142 4364 διαφορῶν
1187 4284 1482 4361 άγΛΓεῑν
1528 4284 1661 4349 κτέ.
1739 4283 2113 4370 Requiritur
2156 4304 2446 4369 praesens
2494 4280 2710 4362 ἄγειν,

325 4387 597 4477 negabat
657 4408 726 4454 se
802 4388 1135 4455 Brasidam
1213 4412 1475 4457 suarum
1553 4392 2124 4458 controversiarum
2195 4390 2480 4456 iudicem
2544 4390 2709 4456 arbi-
