<?xml version="1.0" encoding="UTF-8"?>
<!DOCTYPE html PUBLIC "-//W3C//DTD XHTML 1.0 Transitional//EN"
    "http://www.w3.org/TR/xhtml1/DTD/xhtml1-transitional.dtd">
<html xmlns="http://www.w3.org/1999/xhtml" xml:lang="en" lang="en">
 <head>
  <title>
</title>
<meta http-equiv="Content-Type" content="text/html;charset=utf-8" />
  <meta name='ocr-system' content='tesseract 3.04.00' />
  <meta name='ocr-capabilities' content='ocr_page ocr_carea ocr_par ocr_line ocrx_word'/>
</head>
<body>
  <div class='ocr_page' id='page_1' title='image "./mnemosynebiblio14servgoog_0603.png"; bbox 0 0 3192 5017; ppageno 0'>
   <div class='ocr_carea' id='block_1_1' title="bbox 1308 289 2678 358">
    <p class='ocr_par' dir='ltr' id='par_1_1' title="bbox 1308 289 2678 358">
     <span class='ocr_line' id='line_1_1' title="bbox 1308 289 2678 358; baseline 0 -2"><span class='ocrx_word' id='word_1_1' title='bbox 1308 309 1669 357; x_wconf 70' lang='lat' dir='ltr'><strong>nummu.</strong></span> <span class='ocrx_word' id='word_1_2' title='bbox 2552 289 2678 358; x_wconf 82' lang='lat'><strong>147</strong></span> 
     </span>
    </p>
   </div>
   <div class='ocr_carea' id='block_1_2' title="bbox 287 478 2707 1947">
    <p class='ocr_par' dir='ltr' id='par_1_2' title="bbox 287 478 2707 1947">
     <span class='ocr_line' id='line_1_2' title="bbox 929 478 2015 558; baseline 0.004 -15"><span class='ocrx_word' id='word_1_3' title='bbox 929 479 1355 545; x_wconf 60' lang='grc' dir='ltr'><strong><em>κατασκίοισιν</em></strong></span> <span class='ocrx_word' id='word_1_4' title='bbox 1401 479 1671 558; x_wconf 71' lang='grc' dir='ltr'><strong><em>ὀλβίσας</em></strong></span> <span class='ocrx_word' id='word_1_5' title='bbox 1718 478 2015 548; x_wconf 76' lang='grc' dir='ltr'><strong><em>ἐνώτισεν.</em></strong></span> 
     </span>
     <span class='ocr_line' id='line_1_3' title="bbox 289 579 2671 674; baseline 0.003 -26"><span class='ocrx_word' id='word_1_6' title='bbox 289 579 526 648; x_wconf 75' lang='lat' dir='ltr'>Scribit</span> <span class='ocrx_word' id='word_1_7' title='bbox 583 582 902 649; x_wconf 86' lang='lat' dir='ltr'><strong>Pcrsonus</strong></span> <span class='ocrx_word' id='word_1_8' title='bbox 946 583 1476 651; x_wconf 83' lang='lat' dir='ltr'><strong>Valckenaerium</strong></span> <span class='ocrx_word' id='word_1_9' title='bbox 1524 587 1762 653; x_wconf 85' lang='lat' dir='ltr'><strong>frustra</strong></span> <span class='ocrx_word' id='word_1_10' title='bbox 1807 594 2175 674; x_wconf 82' lang='lat' dir='ltr'><strong>suspectum</strong></span> <span class='ocrx_word' id='word_1_11' title='bbox 2218 589 2517 654; x_wconf 83' lang='lat' dir='ltr'><strong>habuisse</strong></span> <span class='ocrx_word' id='word_1_12' title='bbox 2562 610 2671 670; x_wconf 80' lang='lat' dir='ltr'><strong>vo-</strong></span> 
     </span>
     <span class='ocr_line' id='line_1_4' title="bbox 288 687 2673 781; baseline 0.003 -27"><span class='ocrx_word' id='word_1_13' title='bbox 288 687 594 754; x_wconf 83' lang='lat' dir='ltr'><strong>cabulum</strong></span> <span class='ocrx_word' id='word_1_14' title='bbox 642 688 916 753; x_wconf 72' lang='grc' dir='ltr'><strong><em>ἐνώτισεν</em></strong></span> <span class='ocrx_word' id='word_1_15' title='bbox 935 737 953 767; x_wconf 83' lang='grc'><em>,</em></span> <span class='ocrx_word' id='word_1_16' title='bbox 1002 709 1204 774; x_wconf 89' lang='lat' dir='ltr'><strong>quum</strong></span> <span class='ocrx_word' id='word_1_17' title='bbox 1242 691 1642 777; x_wconf 81' lang='lat' dir='ltr'><strong>Hesychius,</strong></span> <span class='ocrx_word' id='word_1_18' title='bbox 1682 714 1874 778; x_wconf 89' lang='lat' dir='ltr'><strong>quem</strong></span> <span class='ocrx_word' id='word_1_19' title='bbox 1918 694 2200 761; x_wconf 82' lang='lat' dir='ltr'><strong>Batavus</strong></span> <span class='ocrx_word' id='word_1_20' title='bbox 2241 696 2500 760; x_wconf 85' lang='lat' dir='ltr'><strong>criticus</strong></span> <span class='ocrx_word' id='word_1_21' title='bbox 2536 697 2673 781; x_wconf 89' lang='lat' dir='ltr'><strong>ipse</strong></span> 
     </span>
     <span class='ocr_line' id='line_1_5' title="bbox 287 793 2691 879; baseline 0.003 -19"><span class='ocrx_word' id='word_1_22' title='bbox 287 793 616 868; x_wconf 75' lang='lat' dir='ltr'><strong>laudaret.</strong></span> <span class='ocrx_word' id='word_1_23' title='bbox 660 795 945 862; x_wconf 83' lang='lat' dir='ltr'><strong>indidem</strong></span> <span class='ocrx_word' id='word_1_24' title='bbox 985 796 1248 863; x_wconf 81' lang='lat' dir='ltr'><strong>habeat:</strong></span> <span class='ocrx_word' id='word_1_25' title='bbox 1301 796 1572 863; x_wconf 77' lang='grc' dir='ltr'><strong><em>ἐνώτισε·</em></strong></span> <span class='ocrx_word' id='word_1_26' title='bbox 1622 800 1710 865; x_wconf 72' lang='grc' dir='ltr'><strong><em>τὰ</em></strong></span> <span class='ocrx_word' id='word_1_27' title='bbox 1758 806 1918 865; x_wconf 72' lang='grc' dir='ltr'><strong><em>νῶτα</em></strong></span> <span class='ocrx_word' id='word_1_28' title='bbox 1966 801 2450 879; x_wconf 57' lang='lat' dir='ltr'><strong>maeandrum</strong></span> <span class='ocrx_word' id='word_1_29' title='bbox 2498 801 2691 868; x_wconf 81' lang='lat' dir='ltr'><strong>dixe--</strong></span> 
     </span>
     <span class='ocr_line' id='line_1_6' title="bbox 289 901 2675 989; baseline 0.003 -23"><span class='ocrx_word' id='word_1_30' title='bbox 289 902 504 986; x_wconf 70' lang='lat' dir='ltr'><strong>fitque</strong></span> <span class='ocrx_word' id='word_1_31' title='bbox 562 901 865 968; x_wconf 81' lang='lat' dir='ltr'><strong>similiter</strong></span> <span class='ocrx_word' id='word_1_32' title='bbox 921 908 1106 989; x_wconf 81' lang='lat' dir='ltr'><strong>poeta</strong></span> <span class='ocrx_word' id='word_1_33' title='bbox 1148 906 1218 969; x_wconf 88' lang='lat' dir='ltr'><strong>in</strong></span> <span class='ocrx_word' id='word_1_34' title='bbox 1261 903 1452 970; x_wconf 84' lang='lat' dir='ltr'><strong>Herc.</strong></span> <span class='ocrx_word' id='word_1_35' title='bbox 1501 905 1624 971; x_wconf 80' lang='lat' dir='ltr'><strong>fur.</strong></span> <span class='ocrx_word' id='word_1_36' title='bbox 1678 904 1849 971; x_wconf 82' lang='lat'>361:</span> <span class='ocrx_word' id='word_1_37' title='bbox 1894 904 2125 980; x_wconf 68' lang='grc' dir='ltr'><strong><em>ξανθὸν</em></strong></span> <span class='ocrx_word' id='word_1_38' title='bbox 2172 909 2348 986; x_wconf 70' lang='grc' dir='ltr'><strong><em>κρᾶτ’</em></strong></span> <span class='ocrx_word' id='word_1_39' title='bbox 2397 907 2675 973; x_wconf 60' lang='grc' dir='ltr'><strong><em>ἐπινωτί-</em></strong></span> 
     </span>
     <span class='ocr_line' id='line_1_7' title="bbox 291 1007 2672 1099; baseline 0.003 -28"><span class='ocrx_word' id='word_1_40' title='bbox 291 1029 412 1079; x_wconf 71' lang='grc' dir='ltr'><strong>σας</strong></span> <span class='ocrx_word' id='word_1_41' title='bbox 459 1010 650 1089; x_wconf 78' lang='grc' dir='ltr'><strong><em>Δεινῷ</em></strong></span> <span class='ocrx_word' id='word_1_42' title='bbox 695 1008 1000 1090; x_wconf 68' lang='grc' dir='ltr'><strong><em>χάσματι</em></strong></span> <span class='ocrx_word' id='word_1_43' title='bbox 1046 1007 1229 1088; x_wconf 69' lang='grc' dir='ltr'><strong><em>θηρός.</em></strong></span> <span class='ocrx_word' id='word_1_44' title='bbox 1325 1008 1447 1076; x_wconf 81' lang='lat' dir='ltr'><strong>Sed</strong></span> <span class='ocrx_word' id='word_1_45' title='bbox 1488 1011 1827 1077; x_wconf 75' lang='lat' dir='ltr'><strong>audiamus</strong></span> <span class='ocrx_word' id='word_1_46' title='bbox 1866 1011 2396 1079; x_wconf 83' lang='lat' dir='ltr'><strong>Valckenaerium</strong></span> <span class='ocrx_word' id='word_1_47' title='bbox 2434 1015 2672 1099; x_wconf 79' lang='lat' dir='ltr'><strong>ipsum.</strong></span> 
     </span>
     <span class='ocr_line' id='line_1_8' title="bbox 291 1113 2672 1205; baseline 0.002 -25"><span class='ocrx_word' id='word_1_48' title='bbox 291 1113 563 1199; x_wconf 81' lang='lat' dir='ltr'>Propter</span> <span class='ocrx_word' id='word_1_49' title='bbox 641 1114 1044 1202; x_wconf 84' lang='lat' dir='ltr'><strong>Hesychium</strong></span> <span class='ocrx_word' id='word_1_50' title='bbox 1119 1121 1183 1181; x_wconf 89' lang='lat' dir='ltr'><strong>et</strong></span> <span class='ocrx_word' id='word_1_51' title='bbox 1261 1122 1516 1202; x_wconf 86' lang='lat' dir='ltr'><strong>propter</strong></span> <span class='ocrx_word' id='word_1_52' title='bbox 1587 1115 2048 1203; x_wconf 80' lang='lat' dir='ltr'><strong>Scholiastam,</strong></span> <span class='ocrx_word' id='word_1_53' title='bbox 2120 1121 2231 1205; x_wconf 91' lang='lat' dir='ltr'><strong>qui</strong></span> <span class='ocrx_word' id='word_1_54' title='bbox 2301 1118 2672 1204; x_wconf 72' lang='lat' dir='ltr'><strong>adscripsit:</strong></span> 
     </span>
     <span class='ocr_line' id='line_1_9' title="bbox 293 1220 2675 1310; baseline 0.003 -26"><span class='ocrx_word' id='word_1_55' title='bbox 293 1220 604 1286; x_wconf 76' lang='grc' dir='ltr'><strong><em>ἐσκέπασε</em></strong></span> <span class='ocrx_word' id='word_1_56' title='bbox 623 1269 640 1299; x_wconf 84' lang='grc'><strong><em>,</em></strong></span> <span class='ocrx_word' id='word_1_57' title='bbox 684 1223 856 1287; x_wconf 72' lang='grc' dir='ltr'><strong><em>κατὰ</em></strong></span> <span class='ocrx_word' id='word_1_58' title='bbox 904 1226 1011 1287; x_wconf 80' lang='grc' dir='ltr'><strong><em>τοῦ</em></strong></span> <span class='ocrx_word' id='word_1_59' title='bbox 1061 1222 1243 1287; x_wconf 79' lang='grc' dir='ltr'><strong><em>νώτου</em></strong></span> <span class='ocrx_word' id='word_1_60' title='bbox 1289 1223 1606 1302; x_wconf 71' lang='grc' dir='ltr'><strong><em>ἐκάλυψε,</em></strong></span> <span class='ocrx_word' id='word_1_61' title='bbox 1650 1223 1722 1288; x_wconf 83' lang='grc' dir='ltr'><strong><em>τὸ</em></strong></span> <span class='ocrx_word' id='word_1_62' title='bbox 1769 1230 1947 1290; x_wconf 80' lang='grc' dir='ltr'><strong><em>νῶτον</em></strong></span> <span class='ocrx_word' id='word_1_63' title='bbox 1995 1225 2300 1306; x_wconf 75' lang='grc' dir='ltr'><strong><em>περιέλιξε</em></strong></span> <span class='ocrx_word' id='word_1_64' title='bbox 2324 1274 2343 1310; x_wconf 83' lang='grc'><em>,</em></span> <span class='ocrx_word' id='word_1_65' title='bbox 2387 1224 2675 1291; x_wconf 78' lang='lat' dir='ltr'><strong>concedit</strong></span> 
     </span>
     <span class='ocr_line' id='line_1_10' title="bbox 293 1326 2670 1415; baseline 0.002 -24"><span class='ocrx_word' id='word_1_66' title='bbox 293 1326 361 1392; x_wconf 90' lang='lat' dir='ltr'><strong>id</strong></span> <span class='ocrx_word' id='word_1_67' title='bbox 422 1327 591 1412; x_wconf 89' lang='lat' dir='ltr'><strong>quod</strong></span> <span class='ocrx_word' id='word_1_68' title='bbox 653 1328 874 1415; x_wconf 81' lang='lat' dir='ltr'><strong>negari</strong></span> <span class='ocrx_word' id='word_1_69' title='bbox 944 1349 1071 1393; x_wconf 91' lang='lat' dir='ltr'><strong>non</strong></span> <span class='ocrx_word' id='word_1_70' title='bbox 1133 1334 1373 1414; x_wconf 88' lang='lat' dir='ltr'><strong>potest,</strong></span> <span class='ocrx_word' id='word_1_71' title='bbox 1445 1328 1721 1395; x_wconf 71' lang='grc' dir='ltr'><strong><em>ἐνώτισεν</em></strong></span> <span class='ocrx_word' id='word_1_72' title='bbox 1762 1336 2087 1397; x_wconf 79' lang='lat' dir='ltr'><strong>vetustam</strong></span> <span class='ocrx_word' id='word_1_73' title='bbox 2132 1330 2473 1398; x_wconf 86' lang='lat' dir='ltr'><strong>lectionem</strong></span> <span class='ocrx_word' id='word_1_74' title='bbox 2518 1351 2670 1398; x_wconf 85' lang='lat' dir='ltr'><strong>esse.</strong></span> 
     </span>
     <span class='ocr_line' id='line_1_11' title="bbox 292 1431 2677 1523; baseline 0.002 -25"><span class='ocrx_word' id='word_1_75' title='bbox 292 1431 476 1499; x_wconf 82' lang='lat' dir='ltr'><strong>Sitne</strong></span> <span class='ocrx_word' id='word_1_76' title='bbox 539 1439 789 1513; x_wconf 84' lang='lat' dir='ltr'><strong>tamen,</strong></span> <span class='ocrx_word' id='word_1_77' title='bbox 854 1436 1104 1520; x_wconf 88' lang='lat' dir='ltr'><strong>inquit,</strong></span> <span class='ocrx_word' id='word_1_78' title='bbox 1169 1433 1497 1520; x_wconf 76' lang='lat' dir='ltr'><strong>Euripidis</strong></span> <span class='ocrx_word' id='word_1_79' title='bbox 1542 1438 1747 1521; x_wconf 85' lang='lat' dir='ltr'><strong>ipsius</strong></span> <span class='ocrx_word' id='word_1_80' title='bbox 1792 1458 2056 1523; x_wconf 87' lang='lat' dir='ltr'><strong>manus,</strong></span> <span class='ocrx_word' id='word_1_81' title='bbox 2106 1438 2362 1504; x_wconf 82' lang='lat' dir='ltr'><strong>dubito:</strong></span> <span class='ocrx_word' id='word_1_82' title='bbox 2411 1436 2677 1519; x_wconf 76' lang='grc' dir='ltr'><strong><em>νωτίζειν</em></strong></span> 
     </span>
     <span class='ocr_line' id='line_1_12' title="bbox 292 1538 2675 1631; baseline 0.003 -27"><span class='ocrx_word' id='word_1_83' title='bbox 292 1538 612 1627; x_wconf 81' lang='lat' dir='ltr'><strong>significat</strong></span> <span class='ocrx_word' id='word_1_84' title='bbox 664 1540 772 1606; x_wconf 83' lang='lat' dir='ltr'><strong>vel</strong></span> <span class='ocrx_word' id='word_1_85' title='bbox 829 1545 896 1607; x_wconf 77' lang='lat' dir='ltr'><strong>in</strong></span> <span class='ocrx_word' id='word_1_86' title='bbox 940 1543 1170 1626; x_wconf 66' lang='lat' dir='ltr'><strong>fraqam</strong></span> <span class='ocrx_word' id='word_1_87' title='bbox 1230 1550 1458 1607; x_wconf 76' lang='lat' dir='ltr'><strong>vertere</strong></span> <span class='ocrx_word' id='word_1_88' title='bbox 1516 1542 1624 1609; x_wconf 83' lang='lat' dir='ltr'><strong>vel</strong></span> <span class='ocrx_word' id='word_1_89' title='bbox 1682 1552 1850 1625; x_wconf 71' lang='lat' dir='ltr'><strong>terya</strong></span> <span class='ocrx_word' id='word_1_90' title='bbox 1896 1546 2044 1609; x_wconf 83' lang='lat' dir='ltr'><strong>dare</strong></span> <span class='ocrx_word' id='word_1_91' title='bbox 2059 1594 2077 1621; x_wconf 89' lang='lat'>‚</span> <span class='ocrx_word' id='word_1_92' title='bbox 2124 1544 2291 1629; x_wconf 91' lang='lat' dir='ltr'><strong>quod</strong></span> <span class='ocrx_word' id='word_1_93' title='bbox 2337 1550 2675 1631; x_wconf 74' lang='lat' dir='ltr'><strong>postquam</strong></span> 
     </span>
     <span class='ocr_line' id='line_1_13' title="bbox 290 1645 2672 1738; baseline 0.002 -27"><span class='ocrx_word' id='word_1_94' title='bbox 290 1646 587 1731; x_wconf 87' lang='lat' dir='ltr'><strong>probavit</strong></span> <span class='ocrx_word' id='word_1_95' title='bbox 630 1645 910 1712; x_wconf 84' lang='lat' dir='ltr'><strong>laudatis</strong></span> <span class='ocrx_word' id='word_1_96' title='bbox 956 1647 1258 1713; x_wconf 80' lang='lat' dir='ltr'><strong>Androm.</strong></span> <span class='ocrx_word' id='word_1_97' title='bbox 1315 1647 1512 1726; x_wconf 83' lang='grc'>1141,</span> <span class='ocrx_word' id='word_1_98' title='bbox 1561 1647 1792 1714; x_wconf 80' lang='lat' dir='ltr'><strong>Bacch.</strong></span> <span class='ocrx_word' id='word_1_99' title='bbox 1842 1648 1974 1717; x_wconf 87' lang='grc'><strong>672</strong></span> <span class='ocrx_word' id='word_1_100' title='bbox 2022 1656 2087 1716; x_wconf 87' lang='lat' dir='ltr'><strong>et</strong></span> <span class='ocrx_word' id='word_1_101' title='bbox 2134 1649 2289 1717; x_wconf 91' lang='lat' dir='ltr'><strong>Oed.</strong></span> <span class='ocrx_word' id='word_1_102' title='bbox 2337 1649 2490 1738; x_wconf 75' lang='lat' dir='ltr'><strong>Tyr.</strong></span> <span class='ocrx_word' id='word_1_103' title='bbox 2522 1649 2672 1728; x_wconf 82' lang='lat'>192,</span> 
     </span>
     <span class='ocr_line' id='line_1_14' title="bbox 292 1751 2676 1844; baseline 0.003 -26"><span class='ocrx_word' id='word_1_104' title='bbox 292 1753 386 1818; x_wconf 85' lang='lat' dir='ltr'><strong>ita</strong></span> <span class='ocrx_word' id='word_1_105' title='bbox 447 1754 695 1839; x_wconf 82' lang='lat' dir='ltr'><strong>pergit:</strong></span> <span class='ocrx_word' id='word_1_106' title='bbox 763 1751 937 1831; x_wconf 85' lang='lat' dir='ltr'><strong>„Gur</strong></span> <span class='ocrx_word' id='word_1_107' title='bbox 994 1753 1179 1819; x_wconf 82' lang='lat' dir='ltr'><strong>illam</strong></span> <span class='ocrx_word' id='word_1_108' title='bbox 1230 1765 1394 1836; x_wconf 70' lang='lat' dir='ltr'><strong>ter-qa</strong></span> <span class='ocrx_word' id='word_1_109' title='bbox 1444 1757 1678 1836; x_wconf 74' lang='lat' dir='ltr'><strong>teqendi</strong></span> <span class='ocrx_word' id='word_1_110' title='bbox 1723 1755 2251 1843; x_wconf 79' lang='lat' dir='ltr'><strong>significationem</strong></span> <span class='ocrx_word' id='word_1_111' title='bbox 2298 1758 2492 1823; x_wconf 85' lang='lat' dir='ltr'><strong>verbo</strong></span> <span class='ocrx_word' id='word_1_112' title='bbox 2535 1778 2676 1844; x_wconf 90' lang='lat' dir='ltr'><strong>pro-</strong></span> 
     </span>
     <span class='ocr_line' id='line_1_15' title="bbox 291 1851 2707 1947; baseline 0.002 -22"><span class='ocrx_word' id='word_1_113' title='bbox 291 1860 502 1945; x_wconf 82' lang='lat' dir='ltr'><strong>priam</strong></span> <span class='ocrx_word' id='word_1_114' title='bbox 570 1859 788 1926; x_wconf 85' lang='lat' dir='ltr'><strong>dicant</strong></span> <span class='ocrx_word' id='word_1_115' title='bbox 855 1859 982 1926; x_wconf 75' lang='lat' dir='ltr'><strong>viri</strong></span> <span class='ocrx_word' id='word_1_116' title='bbox 1051 1860 1254 1937; x_wconf 89' lang='lat' dir='ltr'><strong>docti,</strong></span> <span class='ocrx_word' id='word_1_117' title='bbox 1324 1882 1449 1926; x_wconf 88' lang='lat' dir='ltr'><strong>non</strong></span> <span class='ocrx_word' id='word_1_118' title='bbox 1510 1868 1767 1946; x_wconf 84' lang='lat' dir='ltr'><strong>exputo.</strong></span> <span class='ocrx_word' id='word_1_119' title='bbox 1860 1861 2161 1947; x_wconf 78' lang='lat' dir='ltr'><strong>Suspicor</strong></span> <span class='ocrx_word' id='word_1_120' title='bbox 2218 1862 2396 1929; x_wconf 86' lang='lat' dir='ltr'><strong>aliud</strong></span> <span class='ocrx_word' id='word_1_121' title='bbox 2440 1851 2546 1930; x_wconf 87' lang='lat' dir='ltr'><strong>hic</strong></span> <span class='ocrx_word' id='word_1_122' title='bbox 2595 1865 2707 1947; x_wconf 63' lang='lat' dir='ltr'><strong>ab⁸</strong></span> 
     </span>
    </p>
   </div>
   <div class='ocr_carea' id='block_1_3' title="bbox 161 1965 2678 2056">
    <p class='ocr_par' dir='ltr' id='par_1_3' title="bbox 161 1965 2678 2056">
     <span class='ocr_line' id='line_1_16' title="bbox 161 1965 2678 2056; baseline 0.003 -26"><span class='ocrx_word' id='word_1_123' title='bbox 161 2005 168 2012; x_wconf 93' lang='lat'><strong>·</strong></span> <span class='ocrx_word' id='word_1_124' title='bbox 294 1965 602 2050; x_wconf 84' lang='lat' dir='ltr'><strong>Euripide</strong></span> <span class='ocrx_word' id='word_1_125' title='bbox 663 1965 933 2031; x_wconf 83' lang='lat' dir='ltr'><strong>verbum</strong></span> <span class='ocrx_word' id='word_1_126' title='bbox 982 1965 1178 2031; x_wconf 84' lang='lat' dir='ltr'><strong>fuisse</strong></span> <span class='ocrx_word' id='word_1_127' title='bbox 1224 1969 1542 2050; x_wconf 88' lang='lat' dir='ltr'><strong>positum;</strong></span> <span class='ocrx_word' id='word_1_128' title='bbox 1593 1969 2019 2054; x_wconf 86' lang='lat' dir='ltr'><strong>conjecturam</strong></span> <span class='ocrx_word' id='word_1_129' title='bbox 2068 1973 2285 2034; x_wconf 82' lang='lat' dir='ltr'><strong>tamen</strong></span> <span class='ocrx_word' id='word_1_130' title='bbox 2329 1970 2678 2056; x_wconf 85' lang='lat' dir='ltr'><strong>periclitari</strong></span> 
     </span>
    </p>
   </div>
   <div class='ocr_carea' id='block_1_4' title="bbox 283 2071 2677 4051">
    <p class='ocr_par' dir='ltr' id='par_1_4' title="bbox 285 2071 2677 2996">
     <span class='ocr_line' id='line_1_17' title="bbox 296 2071 2673 2149; baseline 0.002 -10"><span class='ocrx_word' id='word_1_131' title='bbox 296 2071 475 2139; x_wconf 82' lang='lat' dir='ltr'><strong>nolo:</strong></span> <span class='ocrx_word' id='word_1_132' title='bbox 546 2072 826 2136; x_wconf 74' lang='lat' dir='ltr'><strong>amicitur</strong></span> <span class='ocrx_word' id='word_1_133' title='bbox 881 2072 1105 2136; x_wconf 68' lang='lat' dir='ltr'><strong>vitibus</strong></span> <span class='ocrx_word' id='word_1_134' title='bbox 1164 2074 1341 2136; x_wconf 78' lang='lat' dir='ltr'><strong>arbor</strong></span> <span class='ocrx_word' id='word_1_135' title='bbox 1354 2101 1384 2149; x_wconf 91' lang='lat'><strong>,·</strong></span> <span class='ocrx_word' id='word_1_136' title='bbox 1445 2077 1510 2138; x_wconf 82' lang='lat' dir='ltr'><strong>et</strong></span> <span class='ocrx_word' id='word_1_137' title='bbox 1569 2074 1822 2138; x_wconf 78' lang='lat' dir='ltr'><strong>amictae</strong></span> <span class='ocrx_word' id='word_1_138' title='bbox 1878 2074 2101 2139; x_wconf 63' lang='lat' dir='ltr'><strong>vitibus</strong></span> <span class='ocrx_word' id='word_1_139' title='bbox 2142 2075 2292 2138; x_wconf 70' lang='lat' dir='ltr'><strong>ulmi</strong></span> <span class='ocrx_word' id='word_1_140' title='bbox 2336 2075 2673 2144; x_wconf 77' lang='lat' dir='ltr'><strong>dicuntur:</strong></span> 
     </span>
     <span class='ocr_line' id='line_1_18' title="bbox 292 2175 2677 2267; baseline 0.002 -22"><span class='ocrx_word' id='word_1_141' title='bbox 292 2175 550 2245; x_wconf 83' lang='lat' dir='ltr'><strong>Catullo</strong></span> <span class='ocrx_word' id='word_1_142' title='bbox 598 2176 706 2244; x_wconf 86' lang='grc'><strong>60.</strong></span> <span class='ocrx_word' id='word_1_143' title='bbox 756 2176 877 2243; x_wconf 84' lang='lat'><strong>34:</strong></span> <span class='ocrx_word' id='word_1_144' title='bbox 926 2184 1108 2243; x_wconf 66' lang='lat' dir='ltr'><strong>tenax</strong></span> <span class='ocrx_word' id='word_1_145' title='bbox 1150 2180 1369 2243; x_wconf 75' lang='lat' dir='ltr'><strong>hedera</strong></span> <span class='ocrx_word' id='word_1_146' title='bbox 1406 2180 1522 2243; x_wconf 73' lang='lat' dir='ltr'><strong>buc</strong></span> <span class='ocrx_word' id='word_1_147' title='bbox 1556 2188 1615 2245; x_wconf 77' lang='lat' dir='ltr'><strong>et</strong></span> <span class='ocrx_word' id='word_1_148' title='bbox 1652 2181 1769 2244; x_wconf 72' lang='lat' dir='ltr'><strong>huc</strong></span> <span class='ocrx_word' id='word_1_149' title='bbox 1806 2181 2096 2246; x_wconf 72' lang='lat' dir='ltr'><strong>Arbor-em</strong></span> <span class='ocrx_word' id='word_1_150' title='bbox 2133 2180 2402 2267; x_wconf 76' lang='lat' dir='ltr'><strong>implicat</strong></span> <span class='ocrx_word' id='word_1_151' title='bbox 2438 2204 2677 2262; x_wconf 61' lang='lat' dir='ltr'><strong>errans,-</strong></span> 
     </span>
     <span class='ocr_line' id='line_1_19' title="bbox 294 2284 2676 2374; baseline 0.003 -24"><span class='ocrx_word' id='word_1_152' title='bbox 294 2286 408 2371; x_wconf 90' lang='lat' dir='ltr'><strong>qui</strong></span> <span class='ocrx_word' id='word_1_153' title='bbox 465 2285 617 2350; x_wconf 90' lang='lat' dir='ltr'><strong>hinc</strong></span> <span class='ocrx_word' id='word_1_154' title='bbox 680 2304 896 2350; x_wconf 86' lang='lat' dir='ltr'><strong>eruere</strong></span> <span class='ocrx_word' id='word_1_155' title='bbox 956 2285 1224 2369; x_wconf 87' lang='lat' dir='ltr'><strong>poterit,</strong></span> <span class='ocrx_word' id='word_1_156' title='bbox 1292 2284 1448 2369; x_wconf 88' lang='lat' dir='ltr'><strong>quid</strong></span> <span class='ocrx_word' id='word_1_157' title='bbox 1502 2286 1665 2351; x_wconf 89' lang='lat' dir='ltr'><strong>mihi</strong></span> <span class='ocrx_word' id='word_1_158' title='bbox 1712 2288 1956 2353; x_wconf 82' lang='lat' dir='ltr'><strong>venerit</strong></span> <span class='ocrx_word' id='word_1_159' title='bbox 2001 2289 2067 2352; x_wconf 89' lang='lat' dir='ltr'><strong>in</strong></span> <span class='ocrx_word' id='word_1_160' title='bbox 2113 2293 2438 2374; x_wconf 80' lang='lat' dir='ltr'><strong>mentem,</strong></span> <span class='ocrx_word' id='word_1_161' title='bbox 2485 2289 2676 2356; x_wconf 89' lang='lat' dir='ltr'><strong>illum</strong></span> 
     </span>
     <span class='ocr_line' id='line_1_20' title="bbox 293 2390 2677 2482; baseline 0.003 -27"><span class='ocrx_word' id='word_1_162' title='bbox 293 2411 415 2479; x_wconf 77' lang='lat' dir='ltr'><strong>ego</strong></span> <span class='ocrx_word' id='word_1_163' title='bbox 486 2393 902 2476; x_wconf 86' lang='lat' dir='ltr'><strong>conjectorem</strong></span> <span class='ocrx_word' id='word_1_164' title='bbox 974 2390 1293 2475; x_wconf 87' lang='lat' dir='ltr'><strong>optimum</strong></span> <span class='ocrx_word' id='word_1_165' title='bbox 1359 2391 1760 2476; x_wconf 89' lang='lat' dir='ltr'><strong>perhibebo.’&#39;</strong></span> <span class='ocrx_word' id='word_1_166' title='bbox 1847 2392 2083 2458; x_wconf 81' lang='lat' dir='ltr'><strong>Fuitne</strong></span> <span class='ocrx_word' id='word_1_167' title='bbox 2142 2415 2449 2479; x_wconf 85' lang='lat' dir='ltr'><strong>umquam</strong></span> <span class='ocrx_word' id='word_1_168' title='bbox 2474 2444 2491 2474; x_wconf 89' lang='lat'>‚</span> <span class='ocrx_word' id='word_1_169' title='bbox 2566 2400 2677 2482; x_wconf 87' lang='lat' dir='ltr'><strong>qui</strong></span> 
     </span>
     <span class='ocr_line' id='line_1_21' title="bbox 285 2494 2672 2584; baseline 0.002 -21"><span class='ocrx_word' id='word_1_170' title='bbox 285 2497 503 2584; x_wconf 90' lang='lat' dir='ltr'><strong>judice</strong></span> <span class='ocrx_word' id='word_1_171' title='bbox 563 2494 1032 2563; x_wconf 82' lang='lat' dir='ltr'><strong>Valckenaerio</strong></span> <span class='ocrx_word' id='word_1_172' title='bbox 1086 2497 1287 2562; x_wconf 91' lang='lat' dir='ltr'><strong>bonus</strong></span> <span class='ocrx_word' id='word_1_173' title='bbox 1343 2500 1658 2582; x_wconf 84' lang='lat' dir='ltr'><strong>conjector</strong></span> <span class='ocrx_word' id='word_1_174' title='bbox 1716 2497 1938 2563; x_wconf 86' lang='lat' dir='ltr'><strong>haberi</strong></span> <span class='ocrx_word' id='word_1_175' title='bbox 1998 2497 2275 2566; x_wconf 69' lang='lat' dir='ltr'><strong>voluit?</strong></span> <span class='ocrx_word' id='word_1_176' title='bbox 2316 2500 2546 2568; x_wconf 83' lang='lat' dir='ltr'><strong>Nescio</strong></span> <span class='ocrx_word' id='word_1_177' title='bbox 2607 2502 2672 2569; x_wconf 89' lang='lat' dir='ltr'><strong>id</strong></span> 
     </span>
     <span class='ocr_line' id='line_1_22' title="bbox 289 2600 2674 2690; baseline 0.002 -22"><span class='ocrx_word' id='word_1_178' title='bbox 289 2607 459 2669; x_wconf 71' lang='lat' dir='ltr'><strong>certe</strong></span> <span class='ocrx_word' id='word_1_179' title='bbox 478 2649 495 2681; x_wconf 83' lang='lat'>‚</span> <span class='ocrx_word' id='word_1_180' title='bbox 542 2602 651 2668; x_wconf 86' lang='lat' dir='ltr'><strong>sed</strong></span> <span class='ocrx_word' id='word_1_181' title='bbox 696 2603 1015 2687; x_wconf 86' lang='lat' dir='ltr'><strong>experiar,</strong></span> <span class='ocrx_word' id='word_1_182' title='bbox 1063 2622 1219 2667; x_wconf 89' lang='lat' dir='ltr'><strong>num</strong></span> <span class='ocrx_word' id='word_1_183' title='bbox 1262 2622 1402 2668; x_wconf 88' lang='lat' dir='ltr'><strong>eam</strong></span> <span class='ocrx_word' id='word_1_184' title='bbox 1438 2600 1699 2667; x_wconf 86' lang='lat' dir='ltr'><strong>laudem</strong></span> <span class='ocrx_word' id='word_1_185' title='bbox 1739 2605 2036 2688; x_wconf 80' lang='lat' dir='ltr'><strong>consequi</strong></span> <span class='ocrx_word' id='word_1_186' title='bbox 2068 2607 2331 2690; x_wconf 80' lang='lat' dir='ltr'><strong>possim.</strong></span> <span class='ocrx_word' id='word_1_187' title='bbox 2383 2604 2674 2673; x_wconf 87' lang='lat' dir='ltr'><strong>Circum-</strong></span> 
     </span>
     <span class='ocr_line' id='line_1_23' title="bbox 287 2707 2671 2797; baseline 0.001 -22"><span class='ocrx_word' id='word_1_188' title='bbox 287 2712 471 2795; x_wconf 79' lang='lat' dir='ltr'><strong>spexi</strong></span> <span class='ocrx_word' id='word_1_189' title='bbox 515 2714 580 2774; x_wconf 85' lang='lat' dir='ltr'><strong>et</strong></span> <span class='ocrx_word' id='word_1_190' title='bbox 625 2707 864 2775; x_wconf 88' lang='lat' dir='ltr'><strong>obtulit</strong></span> <span class='ocrx_word' id='word_1_191' title='bbox 907 2729 972 2774; x_wconf 83' lang='lat' dir='ltr'><strong>se</strong></span> <span class='ocrx_word' id='word_1_192' title='bbox 1018 2707 1183 2772; x_wconf 91' lang='lat' dir='ltr'><strong>mihi</strong></span> <span class='ocrx_word' id='word_1_193' title='bbox 1229 2707 1498 2773; x_wconf 84' lang='lat' dir='ltr'><strong>verbum</strong></span> <span class='ocrx_word' id='word_1_194' title='bbox 1539 2708 1789 2774; x_wconf 74' lang='grc' dir='ltr'><strong><em>ἑλῶπι</em></strong></span> <span class='ocrx_word' id='word_1_195' title='bbox 1814 2732 1967 2774; x_wconf 83' lang='grc' dir='ltr'><strong><em>σεν.</em></strong></span> <span class='ocrx_word' id='word_1_196' title='bbox 2057 2709 2254 2795; x_wconf 81' lang='lat' dir='ltr'><strong>Apud</strong></span> <span class='ocrx_word' id='word_1_197' title='bbox 2291 2710 2671 2797; x_wconf 84' lang='lat' dir='ltr'><strong>Sophoclem</strong></span> 
     </span>
     <span class='ocr_line' id='line_1_24' title="bbox 287 2812 1261 2901; baseline -0.005 -18"><span class='ocrx_word' id='word_1_198' title='bbox 287 2820 357 2882; x_wconf 90' lang='lat' dir='ltr'><strong>in</strong></span> <span class='ocrx_word' id='word_1_199' title='bbox 402 2815 759 2883; x_wconf 77' lang='lat' dir='ltr'><strong>Trachiniis</strong></span> <span class='ocrx_word' id='word_1_200' title='bbox 807 2812 936 2880; x_wconf 74' lang='lat'><strong>927</strong></span> <span class='ocrx_word' id='word_1_201' title='bbox 983 2812 1261 2901; x_wconf 85' lang='lat' dir='ltr'><strong>legitur:</strong></span> 
     </span>
     <span class='ocr_line' id='line_1_25' title="bbox 1575 2916 2116 2996; baseline 0 -12"><span class='ocrx_word' id='word_1_202' title='bbox 1575 2989 1581 2996; x_wconf 51' lang='grc'>,</span> <span class='ocrx_word' id='word_1_203' title='bbox 1635 2919 1705 2985; x_wconf 68' lang='grc' dir='ltr'><strong>ἐκ</strong></span> <span class='ocrx_word' id='word_1_204' title='bbox 1751 2919 1805 2984; x_wconf 75' lang='grc' dir='ltr'><strong>δ’</strong></span> <span class='ocrx_word' id='word_1_205' title='bbox 1855 2916 2116 2985; x_wconf 53' lang='lat' dir='ltr'><strong>&amp;actm-s</strong></span> 
     </span>
    </p>

    <p class='ocr_par' dir='ltr' id='par_1_5' title="bbox 283 3007 2674 4051">
     <span class='ocr_line' id='line_1_26' title="bbox 837 3007 2159 3091; baseline 0 -15"><span class='ocrx_word' id='word_1_206' title='bbox 837 3010 1109 3091; x_wconf 68' lang='grc' dir='ltr'><strong><em>πλευρὰν</em></strong></span> <span class='ocrx_word' id='word_1_207' title='bbox 1156 3007 1418 3077; x_wconf 66' lang='grc' dir='ltr'><strong><em>ἅπασαν</em></strong></span> <span class='ocrx_word' id='word_1_208' title='bbox 1464 3009 1686 3084; x_wconf 77' lang='grc' dir='ltr'><strong><em>ὠλένην</em></strong></span> <span class='ocrx_word' id='word_1_209' title='bbox 1731 3012 1792 3074; x_wconf 84' lang='grc' dir='ltr'><strong><em>τ’</em></strong></span> <span class='ocrx_word' id='word_1_210' title='bbox 1841 3012 2159 3088; x_wconf 81' lang='grc' dir='ltr'><strong><em>εὐώνυμον.</em></strong></span> 
     </span>
     <span class='ocr_line' id='line_1_27' title="bbox 288 3117 2671 3204; baseline 0.002 -19"><span class='ocrx_word' id='word_1_211' title='bbox 288 3119 480 3186; x_wconf 87' lang='lat' dir='ltr'><strong>Vides</strong></span> <span class='ocrx_word' id='word_1_212' title='bbox 540 3120 693 3204; x_wconf 91' lang='lat' dir='ltr'><strong>quid</strong></span> <span class='ocrx_word' id='word_1_213' title='bbox 741 3118 1078 3183; x_wconf 71' lang='grc' dir='ltr'><strong><em>ἐκλωπίσοιι</em></strong></span> <span class='ocrx_word' id='word_1_214' title='bbox 1128 3119 1250 3192; x_wconf 84' lang='lat' dir='ltr'><strong>sit,</strong></span> <span class='ocrx_word' id='word_1_215' title='bbox 1301 3136 1531 3201; x_wconf 84' lang='lat' dir='ltr'><strong>nempe</strong></span> <span class='ocrx_word' id='word_1_216' title='bbox 1577 3124 1906 3194; x_wconf 73' lang='grc' dir='ltr'><strong><em>γυμνῶσαι</em></strong></span> <span class='ocrx_word' id='word_1_217' title='bbox 1955 3117 2060 3184; x_wconf 84' lang='lat' dir='ltr'><strong>vel</strong></span> <span class='ocrx_word' id='word_1_218' title='bbox 2107 3117 2363 3184; x_wconf 74' lang='grc' dir='ltr'><strong><em>ἐκδῦσαι</em></strong></span> <span class='ocrx_word' id='word_1_219' title='bbox 2411 3126 2476 3186; x_wconf 86' lang='lat' dir='ltr'><strong>et</strong></span> <span class='ocrx_word' id='word_1_220' title='bbox 2520 3122 2671 3189; x_wconf 91' lang='lat' dir='ltr'><strong>hinc</strong></span> 
     </span>
     <span class='ocr_line' id='line_1_28' title="bbox 286 3221 2669 3310; baseline 0.001 -19"><span class='ocrx_word' id='word_1_221' title='bbox 286 3228 444 3292; x_wconf 84' lang='lat' dir='ltr'><strong>satis</strong></span> <span class='ocrx_word' id='word_1_222' title='bbox 490 3224 794 3301; x_wconf 84' lang='lat' dir='ltr'><strong>efficitur,</strong></span> <span class='ocrx_word' id='word_1_223' title='bbox 842 3224 996 3309; x_wconf 91' lang='lat' dir='ltr'><strong>quid</strong></span> <span class='ocrx_word' id='word_1_224' title='bbox 1042 3221 1315 3288; x_wconf 75' lang='grc' dir='ltr'><strong><em>λωπίσοιι</em></strong></span> <span class='ocrx_word' id='word_1_225' title='bbox 1357 3221 1717 3309; x_wconf 82' lang='lat' dir='ltr'><strong>significare</strong></span> <span class='ocrx_word' id='word_1_226' title='bbox 1755 3224 2002 3289; x_wconf 84' lang='lat' dir='ltr'><strong>debeat.</strong></span> <span class='ocrx_word' id='word_1_227' title='bbox 2049 3222 2338 3310; x_wconf 85' lang='lat' dir='ltr'><strong>Simplex</strong></span> <span class='ocrx_word' id='word_1_228' title='bbox 2376 3227 2669 3308; x_wconf 80' lang='lat' dir='ltr'><strong>verbum,</strong></span> 
     </span>
     <span class='ocr_line' id='line_1_29' title="bbox 287 3327 2669 3417; baseline 0.002 -21"><span class='ocrx_word' id='word_1_229' title='bbox 287 3332 457 3417; x_wconf 88' lang='lat' dir='ltr'><strong>quod</strong></span> <span class='ocrx_word' id='word_1_230' title='bbox 524 3351 839 3416; x_wconf 77' lang='lat' dir='ltr'><strong>nusquam</strong></span> <span class='ocrx_word' id='word_1_231' title='bbox 910 3331 1217 3407; x_wconf 86' lang='lat' dir='ltr'><strong>occurrit,</strong></span> <span class='ocrx_word' id='word_1_232' title='bbox 1291 3329 1370 3395; x_wconf 81' lang='lat' dir='ltr'><strong>ab</strong></span> <span class='ocrx_word' id='word_1_233' title='bbox 1443 3327 1782 3395; x_wconf 82' lang='lat' dir='ltr'><strong>Eustathio</strong></span> <span class='ocrx_word' id='word_1_234' title='bbox 1852 3329 2128 3394; x_wconf 80' lang='lat' dir='ltr'><strong>traditur</strong></span> <span class='ocrx_word' id='word_1_235' title='bbox 2190 3351 2253 3415; x_wconf 90' lang='lat' dir='ltr'><strong>p.</strong></span> <span class='ocrx_word' id='word_1_236' title='bbox 2323 3329 2521 3397; x_wconf 82' lang='lat'><strong>1739.</strong></span> <span class='ocrx_word' id='word_1_237' title='bbox 2583 3333 2669 3400; x_wconf 83' lang='lat'><strong>58</strong></span> 
     </span>
     <span class='ocr_line' id='line_1_30' title="bbox 285 3434 2671 3522; baseline 0.002 -20"><span class='ocrx_word' id='word_1_238' title='bbox 285 3438 460 3504; x_wconf 89' lang='lat' dir='ltr'><strong>idem</strong></span> <span class='ocrx_word' id='word_1_239' title='bbox 507 3457 640 3503; x_wconf 84' lang='lat' dir='ltr'><strong>esse</strong></span> <span class='ocrx_word' id='word_1_240' title='bbox 686 3435 854 3522; x_wconf 90' lang='lat' dir='ltr'><strong>quod</strong></span> <span class='ocrx_word' id='word_1_241' title='bbox 899 3434 968 3500; x_wconf 81' lang='grc' dir='ltr'><strong><em>τὸ</em></strong></span> <span class='ocrx_word' id='word_1_242' title='bbox 1014 3440 1304 3513; x_wconf 67' lang='grc' dir='ltr'><strong><em>γυμνοῦν.</em></strong></span> <span class='ocrx_word' id='word_1_243' title='bbox 1401 3434 1520 3502; x_wconf 84' lang='lat' dir='ltr'><strong>Est</strong></span> <span class='ocrx_word' id='word_1_244' title='bbox 1565 3434 1721 3499; x_wconf 86' lang='lat' dir='ltr'><strong>haec</strong></span> <span class='ocrx_word' id='word_1_245' title='bbox 1768 3435 2027 3520; x_wconf 87' lang='lat' dir='ltr'><strong>quidem</strong></span> <span class='ocrx_word' id='word_1_246' title='bbox 2074 3456 2368 3521; x_wconf 68' lang='lat' dir='ltr'><strong>perversu</strong></span> <span class='ocrx_word' id='word_1_247' title='bbox 2403 3436 2671 3506; x_wconf 76' lang='lat' dir='ltr'><strong>Archis-</strong></span> 
     </span>
     <span class='ocr_line' id='line_1_31' title="bbox 283 3539 2672 3627; baseline 0.003 -21"><span class='ocrx_word' id='word_1_248' title='bbox 283 3543 529 3627; x_wconf 89' lang='lat' dir='ltr'><strong>piscopi</strong></span> <span class='ocrx_word' id='word_1_249' title='bbox 596 3541 915 3617; x_wconf 88' lang='lat' dir='ltr'><strong>doctrina,</strong></span> <span class='ocrx_word' id='word_1_250' title='bbox 984 3561 1135 3606; x_wconf 85' lang='lat' dir='ltr'><strong>nam</strong></span> <span class='ocrx_word' id='word_1_251' title='bbox 1195 3546 1397 3612; x_wconf 77' lang='grc' dir='ltr'><strong><em>λῶπος</em></strong></span> <span class='ocrx_word' id='word_1_252' title='bbox 1460 3540 1719 3606; x_wconf 86' lang='lat' dir='ltr'><strong>denotat</strong></span> <span class='ocrx_word' id='word_1_253' title='bbox 1780 3539 2027 3617; x_wconf 73' lang='grc' dir='ltr'><strong><em>ἱμάτιον</em></strong></span> <span class='ocrx_word' id='word_1_254' title='bbox 2090 3546 2156 3608; x_wconf 86' lang='lat' dir='ltr'><strong>et</strong></span> <span class='ocrx_word' id='word_1_255' title='bbox 2213 3544 2485 3609; x_wconf 76' lang='grc' dir='ltr'><strong><em>λωπΙσοιι</em></strong></span> <span class='ocrx_word' id='word_1_256' title='bbox 2544 3565 2672 3612; x_wconf 87' lang='lat' dir='ltr'><strong>non</strong></span> 
     </span>
     <span class='ocr_line' id='line_1_32' title="bbox 284 3645 2674 3735; baseline 0.002 -22"><span class='ocrx_word' id='word_1_257' title='bbox 284 3645 604 3735; x_wconf 79' lang='lat' dir='ltr'><strong>significat</strong></span> <span class='ocrx_word' id='word_1_258' title='bbox 687 3647 1011 3727; x_wconf 68' lang='grc' dir='ltr'><strong><em>γυμνῶσαι</em></strong></span> <span class='ocrx_word' id='word_1_259' title='bbox 1036 3692 1054 3722; x_wconf 90' lang='lat'><em>,</em></span> <span class='ocrx_word' id='word_1_260' title='bbox 1140 3647 1251 3713; x_wconf 87' lang='lat' dir='ltr'><strong>sed</strong></span> <span class='ocrx_word' id='word_1_261' title='bbox 1336 3667 1591 3731; x_wconf 87' lang='lat' dir='ltr'><strong>prorsus</strong></span> <span class='ocrx_word' id='word_1_262' title='bbox 1675 3649 2089 3730; x_wconf 85' lang='lat' dir='ltr'><strong>contrarium.</strong></span> <span class='ocrx_word' id='word_1_263' title='bbox 2180 3646 2674 3718; x_wconf 83' lang='lat' dir='ltr'><strong>Valckenaerius</strong></span> 
     </span>
     <span class='ocr_line' id='line_1_33' title="bbox 285 3752 2672 3841; baseline 0.001 -20"><span class='ocrx_word' id='word_1_264' title='bbox 285 3755 615 3821; x_wconf 79' lang='lat' dir='ltr'><strong>Eustathii</strong></span> <span class='ocrx_word' id='word_1_265' title='bbox 678 3755 1087 3831; x_wconf 81' lang='lat' dir='ltr'><strong>auctoritate,</strong></span> <span class='ocrx_word' id='word_1_266' title='bbox 1150 3753 1250 3818; x_wconf 89' lang='lat' dir='ltr'><strong>uti</strong></span> <span class='ocrx_word' id='word_1_267' title='bbox 1314 3752 1623 3828; x_wconf 79' lang='lat' dir='ltr'><strong>arbitror,</strong></span> <span class='ocrx_word' id='word_1_268' title='bbox 1688 3752 2029 3819; x_wconf 87' lang='lat' dir='ltr'><strong>deterritus</strong></span> <span class='ocrx_word' id='word_1_269' title='bbox 2098 3753 2260 3838; x_wconf 86' lang='lat' dir='ltr'><strong>fuit,</strong></span> <span class='ocrx_word' id='word_1_270' title='bbox 2331 3759 2672 3841; x_wconf 88' lang='lat' dir='ltr'><strong>quominus</strong></span> 
     </span>
     <span class='ocr_line' id='line_1_34' title="bbox 287 3857 2671 3949; baseline -0 -21"><span class='ocrx_word' id='word_1_271' title='bbox 287 3861 684 3949; x_wconf 72' lang='lat' dir='ltr'><strong>probabilem</strong></span> <span class='ocrx_word' id='word_1_272' title='bbox 747 3862 1198 3926; x_wconf 86' lang='lat' dir='ltr'><strong>correctionem</strong></span> <span class='ocrx_word' id='word_1_273' title='bbox 1257 3861 1326 3923; x_wconf 88' lang='lat' dir='ltr'><strong>in</strong></span> <span class='ocrx_word' id='word_1_274' title='bbox 1386 3859 1674 3924; x_wconf 87' lang='lat' dir='ltr'><strong>medium</strong></span> <span class='ocrx_word' id='word_1_275' title='bbox 1736 3857 2075 3945; x_wconf 83' lang='lat' dir='ltr'><strong>proferret,</strong></span> <span class='ocrx_word' id='word_1_276' title='bbox 2123 3870 2189 3926; x_wconf 87' lang='lat' dir='ltr'><strong>et</strong></span> <span class='ocrx_word' id='word_1_277' title='bbox 2241 3862 2398 3927; x_wconf 82' lang='lat' dir='ltr'><strong>satis</strong></span> <span class='ocrx_word' id='word_1_278' title='bbox 2442 3861 2671 3930; x_wconf 80' lang='lat' dir='ltr'><strong>habuit</strong></span> 
     </span>
     <span class='ocr_line' id='line_1_35' title="bbox 285 3964 2196 4051; baseline -0.002 -17"><span class='ocrx_word' id='word_1_279' title='bbox 285 3989 424 4034; x_wconf 86' lang='lat' dir='ltr'><strong>rem</strong></span> <span class='ocrx_word' id='word_1_280' title='bbox 474 3967 737 4033; x_wconf 87' lang='lat' dir='ltr'><strong>obscure</strong></span> <span class='ocrx_word' id='word_1_281' title='bbox 779 3966 1058 4032; x_wconf 82' lang='lat' dir='ltr'><strong>indicare</strong></span> <span class='ocrx_word' id='word_1_282' title='bbox 1078 4015 1096 4051; x_wconf 86' lang='lat'><strong>,</strong></span> <span class='ocrx_word' id='word_1_283' title='bbox 1145 3964 1379 4031; x_wconf 80' lang='lat' dir='ltr'><strong>collato</strong></span> <span class='ocrx_word' id='word_1_284' title='bbox 1423 3964 1653 4030; x_wconf 84' lang='lat' dir='ltr'><strong>Latino</strong></span> <span class='ocrx_word' id='word_1_285' title='bbox 1699 3966 1892 4031; x_wconf 84' lang='lat' dir='ltr'><strong>verbo</strong></span> <span class='ocrx_word' id='word_1_286' title='bbox 1939 3965 2196 4030; x_wconf 70' lang='lat' dir='ltr'><strong>amicire.</strong></span> 
     </span>
    </p>
   </div>
   <div class='ocr_carea' id='block_1_5' title="bbox 377 4170 2246 4466">
    <p class='ocr_par' dir='ltr' id='par_1_6' title="bbox 377 4170 2246 4466">
     <span class='ocr_line' id='line_1_36' title="bbox 377 4170 2158 4261; baseline -0.003 -19"><span class='ocrx_word' id='word_1_287' title='bbox 377 4174 610 4242; x_wconf 88' lang='lat' dir='ltr'><strong>Nescio</strong></span> <span class='ocrx_word' id='word_1_288' title='bbox 661 4194 785 4260; x_wconf 91' lang='lat' dir='ltr'><strong>quo</strong></span> <span class='ocrx_word' id='word_1_289' title='bbox 822 4173 1054 4261; x_wconf 87' lang='lat' dir='ltr'><strong>judicii</strong></span> <span class='ocrx_word' id='word_1_290' title='bbox 1103 4192 1308 4240; x_wconf 83' lang='lat' dir='ltr'><strong>errore</strong></span> <span class='ocrx_word' id='word_1_291' title='bbox 1352 4171 1541 4237; x_wconf 87' lang='lat' dir='ltr'><strong>hodie</strong></span> <span class='ocrx_word' id='word_1_292' title='bbox 1586 4171 1798 4236; x_wconf 85' lang='lat' dir='ltr'><strong>editur</strong></span> <span class='ocrx_word' id='word_1_293' title='bbox 1843 4192 1940 4237; x_wconf 81' lang='lat' dir='ltr'><strong>vs.</strong></span> <span class='ocrx_word' id='word_1_294' title='bbox 1992 4170 2158 4236; x_wconf 85' lang='lat'>999:</span> 
     </span>
     <span class='ocr_line' id='line_1_37' title="bbox 748 4274 2246 4361; baseline -0.002 -16"><span class='ocrx_word' id='word_1_295' title='bbox 748 4281 1006 4361; x_wconf 71' lang='grc' dir='ltr'><strong><em>αἰσχρὸν</em></strong></span> <span class='ocrx_word' id='word_1_296' title='bbox 1054 4278 1221 4359; x_wconf 67' lang='grc' dir='ltr'><strong>γάρ,</strong></span> <span class='ocrx_word' id='word_1_297' title='bbox 1271 4281 1338 4344; x_wconf 79' lang='grc' dir='ltr'><strong>οἱ</strong></span> <span class='ocrx_word' id='word_1_298' title='bbox 1387 4279 1499 4357; x_wconf 74' lang='grc' dir='ltr'><strong>μὲν</strong></span> <span class='ocrx_word' id='word_1_299' title='bbox 1546 4274 1890 4358; x_wconf 71' lang='grc' dir='ltr'><strong><em>θεσφάτων</em></strong></span> <span class='ocrx_word' id='word_1_300' title='bbox 1939 4275 2246 4359; x_wconf 71' lang='grc' dir='ltr'><strong><em>ἐλεύθεροι</em></strong></span> 
     </span>
     <span class='ocr_line' id='line_1_38' title="bbox 742 4382 2116 4466; baseline -0.001 -18"><span class='ocrx_word' id='word_1_301' title='bbox 742 4387 887 4451; x_wconf 81' lang='grc' dir='ltr'><strong>κούκ</strong></span> <span class='ocrx_word' id='word_1_302' title='bbox 935 4387 1017 4459; x_wconf 79' lang='grc' dir='ltr'><strong>εἷς</strong></span> <span class='ocrx_word' id='word_1_303' title='bbox 1067 4383 1351 4463; x_wconf 68' lang='grc' dir='ltr'><strong><em>ἀνάγκην</em></strong></span> <span class='ocrx_word' id='word_1_304' title='bbox 1397 4382 1694 4462; x_wconf 73' lang='grc' dir='ltr'><strong><em>δαιμόνων</em></strong></span> <span class='ocrx_word' id='word_1_305' title='bbox 1740 4383 2116 4466; x_wconf 67' lang='grc' dir='ltr'><strong><em>ἀφιγμένοι,</em></strong></span> 
     </span>
    </p>
   </div>
  </div>
 </body>
</html>
