3192 5017
1193 219 1588 292 meniana.
2500 219 2586 290 69

213 408 384 475 ouini
422 412 683 499 affeetu-5
722 412 791 477 in
818 411 1006 500 facie
1046 413 1363 498 elucentis,
1410 413 1506 478 ita
1549 423 1620 478 ut
1663 413 1826 478 alim
1867 411 2057 480 oculis
2074 462 2092 493 ,
2141 415 2303 480 alim
2347 435 2448 479 ore
2483 438 2581 480 ex-

204 517 508 600 prematur.
617 519 827 585 Oculis
885 521 1041 585 enim
1086 525 1388 585 lam-imam
1424 521 1745 612 stillabant
1761 570 1779 606 ,
1828 521 2187 586 deciderium
2231 528 2289 587 et
2333 544 2584 587 amorem

200 632 503 707 parentum
583 626 1030 712 eiqnifieantee,
1115 650 1216 693 ore
1281 650 1416 693 vero
1486 635 1706 694 mecm
1772 635 1830 693 et
1895 628 2172 693 immitem
2239 629 2588 694 bellatorum

211 731 451 795 animm
497 733 872 818 referebant.
920 732 1037 799 Est
1080 735 1289 822 igitur
1335 733 1570 800 dixeris
1617 732 1804 820 plane
1843 731 2009 799 illud
2048 733 2216 820 quod
2253 735 2585 820 proverbio

210 834 462 902 dicitur:
510 838 674 903 Jean
718 841 824 926 qui
855 840 1072 924 pleure
1117 847 1176 905 et
1217 839 1373 905 Jean
1416 840 1521 927 qui
1557 840 1665 906 rit.
1713 839 1960 907 Deinde
1996 838 2334 906 Schiitzius
2373 843 2588 929 pergit

210 947 267 1007 et
305 951 640 1031 comparat
682 945 1167 1013 Andromachen
1190 993 1208 1025 ‚
1249 967 1409 1033 quae
1444 946 1614 1032 apud
1651 945 2013 1013 Homerum
2054 945 2342 1027 δακρυόεν
2378 953 2586 1031 γελᾷ,

208 1047 303 1113 sed
360 1050 667 1135 equidem
724 1054 959 1137 miror,
1025 1053 1342 1138 quomodo
1405 1052 1628 1119 doctus
1674 1056 1981 1140 interpres
2024 1053 2187 1119 hanc
2233 1054 2395 1119 serio
2441 1074 2591 1119 cum

206 1152 325 1219 illis
384 1158 767 1224 contendere
829 1162 1127 1244 potuerit.
1198 1157 1583 1241 Σιδηρόφρων
1629 1160 1758 1240 γὰρ
1805 1160 1989 1237 θυμὸς
2038 1159 2284 1243 ἀνδρεία
2330 1158 2587 1241 φλέγων

208 1256 355 1326 ἔτνει
401 1263 675 1330 λεόντων
722 1261 798 1338 ὣς
839 1270 1000 1347 ’Άρη
1047 1264 1424 1344 δεδορκότων.
1520 1265 1801 1332 Hoscine
1845 1266 2030 1331 nobis
2076 1268 2292 1332 animo
2334 1286 2588 1352 reprae-

205 1369 591 1436 sentabimus
662 1371 851 1450 δάκρυ
921 1372 1252 1451 λείβοντας
1279 1422 1296 1449 ,
1354 1375 1487 1438 imo
1549 1372 1884 1450 λειβούσας
1942 1371 2120 1439 volui
2180 1370 2425 1439 dicere?
2470 1372 2593 1438 Sed

209 1480 346 1539 sunt
404 1476 769 1559 ὥριδακρυες
834 1478 1039 1560 ἀνέρες
1101 1476 1340 1545 ἐσθλοί.
1438 1478 1714 1544 Pulchre
1761 1478 1828 1544 id
1875 1478 2134 1565 quidem
2178 1482 2358 1545 novi:
2414 1478 2592 1546 dolor

208 1579 525 1648 interdum
575 1586 776 1650 etiam
822 1587 1029 1652 invito
1067 1584 1364 1651 lacrimas
1403 1587 1708 1670 exprimit
1746 1592 1845 1664 et,
1889 1593 1966 1651 ut
2004 1585 2171 1671 apud
2212 1585 2589 1672 Euripidem

206 1691 289 1750 est
327 1685 564 1756 Helen.
617 1688 751 1757 950
775 1740 792 1767 ‚

788 1797 1073 1877 λέγουσιν
1117 1801 1194 1871 ὥς
1243 1797 1388 1881 πρὸς
1435 1798 1643 1877 ἀνδρὸς
1694 1799 1976 1877 εὐγενοῦς

568 1905 631 1970 ἐν
676 1901 1056 1987 ξυμφοραῖσι
1106 1904 1318 1986 δάκρυ’
1363 1905 1478 1970 ἀπ’
1527 1907 1870 1986 ὀφθαλμῶν
1914 1905 2164 1983 βαλεῖν.

206 2002 407 2074 Etiam
470 2011 870 2098 insperatum
917 2011 1234 2100 gaudium
1281 2011 1454 2078 idem
1502 2011 1731 2097 efficit,
1781 2012 1949 2099 quod
1995 2018 2069 2079 ut
2114 2012 2337 2099 probet
2374 2012 2586 2082 Schol.

208 2109 381 2181 Pind.
426 2115 631 2205 Pyth.
679 2118 744 2184 4.
792 2116 927 2183 213
974 2117 1305 2204 Sophoclis
1352 2139 1573 2184 versus
1622 2118 1829 2185 affert:

655 2232 849 2308 χῶρος
897 2225 1025 2306 γὰρ
1071 2224 1258 2298 αὑτός
1307 2226 1431 2293 ἑςιν
1478 2221 1786 2303 ανθρώπου
1834 2228 2066 2307 φρενῶν

652 2327 801 2396 ὅπου
848 2330 918 2396 τὸ
960 2330 1210 2411 τερπνὸν
1260 2331 1363 2396 καὶ
1412 2331 1482 2396 τὸ
1532 2339 1841 2408 πημαῒνον
1887 2333 2077 2414 φύει·

653 2438 998 2520 δακρυρροεῖ
1036 2442 1186 2517 γοῦν
1234 2436 1338 2502 κα)
1385 2435 1470 2502 τὰ
1518 2436 1625 2502 κα)
1672 2440 1759 2505 τα
1806 2439 2163 2521 τυγχάνων.

213 2535 289 2604 Et
342 2557 608 2612 naturae
666 2546 984 2612 humanae
1046 2547 1491 2611 convenienter
1551 2545 1722 2631 apud
1777 2546 2133 2614 Pindarum
2192 2550 2397 2616 Aeson
2444 2570 2585 2616 con-

216 2654 411 2731 specto
459 2650 595 2719 filio
639 2654 999 2738 prorumpit
1042 2655 1111 2717 in
1157 2651 1486 2730 lacrimae,
1532 2643 1609 2716 ἂν
1659 2651 1789 2731 πέρι
1835 2655 2063 2734 ψυχὰν
2102 2655 2233 2722 ἐπεὶ
2274 2653 2581 2735 γάθησεν.

217 2748 477 2825 Auctore
540 2758 1032 2824 Villeharduino
1091 2756 1443 2838 ἀριδοὶκρυες
1490 2762 1688 2824 etiam
1735 2758 1960 2825 Franci
2007 2760 2266 2827 fuerunt
2310 2765 2421 2849 qui
2466 2762 2585 2828 sub

217 2859 432 2929 vexillo
478 2868 689 2931 crucis
734 2863 1326 2950 Constantinopolin
1367 2872 1699 2951 ceperunt:
1740 2864 1981 2930 Saehiez
2017 2890 2129 2954 qne
2167 2869 2231 2932 la
2267 2875 2327 2933 ot
2364 2868 2587 2933 mainte

218 2961 376 3032 lerme
432 2970 639 3055 plore'e
697 2972 772 3035 de
815 2970 1006 3055 pidici,
1066 2970 1173 3037 vel
1233 2976 1290 3034 ei
1348 2978 1516 3036 orent
1574 2972 1725 3035 mult
1769 2970 1940 3055 pitie‘
1989 2983 2050 3037 et
2086 2972 2391 3058 plor-erent
2433 2976 2584 3040 mult

221 3069 539 3163 durenoeuc,
587 3077 692 3145 vel
737 3078 764 3142 i
809 3085 870 3143 ot
916 3083 1105 3143 maine
1150 3079 1331 3142 lerme
1369 3075 1574 3162 plore'e
1621 3079 1695 3142 de
1726 3076 1919 3163 pitie',
1966 3080 2133 3146 unde
2180 3078 2426 3158 Gibbo,
2475 3085 2586 3166 qui

224 3174 666 3251 Villeharduini
726 3184 898 3250 locos
953 3184 1118 3249 mibi
1162 3184 1473 3250 indicavit
1492 3232 1510 3263 ,
1567 3185 1727 3269 They
1770 3207 1956 3269 ωεερ,
2003 3186 2213 3271 inquit
2231 3235 2248 3270 ,
2297 3209 2373 3251 on
2419 3209 2589 3274 every

223 3290 465 3356 occa-sion
515 3292 596 3377 of
624 3291 815 3376 ,ον-ἱρή
848 3290 961 3376 joy
1004 3313 1072 3354 or
1115 3291 1410 3355 devotion.
1460 3288 1698 3355 Verum
1741 3293 1797 3355 si
1832 3293 1933 3355 cui
1971 3290 2169 3357 militi
2209 3294 2277 3357 in
2301 3291 2586 3358 hostium

222 3404 539 3482 conspectu
595 3400 943 3464 recordatio
1004 3397 1478 3462 carissimorum
1542 3398 1829 3483 capitum
1889 3399 2154 3463 extorsit
2200 3398 2360 3464 forte
2404 3397 2590 3465 lacri-

225 3515 373 3567 mam
391 3550 408 3580 ,
478 3525 685 3570 nonne
754 3525 904 3569 eum
974 3499 1276 3588 pudebit?
1344 3523 1549 3569 nonne
1619 3501 1840 3568 sedulo
1910 3501 2144 3569 celabit
2209 3503 2279 3569 τὸ
2351 3501 2589 3578 wdone?

227 3598 402 3675 Credo
454 3612 773 3697 equidem.
867 3608 1107 3676 Misera
1152 3626 1288 3675 sors
1333 3608 1705 3697 Iphigeniae
1752 3615 1998 3693 patrem
2043 3615 2107 3674 et
2152 3615 2457 3695 patruum
2507 3610 2586 3677 ad

226 3706 494 3784 lacrimas
556 3717 774 3804 adegit
819 3716 1047 3782 Aesch.
1095 3713 1338 3804 Agam.
1387 3714 1523 3781 204
1568 3720 1634 3781 et
1678 3714 1831 3781 Eur.
1879 3713 2031 3780 Aul„
2087 3714 2220 3780 650
2268 3723 2332 3782 et
2383 3715 2575 3782 1550.

229 3816 437 3891 Audita
484 3824 706 3911 Trojae
752 3824 1222 3911 expugnatione
1267 3822 1461 3888 verba
1505 3826 1654 3887 sunt
1701 3821 1876 3887 chori
1922 3819 2157 3909 Agam.
2205 3820 2375 3890 270:

696 3927 875 4012 χαρά
920 3931 993 4008 μ’
1043 3927 1303 4011 ὑφέρπει
1350 3928 1605 4009 δάκρυον
1652 3928 2096 4006 ἐκκαλουμένη.

229 4025 534 4122 Polynices
579 4035 812 4105 αςακτὶ
860 4035 1086 4114 λείβων
1132 4035 1383 4116 δακρυον
1431 4035 1511 4100 ad
1557 4041 1806 4120 patrem
1855 4037 2346 4120 appropinquat,
2388 4034 2584 4121 Soph.

231 4131 361 4207 Oed.
417 4142 548 4212 Col.
618 4142 833 4221 1251;
903 4146 1012 4209 sed
1074 4143 1238 4208 nihil
1296 4141 1526 4208 horum
1588 4148 1743 4207 tunc
1805 4140 2018 4207 decuit
2079 4147 2324 4225 septem
2396 4142 2587 4211 duces

233 4249 371 4327 apud
427 4250 696 4317 Thebas.
754 4250 988 4315 Furtim
1032 4247 1334 4315 lacrimae
1381 4248 1615 4315 oboriri
1661 4251 2046 4334 potuerunt,
2095 4247 2206 4314 sed
2251 4248 2318 4314 id
2365 4269 2585 4317 omnes

230 4351 398 4426 celare
463 4357 803 4445 cupiebant
865 4377 982 4423 nec
1042 4356 1304 4422 fuerunt
1361 4353 1689 4446 Aeschylo
1754 4353 1992 4438 δάκρυα
2054 4354 2406 4439 nemon-⁸45
2471 4357 2583 4428 sed
