3192 5017
1389 303 1634 356 lsAsz.
2531 285 2663 352 383

376 471 438 543 II
498 479 533 562 ξ
579 476 621 543 5
683 478 912 544 malim
975 479 1231 564 quidem
1279 480 1388 552 τὴν
1435 479 1779 559 μαρτυρίαν
1829 479 2098 563 <ὑμῖν>
2148 475 2384 550 ταύτην
2431 483 2660 555 πρῶτον

290 584 594 661 βούλομαι
644 585 1104 664 παρασχέσθαι.
1153 584 1276 650 Sed
1322 586 1398 652 cf.
1453 584 1569 650 VII
1611 583 1779 670 §IQ
1827 583 1919 649 lX
1959 582 2124 668 §16.
2180 582 2253 646 In
2278 584 2661 670 paragraphi

283 693 463 756 initio
509 690 650 756 dele
696 692 732 767 ἢ
785 692 1004 772 ἐκείνῳ.

366 799 404 882 ξ
449 794 492 862 8
556 798 792 863 iniuria
849 798 1139 865 Naberns
1201 800 1395 866 verba
1441 800 1683 883 optime
1730 797 1939 863 deleta
1984 816 2022 862 a
2068 796 2346 882 Sauppio
2395 797 2486 863 ita
2532 818 2660 862 cor«

279 906 465 990 tigit,
511 911 588 968 ut
637 903 898 988 λέξεως,
948 904 1318 981 άπεβάλετο
1367 910 1432 970 et
1477 903 1736 969 ἱκετεύει
1786 904 1952 982 αὐτῷ
1999 909 2210 968 mutet
2256 906 2321 968 in
2371 904 2660 986 δεήσεως,

279 1011 579 1087 διεγένετο
638 1016 701 1075 et
746 1012 1019 1090 οἱκτείρει
1070 1010 1279 1076 αὐτόν.
1371 1009 1554 1075 Nihil
1603 1016 1698 1075 est
1742 1012 1809 1074 in
1855 1010 1956 1074 his
2003 1013 2317 1095 corrupti,
2366 1011 2475 1074 sed
2520 1014 2661 1094 ipsa

277 1118 574 1183 orationis
638 1119 973 1202 spurcities
1037 1119 1484 1202 turpissimum
1546 1115 1867 1181 emblema
1929 1118 2161 1203 arguit.
2259 1116 2520 1181 Rectius
2585 1117 2663 1183 de

279 1223 378 1288 his
426 1223 798 1288 iudicarunt
845 1221 1199 1308 SauppiuS,
1250 1220 1562 1297 Cobetus‚
1613 1220 1966 1286 Scheibius.

357 1330 398 1414 ᾖ
453 1328 537 1391 14
598 1328 839 1407 εἰσάγει
904 1353 986 1406 με
1046 1330 1130 1401 εἷς
1180 1328 1319 1401 τοὺς
1369 1326 1684 1409 Φράτερας
1736 1326 2048 1407 παρόντων
2096 1328 2363 1405 τούτων,
2414 1327 2519 1393 καὶ
2572 1330 2657 1403 εἷς

273 1435 411 1507 τοὺς
465 1434 745 1513 δημότας
785 1459 867 1513 με
904 1435 1221 1514 ἐγγράφει
1270 1436 1398 1498 καὶ
1449 1435 1564 1507 εἷς
1612 1435 1798 1506 τοὺς
1849 1435 2274 1512 ὅργεῶνας.
2323 1433 2394 1500 Si
2435 1457 2658 1503 verum

274 1549 404 1627 est,
458 1541 628 1627 qnod
666 1547 994 1625 statuunt,
1043 1542 1340 1621 όργεῶνας
1393 1541 1586 1605 fuisse
1636 1540 1869 1625 quibus
1914 1560 2039 1606 non
2085 1548 2293 1606 essent
2339 1550 2656 1619 γεννῆται,

274 1655 565 1734 expectes
634 1650 848 1733 potius
917 1647 1086 1712 hunc
1147 1648 1484 1715 verborum
1542 1646 1876 1711 ordinem:
1931 1646 2175 1725 εἰσάγει
2240 1672 2323 1726 με
2387 1630 2471 1720 εἰς
2517 1631 2657 1722 τοὺξ

273 1753 593 1834 φράτερας
657 1754 789 1818 καὶ
859 1754 970 1824 εἷς
1020 1755 1213 1823 τοὺς
1264 1753 1670 1831 ὃργεῶνας
1720 1751 2032 1830 παρόντων
2080 1753 2307 1818 τούτων
2356 1756 2483 1821 κτὲ.
2534 1755 2659 1820 col-

273 1857 425 1925 latis
489 1859 647 1925 locis
709 1857 829 1923 VII
890 1860 927 1942 ᾗ
979 1858 1059 1922 15
1109 1880 1203 1944 sq.
1271 1866 1336 1924 et
1382 1859 1418 1942 ξ
1464 1855 1574 1942 27,
1624 1877 1860 1943 proque
1908 1878 1981 1923 eo
2030 1859 2310 1925 militare
2356 1860 2656 1926 videntur

274 1985 436 2050 qnae
507 1972 862 2050 sequuntur
918 1964 986 2028 in
1047 1965 1168 2030 hac
1224 1966 1503 2030 oratione
1551 1964 1587 2048 ξ
1642 1962 1747 2049 16,
1795 1962 1904 2029 sed
1947 1964 1985 2048 ᾖ
2038 1964 2118 2030 17
2167 1971 2232 2030 et
2280 1964 2366 2029 45
2412 1967 2655 2032 faciunt

273 2078 346 2135 ut
394 2070 709 2136 dubitem.

357 2178 399 2261 ,ξ
449 2174 534 2241 18
584 2177 981 2258 πραχθέντων
1028 2175 1089 2242 δὲ
1138 2177 1366 2243 τούτων
1414 2176 1659 2241 ἐσκόπει
1708 2176 1734 2240 ὃ
1786 2184 2109 2252 Μενεκλῆς
2174 2178 2447 2255 γυναῖκά
2510 2203 2651 2258 μοι,

275 2284 453 2362 κάγω
526 2281 841 2360 λαμβάνω
912 2286 1023 2357 τὴν
1091 2288 1198 2347 τοῦ
1271 2282 1596 2347 Φιλωνίδου
1665 2280 2017 2364 θυγατέρα.
2116 2282 2222 2350 Sic
2292 2288 2653 2371 scripserim

273 2389 482 2455 deleta
526 2388 780 2455 inficeta
825 2389 1344 2455 adnotatiuncula
1392 2389 1496 2454 καὶ
1546 2387 1669 2470 ἔφη
1718 2414 1800 2466 με
1845 2398 2067 2470 χρῆναι
2115 2399 2345 2468 γῆμαι.

361 2499 401 2581 ξ
449 2493 533 2559 32
579 2498 670 2560 sic
719 2495 974 2563 videtur
1019 2495 1422 2582 corrigenda:
1472 2495 1539 2559 ἐκ
1590 2494 1655 2559 δὲ
1703 2501 1809 2560 τοῦ
1857 2500 2072 2561 λοιποῦ
2120 2496 2337 2578 χρόνου
2379 2495 2656 2576 ἔγνωσαν

275 2603 444 2679 ἡμᾶς
506 2597 575 2665 εὖ
636 2609 825 2666 ποιεῖν
892 2602 1209 2675 άλλήλους
1275 2601 1509 2680 <xxa-0⁸⁶
1576 2600 1833 2677 δύναμιν
1899 2598 2113 2676 εἷναι>
2163 2603 2267 2666 καὶ
2332 2605 2498 2684 λόγῳ
2549 2606 2653 2670 καὶ

275 2706 462 2793 ἔργῳ,
539 2709 643 2772 καὶ
714 2710 898 2772 ταῦτ’
965 2707 1187 2784 ὀμόσαι
1249 2706 1620 2785 ἠνάγκασαν
1685 2708 1851 2785 ἡμᾶς
1913 2707 2305 2787 άμΦοτὲρους
2368 2711 2511 2790 πρὸς
2571 2714 2654 2793 τῷ

273 2813 467 2895 βωμῷ
541 2811 577 2889 ἦ
647 2816 768 2890 μὴν
829 2815 1133 2889 ποιήσειν·
1199 2814 1301 2879 καὶ
1369 2815 1544 2890 ἡμεῖς
1605 2811 1957 2891 ὠμόσαμεν.
2051 2812 2205 2878 Post
2265 2814 2420 2881 haec
2465 2817 2660 2882 verba

274 2920 483 2987 delevi
550 2920 863 2987 soloecam
931 2919 1516 3004 interpolationem:
1591 2915 1657 2984 εὖ
1728 2925 1918 2982 ποιεῖν
1988 2919 2130 3003 (sic)
2194 2920 2504 2994 ἀλλήλους
2572 2923 2602 2985 ἐ
2618 2948 2655 2987 κ

272 3031 407 3091 τοῦ
478 3025 918 3091 ἐπιλοίπου
989 3026 1319 3105 χρόνου,
1391 3025 1564 3089 κατὰ
1624 3023 1882 3100 δύναμιν
1945 3020 2098 3089 εἶναι
2163 3026 2268 3089 καὶ
2334 3026 2501 3107 λόγῳ
2551 3028 2656 3094 καὶ

277 3130 466 3213 ἔργῳ,
517 3132 684 3197 unde
731 3152 846 3198 suo
890 3132 1029 3197 loco
1075 3135 1327 3197 restitui
1375 3132 1568 3197 verba
1616 3132 1787 3195 κατά
1833 3131 2090 3206 δύναμιν
2138 3127 2314 3196 εἶναι.

366 3240 402 3322 ξ
450 3238 537 3302 43
586 3241 712 3311 πῶς
759 3239 868 3304 οὐκ
916 3238 992 3302 ἂν
1038 3236 1222 3302 δεινὸν
1267 3240 1335 3303 τὸ
1386 3241 1662 3315 πρᾶγμα
1714 3233 1865 3300 εἶναι
1915 3237 2020 3301 καὶ
2072 3238 2689 3316 καταγέλαςον·

277 3344 488 3418 δοκοίη.
587 3343 737 3410 Sine
797 3365 984 3410 causa
1030 3344 1320 3410 Naberus
1366 3346 1703 3409 coniecisse
1749 3343 1914 3407 mihi
1960 3343 2217 3409 videtur
2266 3346 2624 3415 ἑπονείδιςον
2644 3397 2658 3423 ,

280 3451 449 3536 quod
507 3471 624 3516 nec
685 3450 872 3517 facile
920 3453 1011 3517 sic
1062 3451 1395 3536 depravari
1442 3451 1657 3535 potuit
1679 3496 1695 3527 ,
1746 3470 1860 3514 nec
1908 3449 2230 3536 eleganter
2275 3452 2379 3517 hic
2427 3463 2667 3539 repete-

279 3563 454 3622 retur
497 3561 641 3642 post
685 3557 854 3622 dicta
898 3558 935 3642 ξ
982 3557 1092 3623 41.
1141 3557 1480 3623 Manifesto
1518 3559 1692 3622 enim
1730 3560 1939 3622 orator
1977 3556 2054 3621 de
2092 3557 2407 3624 industria
2441 3561 2662 3626 eadem

282 3662 358 3727 de
425 3682 492 3727 re
561 3662 661 3727 bis
724 3664 1000 3728 scribens
1059 3665 1334 3729 variavit
1399 3665 1747 3729 orationem
1769 3711 1786 3745 ,
1848 3683 2051 3746 neque
2115 3664 2409 3749 ignorare
2453 3670 2666 3751 potuit

281 3768 567 3834 Naberus
629 3769 872 3853 aliquid
935 3770 1321 3835 intercedere
1384 3770 1774 3834 discriminis
1836 3768 2071 3846 γέλοιος
2131 3772 2296 3836 inter
2358 3778 2422 3835 et
2469 3795 2665 3837 κατα-

283 3874 588 3952 γέλαςος,
668 3877 832 3961 quod
913 3882 1258 3961 usurpatur
1328 3876 1404 3940 de
1474 3875 1663 3939 rebus
1730 3874 2220 3960 hominibusque
2290 3882 2661 3963 contemptu

283 3980 517 4068 dignis,

371 4089 409 4172 ξ
457 4086 542 4152 45
591 4086 695 4152 καὶ
745 4088 974 4154 τούτων
1023 4089 1210 4165 ὑμῖν
1260 4088 1401 4159 τούς
1450 4111 1520 4151 τε
1566 4085 1886 4166 Φράτερας
1938 4123 2021 4134 —-
2060 4088 2470 4167 παρεσχόμην
2506 4088 2664 4171 μάρ-

284 4215 506 4274 τυρας·
573 4195 674 4259 καὶ
744 4195 962 4259 ἐκεῖνον
1026 4192 1420 4270 ἐπέδειξα
1486 4196 1625 4275 τρία
1688 4193 1790 4257 καὶ
1844 4192 2062 4258 εἴκοσιν
2127 4193 2488 4271 ἐπιβιοῦντα
2537 4193 2667 4271 ἔτη.

283 4295 422 4365 εἶτα
468 4301 609 4373 τοὺς
660 4299 875 4376 νόμους
927 4299 1246 4384 [ἐπέδειξα
1298 4302 1438 4377 ὑμῖν
1488 4301 1664 4384 τοὺς]
1716 4296 1920 4364 ἅπασι
1959 4307 2087 4369 τοῖς
2130 4296 2470 4380 ἀνθρώποις
2509 4302 2671 4380 &Zou-

289 4408 427 4471 σίαν
474 4406 749 4480 διδόντας
803 4408 923 4477 ὑεῖς
973 4410 1292 4473 ποιεῖσθαι.
1389 4406 1623 4472 Melius
1673 4407 1939 4471 aberunt
1982 4407 2173 4472 verba
2212 4407 2485 4492 seclusa,
2534 4431 2670 4476 mu·
