3192 5017
1283 257 1718 362 umentes.
2613 289 2694 358 31

308 487 718 572 despondente
759 487 818 549 ei
859 482 1115 551 Nerone
1134 532 1152 562 ‚
1197 488 1299 550 eui
1338 497 1483 550 ante
1526 496 1732 571 nupta
1758 483 1994 568 fuerat
2039 481 2291 548 Liviam
2319 520 2401 532 --
2427 483 2701 549 duxisset

307 613 579 656 morem.
672 589 1013 657 Deleverat
1082 589 1241 658 olim
1308 589 1735 656 Ruhnkenius
1804 594 1869 656 et
1937 589 2114 654 fraus
2182 595 2279 655 est
2339 590 2698 656 manifesta.

304 695 546 763 Tamen
615 696 756 763 loco
827 717 951 762 non
1021 697 1433 763 exturbatum
1504 705 1621 763 est.
1693 698 2106 783 Argumento
2172 695 2278 761 hic
2336 696 2519 766 locus
2565 716 2700 762 esse

305 811 516 887 potest
577 824 773 889 quam
835 804 1053 870 iutilia
1098 811 1164 870 et
1209 806 1425 870 inania
1469 806 1599 869 sint
1646 803 1801 868 haee
1849 801 2192 868 sciolorum
2239 801 2695 868 additamenta.

396 1016 482 1083 Π.
535 1015 643 1082 95.
696 1016 770 1084 3:
839 1018 1116 1084 Censura
1162 1017 1393 1084 Planci
1433 1030 1493 1083 et
1537 1017 1736 1082 Pauli
1778 1029 1919 1082 acta
1966 1018 2128 1081 inter
2172 1017 2547 1081 discordiam
2591 1038 2698 1081 ne-

306 1146 420 1211 que
463 1126 623 1211 ipsis
668 1124 893 1189 honori
932 1146 1123 1212 neque
1163 1127 1317 1211 reip.
1364 1127 1509 1189 usui
1534 1125 1805 1208 suerat,
1856 1144 1995 1187 cum
2038 1121 2225 1187 alteri
2261 1124 2350 1187 vis
2387 1126 2697 1201 censoria,

304 1230 491 1296 alteri
533 1234 663 1295 vita
723 1234 1002 1308 deessn'r,
1047 1230 1294 1296 Paulus
1339 1232 1441 1295 vix
1475 1241 1686 1318 posset
1730 1229 1987 1317 implere
2031 1250 2334 1294 censorem
2359 1275 2377 1305 ‚
2423 1228 2700 1294 Plancus

309 1347 525 1403 mere
564 1338 819 1404 deberet.

401 1441 514 1508 Bis
578 1446 870 1509 restituit
938 1444 1241 1510 amissam
1314 1442 1643 1528 copulam:
1711 1479 1797 1491 —
1861 1446 2083 1508 deesset
2150 1459 2232 1508 ιτ
2299 1442 2544 1507 Paulus
2610 1479 2693 1491 --

309 1572 613 1617 censorem
631 1598 647 1630 ‚
697 1550 972 1616 Plancus
1014 1567 1216 1616 Briau
1261 1553 1476 1617 timere
1515 1551 1771 1616 deberet.

393 1762 474 1828 II.
533 1763 685 1828 111.
737 1763 812 1829 l:
862 1764 1060 1830 habiti
1101 1767 1309 1852 itaque
1352 1766 1648 1841 delectus,
1695 1764 1990 1829 Revocati
2048 1766 2316 1851 undique
2374 1778 2433 1831 et
2493 1789 2700 1832 omnes

308 1873 615 1949 veterani,
655 1873 780 1936 viri
798 1871 1239 1958 foeminaeque
1272 1894 1348 1936 ex
1388 1894 1565 1936 censu
1597 1871 1952 1936 libertinum
1973 1883 2221 1936 coactas
2243 1874 2395 1937 dare
2416 1873 2694 1939 militem.

395 1974 692 2043 Correxit
757 1979 995 2042 Evocati
1052 1998 1176 2043 non
1240 1976 1585 2042 deterritus
1642 1977 1856 2042 verbis
1915 1975 2289 2042 Ruhnkenii
2337 2001 2516 2055 „cave
2559 2003 2697 2045 cum

308 2083 596 2149 Ασὰἰαὶἰο
658 2084 889 2149 scribas
951 2083 1267 2150 evocati.”
1361 2083 1669 2149 Veterani
1731 2093 1883 2149 sunt
1948 2085 2059 2169 qui
2120 2085 2438 2169 stipendia
2482 2088 2698 2152 omnia

306 2192 575 2256 emerita
637 2190 876 2255 habent
923 2197 989 2255 et
1032 2191 1113 2256 ob
1159 2189 1226 2255 id
1275 2189 1607 2256 honestam
1659 2189 2030 2256 missionem
2078 2197 2144 2255 et
2190 2188 2465 2257 militiae
2511 2212 2694 2257 vaca-

309 2296 573 2362 tionem.
643 2294 734 2361 Hi
779 2316 904 2361 non
951 2295 1242 2381 poterant
1286 2298 1480 2361 inviti
1529 2295 1608 2361 ad
1657 2293 1961 2361 militiam
2011 2299 2316 2372 Βευοοανί,
2367 2298 2477 2362 sed
2521 2317 2698 2383 prae-
2819 2367 2828 2376 ,

309 2405 461 2468 miis
507 2402 977 2489 honoribusque
1021 2404 1363 2489 propositis
1408 2403 1858 2480 Βυοοαόαηιυν,
1907 2407 1982 2467 ut
2027 2397 2214 2468 nemo
2260 2405 2482 2468 nescit.

398 2508 736 2575 Praeterea
798 2511 1086 2594 scripsit:
1150 2509 1275 2574 viri
1316 2510 1756 2597 soenzinaeque
1804 2544 1886 2555 —
1939 2520 2130 2573 coactl
2188 2511 2339 2573 dare
2398 2509 2658 2575 militem
2677 2558 2693 2584 ‚

312 2623 384 2683 ut
435 2617 558 2682 fert
605 2619 897 2681 omnium
946 2615 1175 2681 Latine
1222 2615 1626 2702 loquentium
1674 2614 2081 2681 consuetudo.

399 2723 583 2804 Quod
629 2722 797 2807 apud
843 2721 1222 2788 Suetonium
1268 2725 1337 2786 in
1378 2723 1665 2807 Anqusto
1702 2743 1839 2808 cap.
1881 2720 1970 2785 25
2015 2721 2092 2788 de
2132 2722 2352 2788 eadem
2394 2744 2463 2790 re
2501 2724 2696 2811 serip-

314 2836 449 2894 tum
498 2842 624 2894 est:
687 2850 890 2893 servos
935 2831 1085 2893 viris
1119 2829 1536 2914 foeminisque
1571 2827 2096 2915 pecuniosioribus
2141 2830 2403 2895 indictos
2452 2867 2534 2878 —
2583 2832 2695 2896 sub

312 2935 524 3001 vexillo
593 2935 846 3012 habuit,
918 2937 1135 3023 arguit
1203 2958 1279 3000 ex
1345 2956 1521 3000 censu
1591 2944 1657 3000 et
1713 2933 2237 3023 pecuniosiorffius
2300 2957 2436 3002 esse
2483 2937 2690 3014 idem,

311 3045 608 3127 quoniam
654 3040 776 3107 soli
823 3042 1085 3107 ditiores
1131 3062 1392 3107 censum
1439 3029 1920 3127 profitebantur.

394 3253 488 3319 ΙΙ.
539 3254 691 3318 114.
739 3252 818 3319 2:
865 3257 996 3318 iam
1041 3254 1150 3318 Ιιοο
1192 3253 1392 3318 solum
1440 3289 1523 3301 —
1572 3257 1987 3340 importatum
2045 3257 2528 3321 instrumentum
2583 3257 2694 3321 ba-

306 3359 451 3424 linei
493 3360 725 3425 nullius
769 3384 890 3426 non
938 3361 1241 3425 succurrit
1284 3360 1640 3425 valetudini.

399 3462 716 3532 Correxit:
766 3468 897 3531 iam
939 3482 1094 3532 nmo
1139 3482 1284 3532 som
1322 3478 1648 3553 portatum
1692 3469 2173 3532 instrumentum
2218 3464 2459 3534 balinei.

398 3680 479 3746 11.
536 3678 687 3746 126.
737 3679 811 3743 4:
877 3678 1170 3745 adulator
1228 3679 1605 3745 felicitatem
1647 3687 2009 3766 temporum
2058 3683 2176 3748 sub
2224 3681 2481 3749 Tiberio
2527 3687 2700 3770 prin·

308 3788 447 3871 cipe
506 3785 721 3850 verbis
767 3783 1077 3851 extollens
1122 3787 1216 3850 ita
1263 3785 1518 3849 scribit:
1568 3787 1889 3852 restitutae
1932 3788 2110 3852 urbes
2159 3791 2373 3873 Asiae,
2422 3793 2697 3856 vindica-

312 3906 406 3957 tae
465 3892 543 3956 ab
605 3893 855 3956 iniuriis
913 3894 1399 3977 maqistratuum
1436 3894 1797 3980 provinciae
1811 3941 1830 3972 ‚
1881 3889 2078 3958 honor
2124 3895 2326 3976 diffluis
2365 3901 2703 3983 paratissi-

310 4023 478 4074 mus,
518 4021 723 4085 poena
767 3999 834 4063 in
881 3998 1078 4064 malos
1124 4021 1294 4076 sera,
1348 4000 1455 4062 sed
1497 3999 1731 4086 aliqua.

398 4103 653 4170 Ultima
696 4114 848 4169 sunt
893 4125 1078 4169 sensu
1126 4125 1346 4170 vacua.
1444 4099 1766 4192 Pluygers
1814 4127 1889 4171 ex
1937 4107 2288 4174 sententiae
2334 4109 2530 4175 fundo
2571 4130 2699 4175 ma·

309 4213 413 4298 gis
474 4223 665 4295 quam
731 4210 1030 4275 ductibus
1083 4209 1421 4277 literarum
1480 4210 1736 4278 elicuit:
1792 4237 1996 4301 poena
2060 4218 2127 4279 in
2174 4215 2370 4280 malos
2414 4238 2551 4280 sera
2599 4219 2707 4282 sed

313 4333 534 4383 olma.
