3192 5017
1290 319 1532 371 monuo.
2479 295 2605 371 117

314 497 504 565 VIII.
556 496 637 563 5:
686 498 744 561 si
790 532 874 545 -
922 509 1224 583 quantum
1264 496 1504 583 gloriae
1552 495 1995 584 triumphoque
2039 519 2194 584 opus
2237 509 2387 563 esset
2447 519 2607 563 asse-

232 627 573 778 mg·
614 732 732 798 que
797 708 1086 799 legebat:
1156 722 1462 798 quantum
1524 699 1762 795 yloriae
1825 709 2144 798 triumpho
2210 708 2304 795 (id
2364 714 2462 777 est
2523 713 2611 776 ad

231 817 647 907 triumphum)
692 839 849 905 opus
892 828 1061 884 esset.

316 1025 491 1120 VIII.
543 1025 608 1093 6.
658 1027 735 1093 4:
805 1030 862 1093 si
916 1027 1158 1094 Parthi
1216 1051 1319 1094 vos
1377 1045 1559 1094 Imm.
1622 1028 1996 1116 calfaciunt,
2058 1050 2169 1094 nos
2233 1027 2329 1094 hic
2362 1027 2612 1113 friqore

225 1133 638 1220 friqescimus.

320 1240 748 1308 Emendavit:
784 1265 887 1307 vos
917 1258 1097 1307 lmus
1134 1242 1493 1328 calfaciunt.
1533 1245 1599 1307 et
1635 1241 1929 1328 probavit
1953 1242 2377 1328 suspicionem
2401 1259 2615 1305 meam

222 1346 471 1434 sriqore
518 1349 955 1434 osriyescimus
999 1347 1261 1414 rescribi
1305 1353 1609 1435 oportere.

322 1547 495 1614 VIII.
545 1547 610 1613 8.
664 1548 784 1613 10:
832 1551 889 1614 si
931 1546 1090 1614 mihi
1130 1571 1254 1613 non
1299 1550 1558 1613 dedisset
1603 1571 1740 1626 eas,
1787 1571 1943 1635 quae
1989 1550 2077 1614 ad
2113 1549 2288 1615 ludos
2320 1552 2378 1616 ei
2413 1551 2621 1614 advec-

238 1666 330 1719 tae
372 1667 552 1720 erant
598 1652 662 1720 A
655 1655 947 1741 fmcanae
960 1702 975 1732 ,
1028 1657 1249 1743 potuim
1296 1656 1703 1743 supersedere.

324 1758 706 1826 Rectissime
766 1760 935 1826 vidit
995 1778 1186 1826 Po'rm
1250 1781 1479 1826 verum
1525 1781 1659 1826 esse
1705 1767 1771 1827 et
1815 1759 2006 1847 paulo
2054 1767 2236 1828 ante:
2284 1784 2472 1850 neque
2516 1762 2625 1827 hoc

240 1890 399 1932 anno
443 1884 548 1934 SUI
597 1869 761 1933 ratio
807 1867 1106 1933 habeatur
1151 1888 1264 1954 pro
1311 1884 1454 1934 SUA.

329 2076 501 2143 VIII.
553 2080 618 2142 9.
670 2077 741 2143 1:
789 2080 921 2165 ayit
967 2101 1184 2144 causas
1229 2078 1540 2144 murales
1585 2080 1692 2143 sed
1736 2101 1886 2143 raro
1922 2090 2072 2165 post
2116 2079 2454 2144 meridiem.

332 2183 632 2250 Feliciter
676 2187 987 2271 repperit:
1036 2188 1167 2270 aqit
1212 2208 1429 2251 causas
1473 2184 1936 2250 centumuiralem
1983 2182 2348 2269 (Immune)
2396 2183 2630 2250 adscri-

247 2289 395 2356 bens
437 2293 511 2356 de
568 2289 749 2357 Orat.
804 2288 847 2355 1.
901 2292 938 2376 ξ
989 2289 1152 2357 173:
1201 2293 1431 2356 iactare
1476 2312 1537 2354 se
1580 2292 1647 2354 in
1694 2291 1893 2355 causis
1938 2289 2493 2355 centumviralibus.

338 2507 505 2574 Vm.
558 2508 621 2575 9.
673 2509 752 2576 2·
823 2535 973 2575 nam
1044 2533 1169 2576 non
1229 2511 1557 2598 expeditur
1623 2510 1943 2588 successio,
2008 2510 2301 2596 quoniam
2358 2505 2634 2585 Galliae,

252 2638 397 2701 quae
451 2617 675 2682 habent
738 2618 1224 2696 intercessorem,
1285 2619 1351 2681 in
1412 2618 1666 2682 eandem
1711 2617 2116 2682 conditionem
2176 2639 2366 2702 quam
2412 2626 2636 2679 ceterae

244 2723 591 2807 provinciae
637 2735 950 2788 vocantur.

338 2825 654 2894 Coniecit:
728 2853 852 2895 non
919 2832 1284 2918 expediatur
1350 2831 1671 2906 successio,
1738 2830 2033 2915 quoniam
2101 2825 2345 2894 Galliae
2411 2826 2631 2892 habent

256 2936 693 3002 intercessorem
737 2943 802 3001 et
846 2949 1071 3002 ceterae
1096 2938 1455 3025 provinciae
1489 2938 1558 3001 in
1596 2937 1851 3001 eandem
1885 2937 2290 3000 conditionem
2312 2945 2628 2999 vocantur.

340 3148 507 3214 VIII.
559 3147 619 3215 9.
672 3146 747 3214 3:
797 3152 864 3215 in
902 3150 1011 3214 hoc
1056 3152 1295 3234 neqotio
1341 3149 1515 3215 nulla
1565 3163 1672 3216 tua
1717 3153 1843 3216 nisi
1890 3149 2178 3238 loquendi
2214 3173 2364 3216 cura
2400 3159 2489 3214 est
2524 3148 2633 3213 hoc

260 3268 339 3322 est
381 3259 737 3346 imperandi
783 3258 882 3340 [et
926 3255 1322 3341 mandandi}

344 3363 674 3450 Expnnxit
716 3361 1069 3428 emblema:
1114 3364 1424 3451 imperare
1466 3364 1640 3430 enim
1679 3361 1825 3450 plus
1866 3368 1963 3429 est
2000 3330 2195 3448 quatu
2234 3364 2538 3429 mandare
2576 3366 2640 3428 et

262 3467 371 3535 hoc
414 3471 482 3536 in
527 3468 645 3535 illo
691 3471 1071 3536 continetur.

346 3680 521 3749 VIII.
576 3681 680 3749 10.
730 3681 802 3748 2:
849 3683 1011 3748 alius
1055 3685 1217 3748 enim
1263 3682 1640 3771 Pompeium
1686 3682 2054 3746 mittendum
2069 3706 2091 3758 ,·
2155 3683 2318 3748 alius
2363 3683 2441 3747 ab
2490 3682 2636 3749 urbe

270 3787 627 3878 Pompeium
686 3813 812 3856 non
863 3792 1330 3866 removendum,·
1391 3790 1552 3853 alius
1621 3785 1944 3852 Caesarem
1991 3811 2128 3854 cum
2175 3811 2284 3854 suo
2330 3791 2634 3866 exercitu,-

270 3894 418 3960 alius
461 3897 764 3974 consules,·
802 3919 978 3961 nemo
1023 3908 1230 3962 tamen
1275 3918 1350 3961 ex
1394 3907 1524 3961 ecto
1550 3898 1856 3983 privatos.
1920 3891 2208 3960 Consules
2248 3907 2455 3960 autem
2487 3899 2637 3982 quia

272 4015 537 4067 verentur
595 4026 667 4068 ne
724 4002 885 4067 illud
943 4015 1144 4068 sctum
1192 4002 1324 4089 fiat
1385 4014 1455 4066 ut
1507 4001 1807 4089 paludati
1851 4014 2066 4065 exeant
2112 4013 2171 4066 et
2215 4001 2637 4067 contumeliose

268 4120 506 4191 praeter
570 4131 668 4175 eos
735 4110 822 4174 ad
882 4108 1079 4173 alium
1139 4131 1237 4173 res
1298 4107 1727 4194 transferatur
1789 4109 2037 4172 omnino
2098 4119 2377 4172 senatum
2425 4107 2638 4174 haberi

277 4214 495 4281 nolunt.

250 4315 261 4326 ’
357 4322 526 4390 Haec
594 4322 910 4410 Pluygers
967 4322 1061 4388 ita
1121 4323 1486 4388 constituit:
1550 4321 1712 4385 alius
1762 4321 2086 4386 Caesarem
2132 4343 2270 4384 cum
2317 4343 2426 4385 suo
2472 4343 2640 4386 exer-

278 4431 423 4509 citu3
472 4431 632 4496 alius
674 4430 940 4495 consules
986 4442 1056 4494 ut
1098 4431 1389 4519 paludati
1428 4440 1681 4505 exeant3
1746 4448 1920 4492 nemo
1977 4439 2176 4490 tamen
2241 4443 2325 4492 υτ
2385 4449 2460 4494 ea·
2522 4440 2645 4505 sete
