3192 5017
1414 313 1648 362 comm.
2628 292 2716 358 83

327 501 446 546 nea
505 502 628 545 non
695 487 790 546 est
837 502 950 566 pro
998 481 1261 556 ταύτόν,
1316 503 1439 564 quo
1486 482 1812 547 intellecto
1863 482 2227 548 Meiuekius
2273 487 2600 568 proposuit
2645 483 2714 547 τὸ

329 589 485 666 πρίν.
579 587 700 652 Sed
764 608 844 651 ue
906 589 996 651 sic
1059 587 1314 671 quidem
1395 589 1789 652 satisfactum
1872 611 2003 652 esse
2074 601 2293 672 poetae
2363 590 2719 676 elegantiae

323 693 535 778 prodit
596 693 942 758 molestum
1004 694 1263 758 auribus
1327 695 1816 772 ὃμοιοτέλευτον,
1881 703 1944 758 et
2004 698 2214 768 συκίνη
2263 697 2575 774 ἐπικουρία
2624 699 2715 760 vi-

327 800 511 865 detur
558 798 886 884 Blaydesii
933 802 1291 864 coniectura
1339 803 1406 864 in
1454 801 1852 885 paenultimo
1904 822 2090 866 versu
2140 803 2541 866 rescribentis
2598 799 2712 882 Φέ-

326 929 529 984 ρουσα.
580 905 892 988 Equidem
941 907 1248 989 suspicari
1297 906 1564 971 malim:

512 1006 757 1089 χαῦται
808 1014 933 1091 γοὶρ
981 1009 1216 1085 ἥκουσιν
1266 1011 1457 1076 πάλιν
1506 1015 1574 1076 τὸ
1625 1022 1854 1092 σχῆμα
1906 1013 2569 1089 μεταβαλοῦσαι.

332 1119 650 1197 Quantam
717 1125 930 1182 autem
992 1117 1196 1181 labem
1266 1139 1519 1202 passum
1571 1122 1657 1182 sit
1704 1119 1822 1182 hoc
1868 1119 2041 1182 chori
2090 1122 2411 1184 canticum
2460 1123 2720 1202 apparet

330 1227 657 1308 imprimis
706 1243 739 1287 e
787 1223 1171 1287 soloecismis
1219 1246 1310 1288 vs.
1365 1223 1494 1288 488
1544 1225 1633 1302 μὴ
1684 1264 1766 1275 -
1819 1226 2150 1302 γενήσεται
2200 1230 2264 1289 et
2314 1224 2445 1289 495
2494 1225 2583 1301 μὴ
2634 1261 2715 1272 -

327 1330 590 1412 ὄψεται,
638 1350 793 1413 quos
841 1333 1006 1393 tueri
1053 1351 1176 1394 non
1219 1330 1561 1395 debueram
1602 1339 1820 1395 contra
1858 1331 2171 1397 Oobetum
2216 1334 2280 1395 in
2320 1332 2717 1395 Praefatione

329 1438 408 1502 ad
455 1436 848 1521 Thucydidis
896 1435 1193 1500 editionis
1241 1456 1420 1501 meae
1471 1436 1610 1502 Vol.
1662 1436 1766 1500 IV.

422 1645 593 1710 Eccl.
642 1645 775 1710 800
1497 1648 1587 1710 Σὺ
1639 1647 1690 1708 δ’
1741 1645 2290 1722 ἐπιθυμήσεις
2337 1645 2576 1726 φέρειν;

330 1751 660 1837 Scriptura
709 1755 937 1816 merito
984 1757 1272 1835 suspecta
1323 1749 1684 1835 Blaydesii‚
1735 1756 1844 1836 qui
1894 1772 2069 1816 more
2117 1772 2231 1814 suo
2271 1751 2485 1836 plures
2523 1751 2716 1815 effun-

328 1858 426 1922 dit
494 1861 940 1944 coniecturas?
990 1859 1064 1921 σὺ
1131 1857 1194 1919 δέ
1258 1880 1316 1921 τι
1385 1858 1615 1921 διανοεῖ
1671 1859 1876 1936 φέρειν
1893 1877 1909 1934 ;
1972 1856 2047 1920 σὺ
2111 1855 2171 1919 δὲ
2220 1857 2305 1920 τὰ
2354 1859 2411 1919 σ’
2461 1859 2717 1929 ἐπινοεῖς

329 1965 568 2044 φέρειν;
613 1965 688 2029 σὺ
729 1967 791 2028 δέ
839 1989 898 2028 τι
949 1966 1203 2041 μέλλεις
1245 1964 1585 2043 ,εἷσφέρεινς
1639 1984 1909 2047 quarum
1952 1961 2131 2027 nulla
2169 1961 2499 2026 satisfacit.
2548 1961 2719 2027 Nam

327 2077 471 2156 post
519 2073 733 2136 omnia
779 2091 1179 2156 praegressa,
1230 2071 1460 2154 quibus
1508 2070 1563 2133 is
1613 2070 1721 2152 qui
1772 2069 1924 2131 haec
1972 2069 2130 2131 dicit
2177 2066 2452 2131 alterum
2501 2088 2537 2130 a
2583 2089 2718 2132 sen·

327 2179 528 2243 tentia
593 2178 916 2242 dimovere
965 2179 1198 2241 frustra
1249 2184 1506 2241 conatus
1555 2182 1685 2257 est,
1736 2195 1931 2259 paene
1970 2194 2222 2238 necesse
2268 2180 2364 2238 est
2409 2174 2530 2238 hoc
2575 2173 2713 2239 loco

328 2288 651 2371 rogaverit
701 2290 896 2360 „tune
943 2289 1276 2345 etiamnunc
1322 2286 1389 2347 in
1437 2284 1759 2366 proposito
1806 2279 2143 2363 persistis.''
2192 2278 2398 2358 Quare
2440 2282 2551 2343 vix
2599 2279 2713 2343 du—

328 2392 464 2456 bito
525 2391 645 2454 sub
710 2391 1172 2473 praepositione
1237 2398 1374 2453 em
1439 2388 1635 2453 latere
1696 2387 2071 2451 adverbium
2136 2383 2262 2461 ἔτι,
2329 2388 2422 2449 ita
2468 2391 2543 2449 ut
2589 2405 2712 2450 non

328 2500 464 2561 sine
510 2495 726 2579 aliqua
771 2493 1218 2579 probabilitate
1262 2496 1568 2559 conicias:

1376 2599 1467 2666 Σὺ
1518 2599 1571 2661 δ’
1623 2598 1739 2662 ἔτι
1791 2603 1923 2661 νῦν
1972 2597 2319 2672 μέλλεις
2369 2596 2615 2676 φέρειν;

324 2707 423 2774 Cf.
475 2729 568 2773 vs.
622 2704 752 2772 785
803 2711 867 2769 et
917 2702 1047 2771 '760
1095 2726 1229 2788 sqq.

416 2920 587 2987 Eccl.
640 2920 793 2985 862.

1732 3024 1853 3087 Ἢν
1899 3024 1961 3088 δὲ
2012 3021 2467 3106 κωλύσωσι,
2515 3025 2615 3096 τίς

973 3144 1032 3195 Β.
1109 3132 1327 3207 Ὀμόσ’
1377 3128 1504 3206 εἶμι
1552 3131 1762 3208 κύψας
1815 3132 1941 3194 κτὲ.

330 3242 774 3307 Necessarium
840 3240 1095 3303 videtur
1157 3240 1556 3319 κωλύωσι,
1627 3238 1949 3318 impediant
2017 3240 2083 3308 (i.
2137 3259 2191 3302 e.
2256 3235 2565 3320 impedire
2610 3255 2710 3300 co-

328 3351 621 3431 nantur),
688 3365 814 3409 non
875 3345 1318 3425 impediverint,
1382 3350 1455 3407 ut
1504 3349 1671 3407 recte
1719 3351 2071 3426 sequuntur
2116 3344 2470 3426 praesentia
2516 3361 2709 3416 μαςι-

329 3460 483 3531 γῶσι
531 3461 595 3517 et
641 3458 1065 3528 καταγελῶσι.
1161 3450 1254 3513 Re
1301 3451 1499 3514 semel
1549 3449 1892 3533 impedita,
1942 3469 2081 3513 aero
2128 3457 2277 3513 erat.

419 3665 586 3731 Eccl.
641 3663 817 3729 1020
866 3663 1072 3728 alvari.
1137 3662 1374 3726 Veram
1434 3665 1606 3727 vocis
1655 3663 1925 3725 formam
1976 3683 2110 3726 esse
2158 3664 2455 3726 οὶνατεί
2495 3663 2710 3727 docuit

327 3769 825 3842 Choeroboscus‚
894 3767 1305 3834 confirmante
1369 3767 1684 3831 similium
1752 3767 2201 3832 vocabulorum
2257 3768 2712 3854 orthographia

324 3881 392 3941 in
455 3877 678 3942 titulis.
780 3875 935 3940 Vide
985 3895 1142 3957 quae
1190 3876 1410 3959 scripsi
1467 3874 1753 3955 Lapidem
1804 3875 1875 3936 de
1923 3874 2068 3936 dial.
2123 3876 2257 3939 Aac.
2308 3882 2436 3937 test.
2490 3897 2548 3957 p.
2599 3873 2709 3938 82.

323 3984 509 4047 Nunc
558 3983 718 4046 addo
757 3981 1022 4053 νηποινεί
1062 4001 1095 4043 0
1133 3980 1322 4043 titulo
1370 3980 1791 4063 Amphipolit.
1837 4001 1957 4042 sec.
2002 3978 2091 4040 IV
2128 3976 2225 4052 (G.
2270 3979 2317 4041 Ι.
2358 3977 2438 4044 G.
2466 3980 2526 4042 ΙΙ
2553 3979 2713 4063 200)

326 4103 390 4153 et
453 4089 668 4153 οὶσυλεὶ
738 4091 837 4150 καὶ
890 4085 1179 4149 oza-mussi
1229 4087 1585 4168 frequenter
1632 4086 1796 4149 lecta
1840 4088 1905 4148 in
1958 4086 2493 4168 inscriptionibus,
2542 4107 2604 4151 v.
2658 4109 2710 4150 c.

325 4195 495 4260 Bull.
549 4196 625 4260 «le
676 4192 847 4258 Oorr.
917 4191 1090 4255 Hell.
1158 4189 1242 4252 VI
1302 4213 1361 4271 p.
1435 4189 1586 4270 355,
1657 4188 1774 4266 38;
1844 4190 1933 4253 ib.
2002 4210 2058 4252 a.
2128 4188 2295 4253 1881
2357 4210 2419 4274 p.
2469 4189 2602 4258 207
2653 4198 2719 4256 et

329 4322 393 4386 p.
445 4299 599 4366 208.
