3192 5017
543 269 631 336 58
1562 287 1915 339 cosumus

540 418 786 546 aliquid
834 460 912 526 de
957 459 1248 527 Cimonis
1309 477 1507 527 uxore
1567 465 1823 549 copiosa
1874 480 1949 527 ac
2005 457 2199 527 diviti
2259 479 2386 526 non
2444 461 2542 527 est
2601 457 2800 526 facile
2863 456 2944 524 ad

541 567 1002 655 indagandum.

639 777 941 865 Superest
985 800 1187 845 unum
1235 780 1502 866 Nepotis
1547 781 1969 860 παρακουσμα
2015 783 2083 845 in
2131 780 2365 845 Cimone
2397 778 2505 845 lv.
2550 777 2625 844 3:
2668 778 2950 863 quotidie

541 887 632 950 sic
688 907 868 950 coena
926 887 985 951 ei
1042 875 1425 974 coquebatur,
1488 897 1560 950 ut
1614 909 1760 973 quos
1805 888 2110 951 invocatos
2153 887 2399 951 vidisset
2444 887 2514 950 in
2548 887 2698 973 foro
2750 905 2950 949 omnes

543 994 883 1058 devocaret.-
927 994 1086 1079 quod
1108 994 1334 1078 facere
1370 994 1604 1057 nullum
1639 994 1795 1058 diem
1833 994 2283 1059 intermittebat.
2330 991 2646 1070 Solemus,
2689 993 2946 1077 opinor,

545 1098 827 1185 aliquem
895 1099 977 1164 ad
1045 1119 1305 1165 coenam
1368 1121 1575 1163 vocare
1593 1147 1611 1176 ‚
1676 1119 1803 1165 non
1864 1100 2146 1165 devocare
2161 1148 2178 1177 ‚
2244 1099 2345 1164 ἐπὶ
2394 1098 2630 1164 δεῖπνον
2679 1104 2913 1162 καλεῖν
2928 1142 2947 1173 ,

546 1224 674 1270 non
720 1212 1111 1270 κατακαλεῖν
1127 1254 1144 1288 ,
1194 1204 1362 1289 quod
1408 1205 1757 1270 absurdum
1804 1211 1916 1270 est.
1968 1203 2095 1270 Sed
2138 1206 2253 1272 ubi
2296 1212 2531 1270 voearet
2574 1202 2948 1269 restitueris

547 1312 760 1399 cogita
802 1330 997 1396 quam
1041 1310 1442 1377 incredibilia
1484 1318 1549 1376 et
1595 1332 1633 1377 a
1677 1318 1905 1376 natura
1948 1331 2164 1378 rerum
2210 1318 2276 1378 et
2318 1312 2653 1377 hominum
2702 1309 2946 1376 abhor-

546 1419 754 1483 rentia
798 1417 981 1482 nobis
1025 1415 1237 1503 Nepos
1280 1422 1508 1484 narret.
1570 1417 1779 1482 Omnes
1794 1466 1813 1502 ,
1861 1440 2005 1504 quos
2047 1424 2347 1482 invocatos
2387 1418 2634 1482 vidisset
2672 1418 2744 1480 in
2770 1416 2944 1502 soro,

548 1523 813 1610 quotidie
870 1525 1137 1589 vocabat.
1231 1521 1458 1589 Onus
1519 1520 1775 1589 autem?
1823 1524 1904 1590 ad
1949 1525 2116 1610 quod
2164 1522 2420 1590 difficile
2466 1528 2562 1589 est
2607 1543 2735 1589 non
2789 1521 2947 1587 sub·

549 1630 775 1695 ridere.
871 1629 1175 1707 lanceati,
1246 1630 1537 1705 ἄκλητοι,
1608 1635 1757 1695 sunt
1817 1631 2050 1717 quibus
2104 1629 2280 1696 domi
2342 1650 2468 1696 non
2527 1634 2695 1695 esset
2745 1645 2948 1694 coena

553 1744 732 1802 cocta
776 1738 1011 1822 quique
1055 1736 1290 1802 frustra
1334 1739 1733 1802 vocationem
1789 1738 2283 1822 quaesivissent,
2345 1737 2646 1822 parasiti,
2717 1736 2948 1818 inopes

552 1849 619 1908 et
663 1841 963 1908 famelici.
1022 1841 1159 1908 Hos
1204 1845 1413 1930 igitur
1449 1853 1661 1911 omns
1714 1843 1914 1907 Cimon
1959 1842 2224 1929 quotidie
2267 1844 2353 1906 ad
2392 1861 2626 1907 coenant
2672 1840 2945 1905 vocabat.

552 1946 786 2037 Nugae
846 1948 965 2014 hae
1010 1957 1161 2015 sunt
1221 1956 1288 2014 et
1347 1958 1525 2028 λῆρος
1572 1947 1787 2021 πολύς.
1881 1947 2236 2014 Videamus
2279 1949 2487 2033 igitur
2532 1946 2688 2032 quid
2736 1949 2831 2012 sit
2877 1947 2946 2009 in

551 2075 627 2121 ea
687 2074 755 2121 re
814 2055 973 2121 veri.
1073 2053 1248 2135 Quae
1308 2055 1522 2140 Nepos
1583 2053 1666 2120 de
1726 2051 2009 2120 Cimonis
2067 2052 2456 2119 liberalitate
2502 2059 2568 2119 et
2612 2051 2947 2133 Φιλοξενίᾳ

549 2166 767 2227 narrat
811 2164 1028 2227 omnia
1073 2168 1289 2226 sumta
1332 2166 1484 2226 sunt
1529 2180 1609 2226 ex
1656 2158 2052 2246 Theopompi
2096 2159 2262 2226 libro
2307 2159 2372 2224 X
2417 2159 2553 2239 περὶ
2605 2165 2720 2224 τῶν
2764 2158 2946 2232 ’Λθή-

552 2290 681 2343 νησι
748 2267 1158 2345 δημαγωγῶν.
1209 2265 1500 2332 Eundem
1549 2262 1948 2352 Theopompi
1993 2264 2207 2330 locum
2257 2268 2324 2330 in
2376 2286 2508 2331 rem
2559 2285 2745 2332 suam
2796 2284 2949 2331 con-

550 2379 882 2440 verterunt
927 2371 1314 2439 Plutarchus
1360 2377 1429 2439 in
1483 2373 1720 2439 Cimone
1762 2393 1896 2457 cap.
1945 2371 2030 2437 X.
2083 2377 2149 2437 et
2190 2370 2560 2439 Athenaeus
2603 2393 2754 2461 pag.
2784 2369 2945 2438 533.

550 2479 887 2546 Habemus
953 2482 1160 2567 igitur
1225 2478 1509 2544 eiusdem
1581 2480 1675 2544 rei
1742 2485 1869 2544 tres
1930 2483 2159 2562 testes,
2222 2477 2332 2543 sed
2390 2498 2470 2543 ne
2536 2482 2628 2544 sic
2673 2478 2941 2564 quidem

552 2586 862 2673 quasdam
911 2585 1319 2651 difficultates
1362 2584 1606 2651 solvere
1651 2604 2007 2670 possumus.
2101 2583 2315 2670 Nepos
2358 2591 2573 2651 narrat
2594 2583 2941 2652 Cimonem

553 2693 839 2779 quotidie
906 2711 1159 2765 omnes,
1235 2711 1393 2776 quos
1458 2693 1785 2756 invocatos
1853 2693 1921 2755 in
1988 2688 2125 2755 foro
2195 2689 2494 2768 vidisset,
2549 2690 2630 2756 ad
2675 2710 2941 2757 coenam

551 2819 801 2866 vocare.
897 2794 1344 2883 Theopompus
1406 2799 1542 2881 ipse
1603 2795 1798 2881 (apud
1861 2794 2263 2862 Athenaeum
2325 2793 2369 2861 1.
2396 2796 2474 2882 l.)
2519 2798 2741 2863 scribit
2785 2815 2944 2863 eum

553 2905 792 2971 δεῖπνον
850 2905 947 2969 ἀεὶ
1013 2904 1263 2975 εὐτελὲς
1321 2901 1906 2983 παρασκευάζεσθαι
1967 2910 2219 2973 πολλοῖς
2268 2902 2591 2982 ἀνθρώποις
2637 2903 2743 2968 καὶ
2797 2902 2941 2972 τοὺς

550 3013 923 3078 'Anopo‘r
931 3020 978 3076 C
1033 3016 1152 3075 τῶν
1204 3010 1536 3083 Ἀθηναίων
1584 3008 1885 3078 εἰσιόντας
1932 3006 2213 3072 δειπνεῖν.
2308 3006 2483 3088 Quae
2528 3008 2713 3075 aedes
2757 3010 2944 3074 erant

552 3125 689 3185 tam
753 3121 1069 3204 spatiosae
1125 3121 1201 3180 ut
1259 3114 1446 3181 illam
1510 3113 1998 3181 multitudinem
2065 3134 2286 3198 capere
2332 3111 2628 3199 possent?
2671 3120 2735 3180 et
2777 3116 2941 3180 satis

551 3231 802 3293 constat
846 3222 1214 3290 Miltiadem
1263 3228 1327 3287 et
1372 3219 1706 3288 Cimonem
1754 3220 2180 3287 mediocribus
2227 3222 2488 3288 aedibus
2533 3241 2680 3288 usos
2718 3222 2938 3287 fuisse.

551 3332 630 3399 cf.
698 3330 1191 3397 Demosthenem
1253 3330 1323 3393 in
1382 3328 1794 3394 Aristocraten
1851 3346 2001 3414 pag.
2051 3324 2205 3392 689.
2250 3325 2638 3393 Plutarchus
2682 3326 2799 3392 1.1.
2848 3327 2942 3390 ita

549 3443 800 3505 narrat:
863 3435 1093 3503 Cimon
1143 3433 1383 3499 δεῖπνον
1426 3432 1568 3499 οἴκοι
1617 3431 1769 3511 παρ’
1818 3434 1988 3513 αὐτῷ
2035 3432 2205 3498 λιτὸν
2253 3433 2366 3511 μὲν
2414 3434 2631 3513 ἐρκοῦν
2680 3432 2743 3499 δὲ
2789 3445 2942 3498 πολ-

554 3552 685 3617 λοῖς
733 3543 997 3618 ἐποιεῖτο
1042 3544 1177 3606 καθ’
1226 3539 1492 3620 ἡμέραν,
1546 3540 1652 3619 ἐφ’
1694 3536 1723 3603 ὃ
1765 3545 1883 3603 τῶν
1919 3539 2191 3613 πενήτων
2231 3539 2309 3604 'O
2339 3543 2940 3605 BOTAOMeNoc

554 3652 769 3735 sinite.
834 3651 911 3713 ef.
973 3646 1398 3713 Plutarchum
1459 3649 1528 3711 in
1588 3644 1828 3710 Pericle
1880 3644 2012 3711 lx:
2062 3643 2294 3712 Cimon
2338 3645 2752 3724 ἀνελάμβανε
2798 3645 2940 3714 τοὺς

554 3759 830 3832 πένητας
887 3756 1124 3820 δεῖπνον
1183 3753 1321 3817 καθ’
1384 3752 1613 3831 ἡμέραν
1674 3757 1840 3816 ΤΩΙ
1892 3758 2366 3817 ΔΘΟΜΕΝΩῙ
2415 3751 2710 3835 παρέχων
2754 3753 2938 3826 'Aon-

557 3864 759 3930 ναίων.
817 3860 1124 3948 Pugnant
1180 3860 1336 3924 haec
1400 3860 1802 3943 apertissime
1861 3878 2008 3922 eum
2057 3878 2270 3924 rerum
2319 3859 2780 3946 hominumque
2824 3878 2938 3924 na·-

555 3975 703 4036 tura
769 3973 837 4034 et
898 3966 1279 4053 pugnabunt
1342 3985 1591 4050 semper
1651 3961 1758 4037 ἓως
1821 3963 1898 4029 ἂν
1961 3967 1997 4041 ἦ
2061 3966 2221 4039 αὐτὴ
2281 3965 2470 4043 Φύσις
2515 3966 2830 4045 ἀνθρώπων
2878 3959 2933 4045 ᾖ.

556 4077 717 4144 Esto
783 4075 851 4138 τὸ
924 4072 1162 4139 δεῖπνον
1226 4073 1640 4156 quantumvis
1701 4073 1870 4135 λιτὸν
1932 4071 2038 4135 καὶ
2102 4070 2384 4150 εὐτελές,
2437 4089 2598 4157 quae
2643 4091 2791 4157 opes
2836 4071 2936 4135 his

557 4181 881 4250 sumtibus
926 4177 1212 4244 sufficere
1256 4180 1630 4264 potuissent,
1682 4178 1737 4241 si
1783 4178 1928 4262 quis
1972 4176 2241 4242 Athenis
2282 4178 2566 4263 quotidie
2603 4183 2721 4243 τῶν
2762 4177 2935 4252 muff-

558 4313 677 4356 των
734 4293 921 4352 TON
970 4291 1579 4351 BOTAOMeNON
1631 4282 1710 4349 ad
1756 4303 2020 4349 coenam
2065 4303 2288 4349 vocare
2332 4280 2680 4352 voluisset?
2773 4280 2936 4364 Quid

557 4398 646 4466 ait
689 4397 759 4462 ‘m
803 4394 909 4460 his
952 4395 1091 4462 veri
1129 4389 1541 4458 declarabunt
1580 4389 1708 4456 duo
1743 4393 2304 4477 peripateticorum
2339 4391 2655 4478 principes
2690 4392 2934 4458 Aristo·
