3192 5017
512 270 644 338 402
1507 289 1903 338 nnnono‘rus.

601 460 823 525 Nonne
872 461 1076 546 igitur
1125 464 1259 525 erat
1305 461 1460 525 satis
1506 458 1574 525 id
1619 461 1786 546 quod
1832 461 1962 526 sine
2007 462 2342 546 &emtione
2388 464 2608 548 ubique
2662 464 2896 528 factum

508 567 803 634 videmus
865 566 1064 631 semel
1126 563 1446 632 indicare?
1511 565 1766 652 Opinor.
1833 570 2494 635 Animadvertendum
2560 583 2658 634 est
2705 571 2902 633 obiter

507 694 584 738 ne
654 673 809 737 haec
877 673 1139 757 quidem
1201 673 1387 753 ζῶια,
1450 672 1697 758 (asama,
1763 676 2027 759 θρῆικες,
2096 678 2231 740 sine
2295 679 2459 741 vitio
2523 697 2697 756 esse,
2757 696 2900 739 nam

508 777 867 844 Herodotus
927 779 1080 846 Ἰαςὶ
1130 783 1465 863 scripserat
1511 779 1698 859 ζώϊα,
1746 778 1986 861 ζωϊδια,
2045 784 2334 859 Θρήϊκες,
2392 783 2623 859 Θρηΐκη
2675 788 2793 846 cet.
2843 788 2904 845 et

509 888 576 950 in
626 884 807 949 libris
855 891 950 949 est
995 882 1159 965 ζῷα,
1209 884 1424 966 ζῴδια,
1483 895 1736 967 Θρῇκες.
1787 886 2011 952 Peiora
2058 890 2254 952 etlam
2298 889 2453 954 haec
2495 897 2682 953 sunt:
2727 888 2904 972 quid·

511 993 665 1075 quid
728 990 1175 1057 adverbiorum
1239 993 1373 1056 exit
1430 994 1498 1056 in
1564 1030 1647 1038 —
1672 994 1819 1072 τέρω
1870 1002 1935 1057 et
1983 1030 2068 1043 —-
2096 993 2268 1057 τάτω
2316 1018 2538 1078 semper
2587 1005 2646 1057 et
2695 995 2901 1077 ubique

510 1097 702 1163 habet
746 1099 815 1160 in
854 1095 992 1161 AB
1034 1098 1186 1162 ἰῶτα
1227 1097 1648 1182 adscriptum,
1697 1098 2099 1177 προσωτέρωι,
2141 1099 2474 1179 ὥνωτέρωι,
2516 1101 2900 1181 κατωτέρω,

512 1202 858 1281 {naenia-coc,
900 1202 1295 1285 ἀγχοτάτωι.
1346 1202 1511 1268 Sunt
1551 1207 1746 1270 etiam
1787 1206 2096 1290 quaedam
2139 1206 2322 1291 plane
2367 1207 2641 1272 absurda
2677 1206 2900 1272 veluti:

511 1310 801 1390 πέρσεωι,
865 1310 1104 1386 δοκέωι,
1164 1307 1375 1393 οὕτωι,
1441 1305 1608 1387 ebesa,
1661 1311 1970 1395 ἁρρωιδιῆ,
2022 1312 2416 1390 ἀρρωδήσας.
2514 1311 2748 1400 Apage
2791 1312 2900 1375 has

511 1413 819 1502 ineptias:
869 1424 932 1482 et
979 1419 1236 1482 omnino
1284 1437 1501 1482 omnes
1549 1420 1903 1483 scribarum
1951 1439 2223 1501 errores,
2273 1420 2375 1481 ubi
2420 1421 2495 1482 de
2544 1441 2687 1482 nera
2725 1423 2904 1500 corip-

513 1530 653 1587 tura
701 1525 873 1586 nulla
918 1530 1002 1587 eet
1049 1524 1361 1587 dubitatio·
1384 1548 1415 1575 ο
1461 1521 1725 1588 Constat
1773 1526 1939 1589 inter
1984 1545 2203 1589 omnes
2255 1526 2432 1589 verbi
2475 1522 2742 1605 ἔρχομαι
2783 1526 2902 1587 im·

518 1630 862 1714 perfectum
932 1631 994 1692 in
1044 1628 1219 1693 Ionia
1267 1650 1398 1693 esse
1448 1631 1555 1705 ἤϊα
1580 1676 1595 1707 ,
1649 1630 1781 1707 ἤϊε,
1833 1632 2012 1706 ἤϊσαν
2036 1680 2053 1714 ,
2107 1652 2256 1694 cum
2305 1632 2604 1696 omnibus
2651 1650 2904 1714 compo·

515 1737 675 1800 sitis.
768 1735 993 1800 Nonne
1055 1735 1404 1800 absurdum
1469 1744 1565 1800 est.
1624 1737 1827 1821 igitur
1883 1734 1996 1800 111.
2050 1735 2134 1802 74
2184 1757 2294 1820 pro
2344 1737 2528 1810 ἤϊσαν
2576 1736 2782 1801 afferri
2827 1756 2901 1799 ex

514 1841 732 1905 libris:
802 1835 1005 1915 ἤισαν,
1075 1838 1265 1918 ἦσαν,
1317 1841 1539 1918 ἤεσαν,
1592 1840 1839 1925 ἥκεσαν,
1892 1842 2140 1919 ἠίεσαν,
2188 1842 2397 1923 ἵεσαν,
2447 1843 2630 1916 ἵησαν
2676 1850 2742 1907 et
2787 1843 2904 1914 εἴη·

515 1943 674 2011 σανῖ
738 1952 851 2011 aut
912 1946 1018 2012 VI.
1085 1946 1168 2010 46
1232 1968 1343 2032 pro
1408 1948 1657 2026 προσήϊε
1722 1949 1912 2013 scribi
1961 1949 2269 2032 προσήκει,
2321 1952 2607 2029 προσῆει,
2661 1950 2899 2026 προσείη

520 2058 584 2116 et
631 2050 956 2132 npooeelne?

606 2160 707 2224 Ad
775 2159 1048 2225 eundem
1118 2162 1323 2246 igitur
1391 2160 1657 2225 modum
1720 2180 1956 2247 magna
2019 2163 2119 2227 vis
2179 2160 2529 2226 lectionum
2594 2160 2781 2225 nihili
2827 2181 2902 2225 ex

519 2264 855 2350 Apparatu
900 2287 1048 2331 vere
1104 2264 1328 2330 Critico
1375 2267 1698 2331 exturbari
1747 2269 2016 2350 poterit:
2067 2267 2144 2332 de
2183 2288 2308 2350 qua
2349 2288 2417 2331 re
2458 2269 2711 2351 saepius
2751 2266 2902 2331 alias

524 2371 781 2436 dabitur
826 2371 1074 2436 dIcendi
1122 2371 1329 2450 locus,
1374 2394 1541 2436 nunc
1590 2373 1670 2437 ad
1719 2372 1844 2436 alia
1890 2392 2174 2457 propero.

608 2477 856 2562 Nempe
906 2477 983 2542 de
1031 2476 1151 2542 fide
1199 2484 1263 2542 et
1311 2481 1687 2543 auctoritate
1735 2480 1933 2542 trium
1984 2475 2292 2543 Codicum
2343 2499 2579 2566 magna
2625 2480 2902 2563 quaestio

521 2595 634 2650 est.
730 2584 794 2649 A
852 2596 916 2649 et
980 2585 1031 2649 B
1080 2585 1205 2649 duo
1252 2586 1678 2649 vetustissimi
1726 2591 1860 2649 tam
1909 2583 2180 2650 fideliter
2227 2587 2392 2649 inter
2441 2607 2507 2649 se
2555 2587 2904 2670 conspirant

520 2693 714 2756 etiam
780 2693 847 2755 in
909 2691 1365 2755 minutioribus
1431 2712 1577 2753 cum
1639 2693 1985 2777 perexigua
2033 2698 2285 2754 tantum
2334 2691 2790 2775 discrepantia,
2837 2698 2906 2752 ut

517 2802 761 2862 constet
831 2800 999 2862 inter
1066 2817 1284 2861 omnes
1356 2797 1501 2859 duos
1571 2797 1674 2859 hos
1737 2797 1922 2861 libros
1971 2819 2087 2879 pro
2153 2819 2267 2859 uno
2329 2808 2388 2859 et
2451 2799 2646 2861 eodem
2710 2797 2906 2859 baberi

510 2925 698 2985 posse.
753 2910 966 2980 „tanta
1010 2909 1150 2966 sunt
1196 2907 1350 2965 inter
1389 2925 1451 2964 se
1488 2902 1882 2965 similitudine
1920 2909 1987 2965 ut
2016 2903 2160 2987 fere
2202 2907 2378 2965 unius
2403 2903 2596 2966 instar
2626 2904 2786 2985 sint,
2812 2924 2908 2965 nec

518 3015 711 3071 tamen
772 3015 943 3071 tanta
1004 3017 1070 3072 ut
1131 3009 1285 3070 alter
1345 3030 1415 3070 ew
1460 3008 1648 3070 altero
1696 3007 2028 3090 descriptus
2074 3008 2388 3071 videatur''
2439 3016 2512 3072 ut
2559 3011 2906 3074 rectissime

519 3113 764 3178 iudicat
809 3113 985 3179 Stein
1033 3136 1175 3200 pag.
1228 3111 1438 3176 XXII.
1487 3108 1826 3177 Miraberis
1868 3120 2084 3177 autem
2125 3114 2194 3176 in
2233 3112 2415 3178 libris
2455 3120 2590 3180 tam
2635 3116 2905 3199 antiquis

520 3224 654 3284 tam
703 3241 933 3304 paucas
980 3221 1171 3286 bonas
1220 3225 1284 3285 et
1331 3238 1511 3284 veras
1559 3222 1903 3303 scripturas
1949 3220 2232 3303 reperiri.
2323 3219 2645 3285 Pauculas
2691 3219 2903 3285 sedulo

521 3329 783 3392 corrasit
831 3326 1007 3392 Stein
1053 3327 1278 3391 hasce:

729 3431 778 3497 I.
839 3432 997 3498 1103
1048 3439 1162 3496 τῶν
1210 3432 1521 3503 Βουκόλων
1570 3438 1686 3496 τῶν
1737 3451 1848 3516 pro
1898 3434 1999 3495 τὸν
2046 3429 2340 3509 βουκόλον
2390 3432 2517 3496 τόν.

662 3537 779 3602 ΙΙΙ.
837 3538 995 3604 1103
1050 3540 1147 3604 δεῖ
1189 3559 1302 3622 pro
1353 3537 1447 3614 δή.

672 3642 780 3707 IV.
833 3643 1001 3711 1033
1050 3643 1505 3724 ἐπαναχθέντες
1554 3665 1667 3728 pro
1715 3643 2210 3725 ἑπαναχθέντας.

712 3748 786 3813 V.
840 3750 1001 3814 lll:
1053 3748 1225 3827 γένος
1275 3750 1387 3825 μὲν
1436 3750 1551 3828 κὰρ
1601 3751 1685 3813 τὰ
1735 3750 1798 3815 δέ
1847 3770 1957 3834 pro
2005 3750 2331 3826 γενόμενος
2382 3750 2586 3829 κάρτα
2639 3752 2726 3817 δέ.

703 3855 784 3921 V.
840 3855 1001 3921 119:
1054 3853 1424 3935 λάβραυνδα
1473 3876 1583 3939 pro
1632 3855 1964 3935 λάβρανδα
2014 3865 2079 3920 et.
2126 3855 2474 3935 λα’βρυνδα.

648 3960 784 4026 VII.
883 3962 1004 4027 60:
1056 3960 1411 4039 συνήγαγόν
1463 3985 1533 4024 τε
1580 3981 1693 4045 pro
1733 3961 2181 4039 συνηγαγοντο.

607 4065 787 4131 VIII.
843 4066 1001 4133 137:
1056 4068 1281 4142 ὀπτώιη
1332 4088 1445 4152 pro
1496 4068 1757 4148 ὄπτῴτο.

669 4169 786 4234 ΙΧ.
881 4171 1004 4235 663
1056 4174 1521 4251 κατηρτημένως
1574 4197 1687 4259 pro
1737 4199 1846 4239 κατ
1865 4177 2257 4254 ηρτισμένως.

608 4272 813 4352 Quam
864 4277 992 4340 sint
1031 4276 1182 4343 haec
1222 4279 1393 4345 levia
1433 4286 1496 4345 et
1537 4281 1730 4346 exilia
1768 4283 1969 4346 vides.
2019 4282 2213 4347 Estne
2251 4302 2408 4367 opus
2447 4281 2612 4350 libro
2655 4296 2900 4353 vetusto

516 4385 587 4442 ut
632 4399 743 4461 pro
791 4379 860 4452 δή
913 4394 1249 4467 reponatur
1296 4386 1419 4464 δεῖ,
1475 4400 1586 4452 aut
1627 4390 1744 4452 τῶν
1786 4387 2100 4466 βουκόλων
2135 4410 2251 4475 pro
2290 4391 2391 4455 τὸν
2430 4389 2761 4471 βουκόλον,
2791 4400 2897 4459 aut
