3192 5017
559 236 695 309 234
1558 256 1946 313 sornocnm.

556 454 912 518 possumus.
1008 432 1097 498 Ut
1157 434 1222 498 in
1284 438 1610 519 posterum
1671 457 1744 500 ea
1806 436 1883 502 de
1944 458 2011 502 re
2072 443 2357 504 constare
2418 442 2657 523 possit,
2724 460 2925 507 omnes

555 539 726 605 locos
775 540 936 605 dabo
982 541 1049 604 in
1098 561 1252 624 quos
1297 539 1517 605 incidi.
1588 542 1807 629 Antig.
1859 542 1992 609 403
2054 541 2271 618 ξυνιεῖς
2293 593 2310 628 ,
2386 544 2541 612 Oed.
2589 545 2743 634 Tyr.
2805 546 2925 612 628

557 642 810 723 ξυνιεῖς,
876 643 1006 710 Oed
1092 644 1245 732 Tyr.
1311 644 1442 710 688
1491 654 1767 726 παριεῖς,
1814 647 2047 713 Electr.
2097 648 2230 713 596
2276 653 2425 735 ἱεῖς,
2473 651 2706 718 Electr.
2767 651 2927 719 1347

559 752 815 836 ξυνιεῖς,
863 751 1140 817 Philoot.
1191 750 1322 816 992
1369 750 1589 836 τιθεῖς,
1627 753 1859 819 Alcest.
1902 753 2037 820 890
2075 754 2296 840 τιθεῖς,
2337 757 2510 823 Med.
2555 757 2687 823 456
2731 761 2926 841 ἀνιεῖς,

559 857 867 923 Androm.
932 856 1064 921 210
1113 856 1345 942 τιθεῖς,
1396 857 1597 923 Orest.
1658 856 1830 923 1186
1880 859 2231 940 ὑποτιθεῖς,
2280 861 2534 935 Heracl.
2587 862 2718 928 690
2765 888 2929 944 προσ·-

562 963 798 1039 τιθεῑς,
859 964 1074 1029 Hercl.
1126 965 1249 1029 fur.
1303 962 1433 1031 ’710
1484 962 1878 1045 προστιθεῖς,
1934 967 2066 1033 Ion.
2117 965 2243 1034 ’741
2297 967 2531 1046 τιθεῖς,
2581 969 2712 1035 Ion.
2767 970 2927 1035 1525

562 1068 911 1149 προστιθεῖς
934 1120 951 1154 ,
1013 1070 1241 1136 Helen.
1310 1069 1439 1135 549
1504 1070 1885 1157 προστιθεῖς,
1950 1073 2129 1161 Cycl.
2182 1074 2312 1140 545
2361 1074 2596 1161 τιθεῖς,
2642 1076 2760 1163 Eq.
2811 1077 2928 1145 717

562 1175 823 1247 ἐντιθεῖς
842 1227 859 1261 ,
918 1176 1185 1265 Lysistr.
1239 1175 1371 1242 895
1418 1176 1719 1249 διατιθεῑς
1740 1226 1756 1255 ,
1807 1179 2079 1264 denique
2124 1178 2301 1246 Plut.
2351 1181 2436 1246 45
2481 1180 2723 1258 ξυνιεῖς.
2815 1187 2931 1249 Ae·

560 1283 769 1371 schyli
827 1283 999 1350 locos
1049 1284 1256 1350 nescio
1303 1283 1621 1370 quomodo
1668 1284 1929 1372 neglexi
1976 1284 2276 1373 colligere
2296 1337 2313 1372 ,
2361 1288 2472 1354 sed
2515 1289 2683 1374 apud
2729 1290 2927 1357 Plato·

557 1411 702 1455 nem
755 1389 972 1467 ξυνιεῖς
1020 1389 1262 1478 legitur
1309 1388 1585 1475 Sophist.
1632 1387 1764 1455 238
1789 1390 1843 1455 E
1885 1396 1949 1456 et
1988 1390 2121 1456 243
2146 1392 2202 1457 Β
2240 1396 2307 1458 in
2345 1392 2576 1460 Codice
2600 1394 2932 1463 Oxoniensi

560 1502 626 1560 et
671 1495 828 1581 Rep.
883 1494 1013 1562 347
1039 1499 1096 1560 A
1142 1498 1208 1560 in
1255 1493 1486 1562 Codice
1529 1496 1842 1562 Parisino·

647 1712 999 1779 Dubitatur
1036 1715 1396 1798 potueritne
1430 1711 1771 1798 Sophocles
1808 1713 2190 1798 particulam
2218 1713 2295 1779 ἄν
2319 1718 2616 1781 omittere
2640 1715 2740 1782 ΕΙ.
2767 1715 2926 1782 914:

1006 1821 1158 1884 ἀλλ’
1207 1819 1337 1884 οὐδὲ
1387 1819 1500 1895 μὲν
1549 1819 1620 1893 δὴ
1666 1819 1891 1898 μητρὸς
1941 1818 2076 1885 οὔθ’
2126 1822 2153 1885 ὂ
2203 1825 2333 1894 νοῦς
2381 1827 2567 1901 Φιλεῒ

1005 1933 1269 1993 τοιαῦτα
1315 1926 1652 2011 πράσσειν,
1702 1930 1842 1993 οὔτε
1887 1929 2058 2007 spec·
2106 1927 2580 1994 ἐλάνθανεν.

552 2034 682 2101 Hic
742 2035 1107 2100 Nauckius:
1158 2031 1498 2099 ἐλάνθανεν
1545 2035 1694 2098 ohne
1739 2033 1849 2112 ἄν,
1904 2057 2001 2098 um
2047 2037 2158 2100 das
2198 2036 2424 2100 sicbere
2469 2037 2789 2101 Eintreten
2833 2039 2931 2103 der

555 2141 741 2222 Folqe
807 2164 882 2205 zu
948 2142 1325 2205 bezeichnen:
1402 2140 1563 2206 noch
1625 2140 1795 2205 blieb
1863 2144 1956 2206 sie
2015 2143 2400 2230 verborgen,
2464 2166 2630 2207 wem:
2693 2145 2785 2208 eie
2841 2145 2929 2207 dio

559 2248 845 2311 Pkc‘iterin
889 2254 1068 2311 wc‘ire.
1115 2246 1260 2332 Ipse
1307 2251 1522 2312 tamen
1566 2252 1784 2331 postea
1830 2249 1897 2311 in
1942 2246 2344 2333 Appendice,
2393 2252 2626 2315 reiecta
2670 2249 2926 2315 Heathii

554 2355 915 2438 suspicione
984 2350 1283 2419 ἐλάνθαν’
1348 2349 1459 2430 ἄν,
1523 2351 1746 2418 laudat
1807 2352 2116 2419 Meinekii
2176 2358 2634 2441 conjecturam:
2711 2355 2924 2432 ἔληθεν

547 2454 623 2522 ἄν
642 2507 661 2541 ,
725 2461 818 2524 ita
878 2464 953 2524 ut
998 2460 1233 2525 dixeris
1279 2460 1390 2522 das
1436 2458 1755 2523 Eintreten
1800 2461 1907 2523 der
1949 2461 2142 2542 Folye
2186 2467 2398 2526 tamen
2443 2481 2568 2526 non
2615 2473 2753 2526 tam
2804 2482 2923 2528 esse

547 2570 815 2629 certum.
910 2564 1316 2630 Linwoodius
1377 2570 1716 2650 postquam
1773 2565 1851 2630 de
1913 2565 2224 2633 Elmsleio
2279 2567 2536 2646 retulit,
2593 2571 2700 2634 cui
2751 2569 2922 2634 ἐλάν·

549 2668 739 2735 θανεν
803 2671 976 2736 idem
1047 2678 1144 2737 est
1213 2670 1376 2756 quod
1449 2671 1659 2746 λήσειν
1730 2669 1986 2749 ἔμελλε,
2056 2672 2283 2739 deinde
2342 2673 2596 2739 dubitat
2660 2695 2745 2739 an
2809 2695 2920 2740 nou

544 2777 739 2843 verba
800 2779 894 2842 ita
938 2777 1303 2861 exponenda
1350 2778 1513 2853 sint,
1563 2784 1640 2842 ut
1684 2798 1810 2843 non
1856 2778 2009 2862 quid
2055 2778 2299 2844 factura
2347 2778 2573 2855 fuerit,
2621 2781 2732 2845 sed
2784 2780 2922 2867 quid

544 2903 746 2968 nuper
808 2883 1028 2948 fecerit
1090 2883 1597 2970 Clytaemnestra
1619 2930 1636 2962 ‚
1698 2885 2097 2968 respiciatur.
2193 2884 2366 2950 Mihi
2427 2884 2684 2969 quidem
2735 2886 2918 2952 aliam

543 2991 716 3055 viam
766 2989 1017 3076 ingredi
1065 2988 1273 3073 placet
1320 2994 1384 3054 et
1424 2988 1744 3075 praefero:
1790 2988 1932 3055 οὔτε
1976 2992 2235 3069 δρῶσα
2284 2989 2765 3056 λανθάνειν.
2816 2992 2921 3056 Est

542 3094 664 3160 hoc
705 3094 890 3160 facile
930 3093 1262 3160 intellectu
1302 3100 1366 3160 et
1407 3094 1799 3179 corruptelae
1823 3116 2012 3162 causa
2037 3103 2316 3182 apparet.
2366 3095 2439 3160 In
2465 3100 2918 3163 constructione

543 3206 639 3265 est
701 3201 1014 3286 quaedam
1063 3199 1446 3266 excusabilis
1492 3199 1893 3287 negligentia
1913 3248 1928 3278 ‚
1978 3223 2139 3287 quae
2187 3202 2339 3268 fecit
2385 3209 2460 3267 ut
2510 3205 2742 3268 vitium
2789 3208 2918 3267 tam

545 3306 659 3371 diu
705 3306 1126 3372 incorrectum
1172 3306 1419 3372 lateret.
1471 3304 1638 3371 Sunt
1684 3313 1901 3373 autem
1940 3307 2374 3396 negligentiae
2412 3307 2621 3373 multo
2658 3309 2920 3373 maiores

541 3410 695 3476 Eur.
742 3412 932 3479 Herc.
980 3413 1102 3478 fur.
1151 3411 1320 3478 858:

816 3517 980 3595 ἥλιον
1025 3518 1683 3599 μαρτυρόμεσθα
1733 3520 1947 3600 δρῶσ’
1994 3512 2039 3586 ἃ
2085 3520 2229 3599 δρᾶν
2276 3520 2342 3584 οὗ
2390 3520 2747 3604 βούλομαι.,

544 3629 613 3692 in
659 3626 878 3691 eadem
924 3624 1142 3691 fabula
1185 3647 1280 3691 vs.
1331 3625 1542 3691 1206:

904 3733 1385 3809 ἱκετεύομεν
1433 3733 1606 3814 ἀμφὶ
1655 3733 1774 3798 σὰν

907 3838 1200 3917 γενειάδα
1250 3841 1354 3904 καὶ
1406 3837 1555 3917 γόνυ
1602 3840 1708 3905 καὶ
1755 3840 1920 3921 χέρα
1967 3840 2538 3919 προσπίτνων.,

539 3948 692 4014 Eur.
738 3945 873 4012 Ion.
929 3943 1138 4010 1250:

811 4052 1171 4133 πρόσπολοι,
1220 4050 1746 4128 διωκόμεσθα
1794 4052 2167 4130 θανασίμους
2217 4052 2317 4117 ἐπὶ
2366 4050 2636 4132 σφαγεὶς

810 4161 1008 4242 Πυθίᾳ
1054 4158 1250 4239 ψήφῳ
1298 4156 1812 4237 κρατηθεῖσ’,
1862 4157 2103 4231 ἔκδοτος
2157 4157 2217 4223 δὲ
2264 4159 2617 4237 γΙγνομαι.,

539 4269 810 4353 denique
857 4266 1009 4333 Eur.
1057 4264 1195 4351 Iph.
1245 4264 1437 4331 Taur.
1487 4263 1656 4332 349:

1084 4378 1185 4440 νῦν
1232 4374 1286 4439 δ’
1333 4369 1402 4450 ἐξ
1447 4373 1676 4456 ὀνείρων
1723 4368 1870 4439 οἷο-ιν
1918 4369 2405 4454 ἠγριώμεθα
