3192 5017
908 321 994 369 An
1038 320 1261 369 novun
1307 320 1797 369 mmmmm-un.
2407 302 2538 372 289

204 493 334 579 quid
387 501 440 558 et
499 505 563 557 tu
606 516 678 557 ex
720 493 1037 576 dieoffltie
1081 493 1210 556 eiu-5
1258 492 1369 556 es?
1415 497 1512 568 et,
1560 491 1786 557 Nonne
1833 513 1935 572 eyo
1981 499 2037 556 te
2081 493 2212 556 vidi
2259 499 2324 557 in
2368 495 2536 559 horto

202 622 310 662 em
360 600 514 663 illo?
569 599 902 665 Nostrates
960 605 1179 663 autem
1242 618 1366 663 non
1413 601 1568 663 satis
1617 598 2026 663 attenderunt
2072 599 2151 663 ad
2198 599 2539 665 discrimen

200 709 337 771 inter
394 707 457 770 οὖ
524 712 586 771 et
653 707 774 783 μήτ
851 712 1173 770 verterunt
1242 707 1449 769 enim:
1514 705 1613 767 I‘hz
1669 715 1766 789 σφι
1826 705 1965 767 oock
2023 704 2113 790 μὴ·
2155 710 2281 769 niet
2325 713 2427 790 ayt
2468 711 2539 769 de

201 812 482 896 discipelen
536 836 655 876 van
716 814 893 875 dezen
954 809 1263 875 mensche?
1310 818 1403 887 et,
1457 811 1556 874 En
1601 810 1707 896 εῇὐ
1751 811 1890 874 oock
1935 812 2027 897 92:7⁹
2068 811 2193 875 niet
2239 818 2342 896 πφδ
2385 813 2539 897 αῇιιο

199 919 530 1000 ἅὲ-ιοὴιοίοκ.7
589 924 690 1002 et,
754 918 955 983 Ησόὀο
999 917 1062 980 ik
1108 940 1149 980 u
1195 918 1323 981 niet
1360 917 1565 1000 θεείου
1613 917 1680 980 in
1727 918 1842 981 den
1887 918 2007 1004 hof
2052 924 2165 981 met
2215 918 2393 981 hem?
2438 917 2539 983 Ne

200 1022 585 1112 Visseringius
655 1024 910 1110 quidem
975 1024 1131 1088 satis
1195 1029 1398 1088 recte:
1471 1024 1593 1109 szt
1655 1024 1763 1087 ook
1814 1024 1907 1109 ,ᾳῇ
1949 1023 2257 1087 mis-schiera
2304 1046 2422 1088 van
2466 1026 2541 1088 de

196 1130 480 1211 leerlinqen
524 1132 690 1194 deus
736 1131 1037 1193 menschen
1055 1129 1091 1192 ‚7
1136 1129 1353 1193 Etiam
1400 1128 1629 1195 Franci
1671 1149 2029 1214 perperam:
2083 1131 2149 1195 N
2156 1130 2336 1195 ’es-tu
2363 1136 2541 1214 point

192 1238 328 1301 aussi
366 1238 469 1301 dec
510 1237 792 1320 disciplet
837 1238 911 1299 de
954 1247 1039 1299 cet
1084 1237 1304 1299 homme
1320 1234 1357 1298 2⁹

261 1450 571 1516 XXXIII.
619 1449 768 1515 Act.
816 1452 1035 1535 Apost.
1092 1448 1196 1515 10.
1238 1448 1372 1514 2οε
1424 1450 1676 1530 πορεύου
1725 1449 1833 1514 σὺν
1881 1449 2095 1522 αὐτοῖς
2144 1448 2335 1527 μηδὲν
2380 1448 2542 1512 δια-

188 1555 646 1633 κρινόμενος.
717 1555 944 1621 Malim
1010 1557 1178 1622 fere:
1227 1555 1880 1635 διακρινώμενος.
1927 1554 2125 1620 Recte
2174 1554 2383 1620 editur
2435 1555 2539 1616 ll.

188 1662 288 1725 12:
347 1658 480 1727 εἶπε
543 1662 606 1728 δὲ
669 1663 738 1726 τὸ
798 1665 1047 1739 πνεῦμά
1093 1685 1196 1740 μοι
1245 1659 1566 1727 συνελθεῖν
1612 1665 1822 1733 αὐτοῖς
1873 1661 2061 1738 μηδὲν
2109 1661 2539 1741 διακρίναντα,

183 1789 285 1833 non
327 1770 725 1849 διακρίνοντα.
775 1766 901 1833 Sed
949 1788 1240 1853 praesens
1287 1776 1542 1853 tempus
1582 1769 1741 1835 bene
1782 1789 1847 1834 se
1886 1768 2079 1834 habet
2115 1766 2329 1832 Jacob.
2378 1768 2436 1831 1.
2466 1764 2534 1829 6:

185 1875 404 1940 αἰτείτω
452 1876 506 1941 δ’
555 1876 616 1940 ἐν
665 1875 831 1943 πίςει
883 1873 1071 1952 μηδὲν
1110 1874 1551 1955 διακρινόμενος
1591 1884 1657 1939 et
1697 1875 2037 1940 discrimen
2077 1871 2256 1939 nullo
2280 1872 2538 1958 negotio

181 1989 430 2066 apparet.

256 2190 559 2258 XXXIV.
625 2190 869 2257 Dubito
929 2210 1011 2255 an
1071 2197 1239 2258 recte
1283 2192 1599 2258 scribatur
1644 2191 1793 2257 Act.
1847 2194 1950 2258 13.
2003 2189 2124 2256 50:
2171 2192 2223 2256 οἱ
2272 2190 2334 2255 δὲ
2386 2191 2534 2254 Ἰου-

184 2293 311 2362 δαῖοι
357 2299 565 2379 παρώ
587 2323 627 2362 τ
641 2322 834 2379 ρυνα
858 2323 886 2361 ν
936 2301 1054 2369 τοὶς
1095 2297 1443 2376 σεβομένας
1485 2306 1791 2375 γυναῖκας
1832 2299 1951 2370 τὰς
1990 2297 2381 2377 εὐσχήμονας
2426 2297 2532 2362 καὶ

182 2404 298 2475 τοὺς
357 2407 620 2484 πρώτους
684 2412 795 2478 τῆς
865 2405 1122 2469 πόλεως.
1218 2404 1403 2479 Quod
1452 2407 1518 2467 in
1568 2402 1838 2491 vulgata
1882 2405 2168 2470 versione
2215 2409 2343 2468 est-t
2398 2426 2532 2467 con-

183 2508 518 2595 citaverunt,
579 2510 648 2574 id
713 2510 891 2574 ducit
952 2512 1167 2596 potius
1224 2511 1304 2574 ad
1352 2508 1826 2589 παρώξυναν
1874 2516 1940 2575 et
1987 2510 2344 2595 frequenter
2389 2530 2534 2575 con·

182 2613 500 2683 funduntur
555 2617 798 2695 ὀτρῦναι
863 2621 928 2680 et
988 2615 1229 2693 δξῦναι,
1296 2616 1476 2682 velut
1521 2615 1564 2681 2
1610 2616 1818 2685 Mace.
1867 2614 1931 2681 9.
1981 2614 2044 2681 7.
2094 2616 2171 2680 In
2218 2616 2419 2682 simili
2465 2637 2532 2681 re

181 2720 618 2789 substantivum
666 2718 1060 2802 παροξυσμός
1105 2723 1245 2786 Act.
1305 2722 1406 2787 15.
1457 2721 1566 2787 39.

252 2934 503 3000 XXXV.
555 2919 820 3022 Col-rige
866 2934 1014 3000 Act.
1061 2937 1285 3019 Apost.
1342 2934 1448 3003 17.
1499 2934 1576 3000 6:
1637 2936 1688 2999 οἱ
1737 2937 1847 3011 τὴν
1891 2935 2240 3012 οἰκουμένην
2285 2936 2531 3002 ἄνατα-

179 3042 455 3115 τώσαντες
520 3036 764 3127 [οὗτοι
831 3040 995 3128 καὶ]
1067 3040 1289 3106 ἐνθάδε
1336 3041 1651 3120 πάρεισιν,
1699 3037 1796 3113 οὓς
1846 3040 2241 3107 ὑποδέδεκται
2290 3042 2527 3107 Ἰοὶσων.

250 3253 556 3322 XXXVI.
620 3252 794 3319 Mira
856 3254 1139 3342 legimus
1200 3253 1346 3319 Act.
1410 3256 1631 3341 Apost.
1684 3254 1787 3320 19·
1844 3254 1926 3320 16
1976 3256 2053 3321 de
2098 3256 2332 3322 Scevae
2377 3256 2533 3323 filiis

180 3367 391 3445 septem,
452 3364 566 3448 qui
628 3360 910 3426 Paulum
978 3361 1217 3426 imitati
1264 3367 1329 3425 et
1374 3367 1753 3445 usurpantes
1800 3364 2015 3447 ipsum
2062 3361 2215 3428 Jesu
2259 3384 2490 3429 nomen
2513 3410 2530 3441 ‚

182 3462 511 3533 immundos
568 3470 833 3552 spiritus
882 3466 1323 3531 exturbabant.
1420 3466 1705 3551 Impium
1754 3468 2000 3533 facinus
2043 3468 2109 3532 id
2159 3476 2311 3534 tunc
2357 3469 2534 3535 vide-

182 3566 370 3654 batur,
430 3592 820 3658 quamquam
883 3573 1019 3656 ipse
1081 3570 1268 3637 Jesus
1333 3571 1409 3636 de
1455 3572 1573 3637 tali
1622 3593 1688 3637 re
1736 3572 1945 3638 multo
1992 3572 2178 3638 aliter
2215 3575 2534 3660 judicavit

180 3672 348 3743 Marc.
411 3679 472 3744 9.
526 3677 632 3744 39.
692 3677 932 3743 Verum
980 3675 1219 3742 Scevae
1267 3675 1385 3742 filii
1433 3697 1556 3743 non
1606 3679 2094 3744 contemnendas
2140 3700 2371 3764 poenas
2417 3681 2532 3745 ali-

180 3786 394 3864 quando
442 3786 779 3860 dederunt,
831 3804 978 3848 nam
1030 3791 1249 3853 exacto
1296 3786 1528 3868 spiritu
1574 3784 1961 3863 ἐφαλόμενος
2008 3787 2035 3849 ὅ
2072 3783 2387 3866 ἄνθρωπος
2431 3788 2529 3849 ἐπ’

182 3889 410 3967 αὐτούς,
459 3893 519 3956 ἐν
569 3886 611 3973 ᾧ
660 3886 727 3964 ἦν
774 3893 844 3954 τὸ
897 3896 1148 3967 πνεῦμα
1196 3890 1267 3953 τὸ
1316 3890 1591 3969 πονηρόν,
1639 3894 2132 3971 κατακυριεύσας
2175 3893 2533 3973 ἀμφοτέ-

180 4016 290 4067 ρων
350 3998 571 4078 ἴσχυσε
620 3999 762 4061 κατ’
812 3998 1032 4061 αὐτῶν.
1127 3994 1308 4061 Itane
1357 3996 1702 4084 legendum
1753 3997 2140 4078 ἀμφοτέρων,
2189 4019 2338 4064 cum
2385 4019 2526 4082 sep-

181 4107 284 4165 tem
343 4101 588 4170 essent?
651 4101 773 4168 Sed
821 4103 899 4167 de
945 4094 1381 4167 emendatione
1427 4124 1506 4167 ne
1556 4110 1868 4188 punctum
1917 4104 2178 4188 quidem
2224 4106 2530 4189 temporis

181 4203 564 4275 dubitandum
633 4214 746 4274 est.
844 4207 1108 4294 Corrige
1155 4208 1406 4285 ἄφνω.
1484 4208 1641 4273 Vide
1692 4211 1746 4273 si
1793 4211 1959 4273 tanti
2003 4216 2101 4274 est
2144 4209 2263 4275 hoc
2309 4209 2529 4276 adver-

181 4309 327 4378 bium
384 4315 565 4392 ἄφνω
630 4316 773 4379 Act.
840 4318 1060 4398 Apost.
1112 4312 1222 4380 28.
1275 4313 1338 4379 6.
1393 4313 1537 4380 Non
1588 4316 1862 4380 arbitror
1909 4314 2159 4380 futuros
2205 4317 2317 4399 qui
2364 4337 2533 4383 nunc

180 4420 314 4485 mihi
357 4420 806 4487 contradicant.

2279 4543 2343 4592 19
