3192 5017
513 254 598 322 64
1494 274 1893 327 mmm.

509 446 652 515 Hoc
696 454 867 516 recte
913 452 1160 517 dictum
1208 454 1339 534 est,
1387 469 1538 515 nam
1585 452 1801 524 πλωτη
1849 450 1987 515 erat
2030 467 2104 513 ea
2149 439 2399 523 insula,
2441 446 2611 532 quod
2646 447 2903 535 Diony·

510 557 644 621 sius
711 576 901 642 supra
961 564 1345 622 narraverat.
1439 556 1562 622 Sed
1624 559 1690 621 in
1751 554 2081 641 Euripidis
2139 552 2288 620 Ione
2351 555 2546 639 primi
2591 552 2902 619 versiculi

509 667 694 739 sunt,
741 664 852 748 qui
900 666 993 729 ita
1041 665 1109 727 in
1157 661 1336 728 libris
1380 665 1724 751 leg-untur·

1036 772 1289 841 ’Ἄτλας
1338 770 1366 834 ὃ
1412 768 1741 850 χαλκέοισι
1791 770 1992 842 νώτοις
2039 770 2282 849 οὐρανὸν

1048 878 1190 940 θεῶν
1236 873 1508 939 παλαιὸν
1556 871 1711 941 οἷκον
1758 874 2054 956 ἐκτρίβων
2100 876 2242 940 θεῶν

1050 986 1204 1059 μιᾶς*
1253 979 1449 1058 ἔφυσε
1500 990 1758 1059 Μαῖαν,
1814 980 1851 1058 ἦ
1895 984 1966 1061 μ’
2014 982 2340 1061 ἐγείνατο..

507 1088 622 1153 hos
666 1090 873 1176 igitur
921 1088 1261 1155 versiculos
1304 1091 1399 1154 ita
1446 1091 1704 1176 scripsit
1748 1087 2147 1155 Dindorfius:

1044 1195 1297 1268 ’Ἄτλας
1347 1196 1375 1260 ὃ
1424 1195 1822 1278 χαλκόνωτος
1866 1196 2110 1277 οὐρανὸν
2155 1192 2312 1260 θεῶν

1058 1304 1087 1367 ὀ
1101 1309 1262 1383 χῶν
1307 1302 1579 1368 παλαιὸν
1624 1297 1781 1368 οἶκον
1824 1304 1894 1368 ἐκ
1938 1304 2112 1382 τριῶν
2166 1305 2320 1379 μιᾶς

1053 1409 1193 1476 θεῶν
1238 1408 1436 1490 ἔφυσε
1484 1417 1737 1488 Μαῖαν,
1792 1410 1828 1488 ἥ
1872 1413 1944 1488 μ’
1989 1411 2296 1489 ἐγείνατο.

507 1515 586 1580 In
645 1515 819 1581 hisce
878 1515 1045 1599 quod
1092 1517 1162 1580 ἐκ
1207 1522 1374 1596 τριῶν
1423 1536 1536 1602 pro
1583 1516 1878 1597 ἐκτρίβων
1923 1519 2236 1603 reposuit,
2286 1517 2695 1605 agnoscimus
2741 1535 2892 1580 acu-

509 1641 661 1687 men
725 1641 870 1687 vere
932 1619 1451 1701 Dindorfianum3
1498 1623 1743 1709 reliqua
1787 1624 1958 1690 haud
2005 1623 2263 1711 perinde
2308 1622 2596 1709 placent,
2643 1642 2768 1707 qua
2814 1620 2892 1685 de

508 1748 577 1793 re
624 1726 1090 1794 Herwerdenus
1137 1728 1303 1793 dixit
1348 1731 1414 1793 in
1459 1729 1876 1795 relationibus
1923 1727 2122 1795 Acad.
2167 1728 2331 1817 Reg.
2378 1727 2610 1794 Scient.
2678 1726 2890 1793 Neerl.

510 1833 597 1900 IV
660 1855 723 1920 p.
794 1832 942 1900 174.
1006 1833 1146 1901 Hoc
1207 1838 1528 1922 imprimis
1587 1836 1932 1906 molestum
1993 1841 2126 1920 est,
2189 1836 2357 1923 quod
2418 1833 2643 1919 Atlas,
2699 1852 2890 1919 quem

511 1940 814 2007 credibile
859 1945 957 2006 est
1000 1944 1345 2009 immotum
1395 1949 1563 2008 stare
1580 1990 1597 2019 ,
1648 1943 1802 2008 dum
1850 1944 2138 2008 humeris
2175 1943 2332 2008 coeli
2371 1942 2684 2007 sustineat
2721 1959 2890 2016 axes,

510 2048 616 2113 hic
662 2046 977 2112 mundum
1019 2048 1255 2113 dicitur
1292 2049 1478 2128 ὀχεῖν.
1534 2048 1849 2115 Provocat
1890 2048 2144 2134 quidem
2187 2045 2549 2115 Dindorfius
2573 2046 2651 2112 ad
2674 2045 2890 2112 Prom.

511 2150 644 2218 430
665 2200 681 2229 ,
736 2152 845 2218 sed
912 2155 1094 2219 testis
1164 2157 1399 2221 citatus
1461 2175 1582 2220 non
1648 2155 1981 2241 respondet
2000 2206 2019 2229 ,
2082 2175 2231 2220 nam
2293 2158 2430 2240 ipse
2490 2155 2585 2220 ibi
2645 2156 2895 2239 primus

508 2260 871 2324 coniectura
907 2259 1079 2324 haud
1117 2260 1464 2326 admodum
1505 2261 1848 2327 verisimili
1886 2263 2295 2347 participium
2335 2264 2494 2339 ὀχῶν
2532 2264 2601 2325 in
2642 2265 2890 2325 textum

507 2366 751 2431 intulit.
800 2365 990 2452 Apud
1036 2372 1281 2432 veteres
1328 2369 1551 2452 utique
1599 2370 1967 2454 scriptores,
2016 2367 2232 2445 Atlas,
2281 2370 2407 2432 nisi
2444 2367 2669 2450 fallor,
2711 2386 2894 2431 mun·

509 2472 664 2537 dum
715 2471 912 2543 νώτοις
970 2474 1140 2552 Φέρει
1189 2494 1315 2539 non
1361 2477 1507 2555 ὀχεῖ
1551 2476 1744 2561 idque
1791 2473 2254 2564 Herwerdenus
2300 2476 2653 2540 rectissime
2708 2472 2894 2538 intel·

507 2578 736 2645 lexisse
780 2578 1036 2644 videtur
1054 2629 1071 2664 ,
1120 2581 1371 2645 etiamsi
1420 2601 1553 2646 rem
1604 2583 1670 2645 in
1707 2581 1880 2646 Ionis
1918 2580 2194 2646 editione
2230 2599 2353 2645 non
2394 2579 2647 2645 disertis
2685 2580 2898 2645 verbis

509 2685 816 2772 attigerit.
912 2685 1033 2751 Sed
1094 2686 1517 2753 Prometheus
1564 2690 1711 2772 rupi
1758 2687 2065 2775 alligatus
2109 2707 2235 2752 non
2282 2689 2494 2774 magis
2540 2706 2734 2772 quam
2784 2686 2896 2750 At·

507 2790 603 2856 las
648 2794 881 2875 poterit
920 2793 1185 2873 φρουρὰν
1224 2794 1393 2873 ὀχεῖν
1436 2798 1499 2858 et
1536 2793 1969 2879 metaphorice
2012 2814 2198 2858 sensu
2238 2795 2432 2858 etiam
2474 2792 2895 2858 Prometheus

507 2916 735 2981 parum
807 2902 951 2982 apte
1023 2896 1263 2981 aliquid
1338 2898 1576 2964 dicitur
1645 2900 1835 2979 ὀχεῖν.
1929 2897 2301 2983 Requiritur
2362 2900 2657 2976 verbum,
2728 2898 2892 2983 quod

507 3003 836 3079 sustinere,
904 3005 1210 3090 perferre,
1282 3006 1572 3089 tolerare,
1639 3004 1960 3093 significat
2018 3005 2207 3090 idque
2269 3010 2345 3069 ut
2397 3007 2855 3092 investigarem
2878 3052 2894 3080 ,

508 3108 753 3175 contuli
814 3108 985 3176 locos
1043 3113 1155 3197 qui
1216 3118 1586 3197 sequuntur.
1684 3112 1868 3178 Dixit
1913 3110 2255 3197 Sophocles
2300 3114 2368 3175 in
2408 3109 2766 3176 Trachiniis
2816 3106 2887 3176 7:

510 3216 821 3295 νυμφείων
881 3215 1067 3283 ὄτλον,
1119 3218 1376 3297 μέγιςον
1437 3219 1623 3299 ἔσχον
1689 3221 1905 3305 ibique
1969 3217 2323 3284 Scholiasta
2369 3217 2705 3303 adscripsit
2751 3214 2896 3282 Gal·

507 3319 770 3387 limachi
841 3323 1269 3388 versiculum:
1337 3327 1534 3389 κενεὸν
1600 3323 1775 3389 πόνον
1839 3324 2252 3400 ὅτλήσαντες,
2317 3323 2483 3388 unde
2520 3326 2654 3409 jam
2713 3321 2892 3388 vides

509 3448 733 3493 verum
798 3449 932 3494 esse
992 3430 1157 3514 quod
1222 3431 1443 3495 scribit
1503 3429 1909 3517 Hesychius,
1970 3429 2146 3494 ὄτλον
2208 3435 2274 3495 et
2318 3429 2528 3506 πόνον,
2577 3429 2778 3493 ὀτλεῖν
2829 3432 2895 3492 et

509 3542 709 3600 πονεῖν
772 3554 1130 3622 synonyma
1177 3557 1330 3601 esse.
1428 3535 1535 3601 Sic
1582 3536 1869 3607 παιδείας
1919 3534 2095 3601 ὄτλον
2142 3535 2309 3621 apud
2359 3534 2748 3621 Aeschylum
2795 3537 2894 3598 in-

508 3643 806 3707 venimus
852 3638 1027 3726 Sept.
1083 3640 1187 3706 18.
1235 3641 1407 3707 Hinc
1456 3642 1808 3708 Meinekius
1855 3640 2069 3706 Prom.
2122 3640 2280 3707 313:

1241 3746 1357 3816 dis-e
1405 3772 1497 3813 σοι
1546 3750 1648 3813 τὸν
1697 3753 1797 3813 νῦν
1842 3748 2091 3829 χόλον

1051 3853 1330 3934 παρόντα
1379 3852 1639 3934 μόχθων
1689 3855 1942 3921 παιδιὰν
1988 3851 2142 3920 εἶναι
2191 3854 2413 3934 δοκεῖν,

508 3964 736 4046 spretis
799 3960 1068 4026 aliorum
1136 3962 1574 4027 conaminibus
1640 3963 1795 4028 bene
1857 3964 2177 4047 rescripsit
2220 3960 2433 4046 ὄτλον,
2481 3962 2645 4047 quod
2698 3962 2892 4027 miror

508 4066 823 4152 quomodo
886 4066 1019 4153 ipse
1087 4074 1304 4151 postea
1357 4070 1618 4133 reiicere
1678 4071 1991 4154 potuerit,
2058 4070 2249 4133 sicuti
2311 4067 2741 4134 Weckleinius
2789 4090 2890 4134 me

507 4172 761 4257 docuit,
832 4175 942 4258 qui
1013 4193 1138 4237 non
1203 4176 1356 4240 satis
1420 4175 1675 4240 videtur
1737 4174 2080 4241 attendisse
2140 4171 2405 4257 μόχθων
2469 4195 2591 4240 non
2642 4172 2889 4254 μόχθον

506 4277 759 4345 Codicis
805 4278 1143 4345 lectionem
1190 4301 1344 4346 esse.
1397 4280 1491 4347 Eo
1540 4287 1756 4346 autem
1804 4281 1973 4358 loc0,
2017 4281 2184 4347 unde
2217 4281 2486 4347 fecimus
2525 4281 2888 4368 disputandi

504 4387 807 4470 initium,
868 4387 1092 4453 itidem
1155 4386 1507 4474 perplacetz
1572 4388 1841 4471 φρουρὰν
1898 4387 2124 4470 ἄζηλον
2185 4389 2523 4474 ὀτλήσω,
2582 4389 2749 4476 quod
2796 4392 2886 4455 rei
