3192 5017
555 272 690 345 236
1548 292 1940 350 sornoctnx.

1008 470 1177 533 τοῦτ’
1225 467 1562 555 &epotus-ae,
1612 470 1889 550 διάβορον
1940 472 2085 550 πρὸς
2131 471 2358 544 οὐδενὸς

1000 579 1146 637 τῶν
1194 571 1431 652 ἔνδον,
1484 560 1640 640 ἄλλ’
1691 576 1892 645 ἕδεςὸν
1938 574 2008 652 ἐξ
2056 578 2245 643 αὑτοῦ
2293 581 2512 661 φθίνει.

560 679 657 744 De
717 680 875 745 vitio
935 685 1179 744 constat
1240 685 1305 745 et
1366 678 1504 746 fieri
1566 688 1773 767 potest
1820 687 1894 747 ut
1939 682 2405 749 Herwerdenus
2452 692 2622 750 recte
2670 686 2939 758 viderit,

559 785 670 871 qui
715 785 1033 871 reposuit:
1083 791 1199 850 τῶν
1247 787 1433 851 ἕκτό
1452 812 1500 859 ς.
1599 785 1856 853 Certam
1907 790 2412 856 emendationem
2465 791 2704 857 frustra
2764 812 2945 876 quae-

555 894 818 968 siveri8‚
867 892 976 957 sed
1024 891 1187 956 mihi
1235 891 1445 976 placet
1490 893 1769 976 διάβορον
1816 896 1960 974 πρὸς
2009 895 2241 968 οὐδενὸς
2291 894 2619 973 ἔξωθεν.

651 1104 874 1172 Trach.
928 1104 1095 1171 908:

1016 1212 1072 1277 εἴ
1116 1237 1221 1278 του
1270 1216 1529 1296 φίλων
1577 1214 1874 1294 βλέψειεν
1925 1218 2166 1281 οἰκετῶν
2215 1215 2447 1299 δέμας,

556 1319 838 1406 proclive
883 1324 980 1385 est
1026 1321 1356 1387 restituere
1403 1323 1498 1403 φί
1512 1335 1553 1387 λ
1571 1346 1599 1387 ο
1617 1347 1667 1386 ν.

654 1528 894 1615 Operae
938 1532 1216 1615 pretium
1265 1535 1361 1596 est
1407 1536 1549 1615 post
1595 1530 1799 1596 multa
1847 1533 2119 1598 aliorum
2168 1537 2500 1599 conamina
2545 1535 2759 1601 denuo
2804 1555 2942 1600 cum

560 1657 713 1702 cura
760 1636 976 1702 videre
1019 1637 1096 1702 de
1143 1637 1418 1703 Philoct.
1469 1636 1575 1702 29.
1627 1636 2046 1703 Advenerunt
2090 1638 2355 1726 Ulysses
2393 1645 2458 1704 et
2492 1639 2947 1726 Neoptolemus

559 1745 628 1807 in
690 1742 967 1808 insulam
1030 1743 1352 1808 Lemnum
1417 1750 1482 1808 et
1542 1744 1647 1808 hic
1707 1746 1940 1810 missus
1986 1744 2111 1808 fuit
2155 1745 2574 1830 speculatum.
2671 1746 2941 1811 Nunciat

557 1871 625 1915 se
692 1849 911 1935 procul
980 1855 1236 1915 antrum
1308 1852 1694 1934 conspicere,
1773 1851 1937 1935 quod
2010 1871 2157 1915 cum
2219 1851 2472 1939 Ulyssis
2528 1852 2942 1937 descriptione

561 1959 931 2032 conveniat:
996 1963 1138 2021 tum
1200 1956 1304 2020 hic
1369 1953 1622 2032 ἄνωθεν,
1680 1958 1928 2041 inquit,
1994 1957 2027 2033 ἢ
2094 1955 2396 2033 andream
2460 1959 2527 2022 οὔ
2575 1959 2708 2037 γὰρ
2760 1957 2938 2021 ἐννοῶ.

561 2062 682 2130 Cui
733 2062 1221 2147 Neoptolemus:

923 2167 1053 2233 τόδ’
1105 2166 1409 2248 ἐξύπερθε
1457 2168 1559 2231 καὶ
1611 2167 1853 2245 ςίβου
1901 2172 1970 2246 γ’
2019 2170 2277 2240 οὐδεὶς
2328 2169 2655 2241 κτύπος.

560 2275 707 2342 Non
772 2297 929 2361 opus
977 2283 1071 2340 est
1114 2274 1439 2340 ostendere
1486 2275 1640 2339 haec
1685 2276 1877 2340 verba
1924 2297 2106 2341 sensu
2156 2297 2358 2342 vacua
2401 2297 2566 2354 esse:
2619 2284 2700 2341 ut
2746 2296 2943 2341 emen-

561 2384 811 2457 darem,
865 2384 1146 2467 primum
1196 2383 1479 2466 quaesivi
1527 2381 1683 2465 quid
1731 2381 2187 2466 Neoptolemus
2237 2383 2443 2448 dicere
2491 2383 2808 2449 debuerit.
2875 2378 2940 2445 Id

563 2494 778 2555 autem
831 2491 986 2553 satis
1033 2487 1297 2572 planum
1347 2485 1419 2551 fit
1463 2507 1540 2552 ex
1587 2489 2029 2572 sequentibus:

930 2593 1064 2659 Ὀδ.
1116 2591 1258 2673 ὅροι,
1311 2591 1450 2657 καθ’
1503 2592 1686 2657 ὕπνον
1731 2597 1819 2669 μὴ
1870 2592 2320 2665 καταυλισθεὶς
2371 2603 2553 2675 κυρεῖ.

947 2708 1067 2766 Νε.
1116 2701 1220 2781 ὁρῶ
1270 2702 1444 2773 κενὴν
1492 2698 1718 2772 οἴκησιν
1764 2698 2095 2781 ἀνθρώπων
2141 2702 2316 2780 δίχοα.

558 2807 735 2874 Haec
820 2807 1170 2872 dummodo
1241 2807 1398 2871 bene
1466 2805 1799 2893 intelligo,
1871 2827 2074 2890 neque
2145 2806 2332 2872 valde
2404 2805 2696 2872 difficilia
2765 2808 2936 2884 sunt,

558 2913 1053 3000 Neoptolemus,
1104 2915 1215 2997 qui
1264 2913 1541 2977 nondum
1589 2918 1845 2976 antrum
1897 2914 2195 2989 intravit,
2248 2933 2399 2977 aure
2447 2911 2749 2989 admota,
2795 2910 2934 2974 dum

558 3021 777 3087 nullus
845 3040 1036 3085 sonus
1106 3020 1478 3095 exauditur,
1550 3021 1855 3104 conjicere
1916 3017 2138 3083 debuit
2193 3021 2515 3084 neminem
2569 3020 2749 3083 intus
2793 3034 2931 3080 esse.

559 3127 726 3193 Tum
810 3126 1110 3214 Ulysses,
1186 3126 1369 3200 vide,
1432 3125 1675 3210 inquit,
1738 3146 1893 3189 num
1959 3124 2140 3189 forte>
2181 3124 2479 3189 dormiat.
2575 3127 2787 3209 Atque
2852 3121 2931 3183 sic

557 3232 1023 3318 Neoptolemus
1087 3230 1421 3298 obfirmato
1486 3233 1699 3295 animo
1760 3233 1957 3294 intrat
2025 3235 2316 3306 antrum,
2390 3233 2606 3295 omnia
2677 3232 2930 3294 circum·

559 3343 751 3425 spicit
798 3344 862 3403 et
910 3357 1199 3424 egressus
1248 3342 1463 3402 narrat
1507 3358 1574 3402 se
1622 3356 1896 3401 vacuum
1944 3335 2156 3402 locum
2206 3338 2530 3421 reperisse.
2578 3335 2685 3401 Sic
2732 3333 2931 3400 omnia

559 3447 717 3512 bene
783 3444 1151 3509 cohaerent:
1216 3444 1410 3509 verba
1458 3445 1562 3507 καὶ
1612 3442 1791 3520 ςίβου
1840 3444 1906 3520 γ’
1955 3442 2144 3513 οὐδεὶς
2192 3442 2424 3515 κτύπος
2472 3442 2707 3507 debent
2750 3438 2932 3525 signi·

559 3550 780 3617 ficare:
856 3552 911 3613 si
984 3549 1101 3613 hoc
1170 3556 1266 3613 est
1337 3555 1591 3614 antrum
1664 3547 2060 3613 Philoctetae
2130 3548 2296 3632 quod
2354 3550 2750 3632 quaerimus,
2808 3545 2928 3628 ipse

559 3662 777 3722 tamen
849 3656 1053 3719 abest.
1148 3652 1470 3740 Bergkius
1540 3656 1840 3718 coniecit:
1913 3653 2017 3718 καὶ
2090 3652 2290 3730 ςίβου’
2360 3661 2417 3722 ς’
2490 3653 2646 3718 οὔδει
2716 3653 2925 3721 τύπος,

560 3761 995 3829 Schmidtius:
1062 3760 1166 3824 καὶ
1230 3762 1432 3838 ςίβου’
1480 3762 1539 3827 ς’
1585 3763 1706 3839 οὐχ
1755 3755 1836 3831 εἷς
1887 3759 2078 3831 τύπος
2103 3810 2118 3833 ,
2167 3760 2713 3825 Schneidewinus:
2767 3754 2927 3822 κοὶςὶν

559 3868 751 3940 οὐδεὶς
801 3865 1045 3937 ἔντοπος
1095 3866 1202 3933 vel
1250 3867 1398 3933 xis-l
1442 3890 1559 3931 που
1610 3866 1677 3944 γ’
1726 3867 1832 3930 οὐκ
1880 3866 2160 3941 ἔντοπος,
2211 3865 2572 3930 Nauckius:
2626 3864 2729 3929 καὶ
2762 3859 2924 3937 ςίβου

559 3978 695 4060 τῇδ’
760 3973 850 4043 ἔας’
917 3971 1125 4053 ἴχνος,
1180 3972 1346 4057 quod
1396 3993 1594 4058 quum
1642 3993 1721 4037 ne
1768 3974 1891 4056 ipsi
1940 3973 2194 4056 quidem
2247 3973 2403 4036 satis
2450 3970 2760 4057 placeret,
2805 3973 2923 4030 tan·

562 4085 709 4149 dem
770 4103 843 4147 eo
908 4081 1165 4145 devenit
1228 4084 1300 4142 ut
1362 4084 1665 4163 tanquam
1734 4078 2061 4164 despera-ta
2120 4099 2188 4142 re
2235 4078 2640 4143 contenderet
2683 4077 2920 4141 fortasse

561 4190 719 4254 duos
779 4186 1125 4254 versiculos
1187 4185 1512 4250 excidisse.
1611 4183 1779 4249 Satis
1843 4184 2139 4250 videmus
2200 4205 2278 4249 ex
2346 4185 2720 4268 conjecturis
2783 4192 2920 4262 quas

559 4294 821 4361 laudavi
868 4290 1113 4357 nullam
1161 4290 1630 4378 probabilitatis
1677 4293 1883 4376 specie
1922 4291 2390 4375 commendari3
2429 4283 2916 4355 Schneidewinus

562 4400 824 4469 fortasse
879 4400 1076 4469 etiam
1136 4400 1204 4467 in
1267 4402 1546 4463 metrum
1611 4396 1898 4481 peccavit
1960 4402 2025 4463 et
2090 4404 2304 4463 tamen
2367 4400 2653 4482 proxime
2697 4391 2845 4460 afuit
2885 4404 2916 4447 a
