<?xml version="1.0" encoding="UTF-8"?>
<!DOCTYPE html PUBLIC "-//W3C//DTD XHTML 1.0 Transitional//EN"
    "http://www.w3.org/TR/xhtml1/DTD/xhtml1-transitional.dtd">
<html xmlns="http://www.w3.org/1999/xhtml" xml:lang="en" lang="en">
 <head>
  <title>
</title>
<meta http-equiv="Content-Type" content="text/html;charset=utf-8" />
  <meta name='ocr-system' content='tesseract 3.04.00' />
  <meta name='ocr-capabilities' content='ocr_page ocr_carea ocr_par ocr_line ocrx_word'/>
</head>
<body>
  <div class='ocr_page' id='page_1' title='image "./mnemosynebiblio14servgoog_0094.png"; bbox 0 0 3192 5017; ppageno 0'>
   <div class='ocr_carea' id='block_1_1' title="bbox 559 257 1947 338">
    <p class='ocr_par' dir='ltr' id='par_1_1' title="bbox 559 257 1947 338">
     <span class='ocr_line' id='line_1_1' title="bbox 559 257 1947 338; baseline 0.002 -3"><span class='ocrx_word' id='word_1_1' title='bbox 559 257 647 336; x_wconf 82' lang='grc'><strong>86</strong></span> <span class='ocrx_word' id='word_1_2' title='bbox 1558 288 1947 338; x_wconf 64' lang='lat' dir='ltr'><strong>asemas.</strong></span> 
     </span>
    </p>
   </div>
   <div class='ocr_carea' id='block_1_2' title="bbox 522 455 2954 1079">
    <p class='ocr_par' dir='ltr' id='par_1_2' title="bbox 522 455 2954 1079">
     <span class='ocr_line' id='line_1_2' title="bbox 649 455 2361 550; baseline 0.001 -25"><span class='ocrx_word' id='word_1_3' title='bbox 649 458 832 539; x_wconf 82' lang='lat' dir='ltr'><strong>Quod</strong></span> <span class='ocrx_word' id='word_1_4' title='bbox 878 455 1122 526; x_wconf 89' lang='lat' dir='ltr'><strong>Chorus</strong></span> <span class='ocrx_word' id='word_1_5' title='bbox 1167 461 1456 546; x_wconf 75' lang='lat' dir='ltr'>reginam</span> <span class='ocrx_word' id='word_1_6' title='bbox 1502 459 1857 549; x_wconf 83' lang='lat' dir='ltr'><strong>interrogat</strong></span> <span class='ocrx_word' id='word_1_7' title='bbox 1899 463 2138 550; x_wconf 81' lang='lat' dir='ltr'><strong>Agam.</strong></span> <span class='ocrx_word' id='word_1_8' title='bbox 2190 458 2361 528; x_wconf 79' lang='lat'>280:</span> 
     </span>
     <span class='ocr_line' id='line_1_3' title="bbox 930 566 2624 651; baseline 0.002 -19"><span class='ocrx_word' id='word_1_9' title='bbox 930 567 1068 632; x_wconf 72' lang='lat' dir='ltr'><strong>xx)</strong></span> <span class='ocrx_word' id='word_1_10' title='bbox 1116 566 1242 639; x_wconf 80' lang='grc' dir='ltr'><strong>τίς</strong></span> <span class='ocrx_word' id='word_1_11' title='bbox 1291 568 1417 633; x_wconf 74' lang='grc' dir='ltr'><strong><em>τόδ’</em></strong></span> <span class='ocrx_word' id='word_1_12' title='bbox 1468 566 1712 644; x_wconf 73' lang='grc' dir='ltr'><strong><em>ἐξίκοιτ’</em></strong></span> <span class='ocrx_word' id='word_1_13' title='bbox 1762 568 1839 635; x_wconf 76' lang='grc' dir='ltr'><strong>ἂν</strong></span> <span class='ocrx_word' id='word_1_14' title='bbox 1886 570 2271 648; x_wconf 69' lang='grc' dir='ltr'><strong><em>ἀγγέλων</em></strong></span> <span class='ocrx_word' id='word_1_15' title='bbox 2317 569 2624 651; x_wconf 47' lang='grc' dir='ltr'><strong><em>τοίχου</em></strong></span> 
     </span>
     <span class='ocr_line' id='line_1_4' title="bbox 556 672 2954 763; baseline 0.001 -24"><span class='ocrx_word' id='word_1_16' title='bbox 556 672 722 739; x_wconf 89' lang='lat' dir='ltr'><strong>nihil</strong></span> <span class='ocrx_word' id='word_1_17' title='bbox 784 673 1038 759; x_wconf 89' lang='lat' dir='ltr'><strong>prodest</strong></span> <span class='ocrx_word' id='word_1_18' title='bbox 1096 694 1248 738; x_wconf 87' lang='lat' dir='ltr'><strong>cum</strong></span> <span class='ocrx_word' id='word_1_19' title='bbox 1310 672 1595 740; x_wconf 86' lang='lat' dir='ltr'><strong>Stanleio</strong></span> <span class='ocrx_word' id='word_1_20' title='bbox 1641 676 1983 741; x_wconf 73' lang='lat' dir='ltr'><strong>rescribere</strong></span> <span class='ocrx_word' id='word_1_21' title='bbox 2028 676 2368 754; x_wconf 66' lang='grc' dir='ltr'><strong><em>ἀγγέλλων</em></strong></span> <span class='ocrx_word' id='word_1_22' title='bbox 2387 722 2404 755; x_wconf 89' lang='grc'><em>,</em></span> <span class='ocrx_word' id='word_1_23' title='bbox 2451 697 2604 742; x_wconf 86' lang='lat' dir='ltr'><strong>nam</strong></span> <span class='ocrx_word' id='word_1_24' title='bbox 2651 681 2954 763; x_wconf 88' lang='lat' dir='ltr'><strong>superest</strong></span> 
     </span>
     <span class='ocr_line' id='line_1_5' title="bbox 522 778 2388 868; baseline 0.001 -22"><span class='ocrx_word' id='word_1_25' title='bbox 522 780 722 867; x_wconf 88' lang='lat' dir='ltr'><strong>&#39;quod</strong></span> <span class='ocrx_word' id='word_1_26' title='bbox 768 779 1134 846; x_wconf 88' lang='lat' dir='ltr'><strong>inauditum</strong></span> <span class='ocrx_word' id='word_1_27' title='bbox 1181 785 1278 845; x_wconf 89' lang='lat' dir='ltr'><strong>est</strong></span> <span class='ocrx_word' id='word_1_28' title='bbox 1324 779 1529 862; x_wconf 70' lang='grc' dir='ltr'><strong><em>τάχος</em></strong></span> <span class='ocrx_word' id='word_1_29' title='bbox 1576 778 1922 858; x_wconf 73' lang='grc' dir='ltr'><strong><em>ἐξικέσθαι.</em></strong></span> <span class='ocrx_word' id='word_1_30' title='bbox 1970 780 2388 868; x_wconf 80' lang='lat' dir='ltr'><strong>Scripserim:</strong></span> 
     </span>
     <span class='ocr_line' id='line_1_6' title="bbox 917 886 2668 978; baseline 0.002 -28"><span class='ocrx_word' id='word_1_31' title='bbox 917 886 1039 958; x_wconf 82' lang='grc' dir='ltr'><strong>τίς</strong></span> <span class='ocrx_word' id='word_1_32' title='bbox 1076 888 1202 978; x_wconf 34' lang='grc' dir='ltr'><strong>ἐἷς</strong></span> <span class='ocrx_word' id='word_1_33' title='bbox 1252 886 1380 951; x_wconf 75' lang='grc' dir='ltr'><strong><em>τόδ’</em></strong></span> <span class='ocrx_word' id='word_1_34' title='bbox 1429 887 1674 963; x_wconf 75' lang='grc' dir='ltr'><strong>ἐξίκοιτ’</strong></span> <span class='ocrx_word' id='word_1_35' title='bbox 1715 886 1791 952; x_wconf 72' lang='grc' dir='ltr'><strong>ἂν</strong></span> <span class='ocrx_word' id='word_1_36' title='bbox 1837 888 2280 967; x_wconf 74' lang='grc' dir='ltr'><strong>ἀγγέλλων</strong></span> <span class='ocrx_word' id='word_1_37' title='bbox 2327 889 2668 970; x_wconf 69' lang='grc' dir='ltr'><strong><em>τάχουςς</em></strong></span> 
     </span>
     <span class='ocr_line' id='line_1_7' title="bbox 552 989 2785 1079; baseline -0 -19"><span class='ocrx_word' id='word_1_38' title='bbox 552 994 797 1062; x_wconf 88' lang='lat' dir='ltr'><strong>Deinde</strong></span> <span class='ocrx_word' id='word_1_39' title='bbox 840 1001 1011 1060; x_wconf 85' lang='lat' dir='ltr'><strong>recte</strong></span> <span class='ocrx_word' id='word_1_40' title='bbox 1059 993 1392 1078; x_wconf 80' lang='lat' dir='ltr'><strong>respondet</strong></span> <span class='ocrx_word' id='word_1_41' title='bbox 1438 989 1951 1079; x_wconf 82' lang='lat' dir='ltr'><strong>Clytaemnestra</strong></span> <span class='ocrx_word' id='word_1_42' title='bbox 1996 995 2167 1061; x_wconf 88' lang='lat' dir='ltr'><strong>hunc</strong></span> <span class='ocrx_word' id='word_1_43' title='bbox 2213 1015 2349 1062; x_wconf 88' lang='lat' dir='ltr'><strong>esse</strong></span> <span class='ocrx_word' id='word_1_44' title='bbox 2396 994 2785 1062; x_wconf 88' lang='lat' dir='ltr'><strong>Vulcanum.</strong></span> 
     </span>
    </p>
   </div>
   <div class='ocr_carea' id='block_1_3' title="bbox 545 1208 2950 3302">
    <p class='ocr_par' dir='ltr' id='par_1_3' title="bbox 642 1208 2949 1294">
     <span class='ocr_line' id='line_1_8' title="bbox 642 1208 2949 1294; baseline -0.001 -17"><span class='ocrx_word' id='word_1_45' title='bbox 642 1210 1089 1278; x_wconf 87' lang='lat' dir='ltr'><strong>Recedendum</strong></span> <span class='ocrx_word' id='word_1_46' title='bbox 1129 1211 1426 1277; x_wconf 81' lang='lat' dir='ltr'><strong>existimo</strong></span> <span class='ocrx_word' id='word_1_47' title='bbox 1464 1211 1545 1277; x_wconf 86' lang='lat' dir='ltr'><strong>ab</strong></span> <span class='ocrx_word' id='word_1_48' title='bbox 1585 1231 1658 1276; x_wconf 86' lang='lat' dir='ltr'><strong>ea</strong></span> <span class='ocrx_word' id='word_1_49' title='bbox 1695 1210 2008 1276; x_wconf 82' lang='lat' dir='ltr'><strong>sententia</strong></span> <span class='ocrx_word' id='word_1_50' title='bbox 2026 1256 2042 1286; x_wconf 88' lang='lat'>,</span> <span class='ocrx_word' id='word_1_51' title='bbox 2085 1229 2280 1294; x_wconf 86' lang='lat' dir='ltr'><strong>quam</strong></span> <span class='ocrx_word' id='word_1_52' title='bbox 2317 1208 2696 1294; x_wconf 80' lang='lat' dir='ltr'><strong>Karstenius</strong></span> <span class='ocrx_word' id='word_1_53' title='bbox 2724 1213 2949 1276; x_wconf 85' lang='lat' dir='ltr'><strong>tuetur</strong></span> 
     </span>
    </p>

    <p class='ocr_par' dir='ltr' id='par_1_4' title="bbox 555 1316 2545 1703">
     <span class='ocr_line' id='line_1_9' title="bbox 555 1316 1009 1406; baseline -0.004 -22"><span class='ocrx_word' id='word_1_54' title='bbox 555 1319 786 1406; x_wconf 81' lang='lat' dir='ltr'><strong>Agam.</strong></span> <span class='ocrx_word' id='word_1_55' title='bbox 840 1316 1009 1383; x_wconf 80' lang='lat'><strong>331:</strong></span> 
     </span>
     <span class='ocr_line' id='line_1_10' title="bbox 918 1418 2545 1502; baseline 0.001 -14"><span class='ocrx_word' id='word_1_56' title='bbox 918 1424 1060 1495; x_wconf 82' lang='grc' dir='ltr'><strong><em>τοὺς</em></strong></span> <span class='ocrx_word' id='word_1_57' title='bbox 1107 1423 1161 1487; x_wconf 77' lang='grc' dir='ltr'><strong>δ’</strong></span> <span class='ocrx_word' id='word_1_58' title='bbox 1211 1419 1364 1490; x_wconf 70' lang='grc' dir='ltr'><strong><em>αὖτε</em></strong></span> <span class='ocrx_word' id='word_1_59' title='bbox 1412 1423 1927 1502; x_wconf 71' lang='grc' dir='ltr'><strong><em>νυκτίπλαγκτος</em></strong></span> <span class='ocrx_word' id='word_1_60' title='bbox 1979 1422 2049 1486; x_wconf 80' lang='grc' dir='ltr'><strong>ἐκ</strong></span> <span class='ocrx_word' id='word_1_61' title='bbox 2095 1418 2321 1501; x_wconf 64' lang='grc' dir='ltr'><strong><em>μάχης</em></strong></span> <span class='ocrx_word' id='word_1_62' title='bbox 2368 1422 2545 1497; x_wconf 74' lang='grc' dir='ltr'><strong><em>πόνος</em></strong></span> 
     </span>
     <span class='ocr_line' id='line_1_11' title="bbox 926 1526 2232 1611; baseline 0.003 -17"><span class='ocrx_word' id='word_1_63' title='bbox 926 1532 1123 1607; x_wconf 77' lang='grc' dir='ltr'><strong><em>νήςεις</em></strong></span> <span class='ocrx_word' id='word_1_64' title='bbox 1169 1530 1314 1611; x_wconf 78' lang='grc' dir='ltr'><strong>πρὸς</strong></span> <span class='ocrx_word' id='word_1_65' title='bbox 1363 1531 1656 1610; x_wconf 72' lang='grc' dir='ltr'><strong><em>ἆρίςοισιν</em></strong></span> <span class='ocrx_word' id='word_1_66' title='bbox 1703 1526 1779 1595; x_wconf 76' lang='grc' dir='ltr'><strong>ὧν</strong></span> <span class='ocrx_word' id='word_1_67' title='bbox 1827 1528 2001 1611; x_wconf 78' lang='grc' dir='ltr'><strong><em>ἔχει</em></strong></span> <span class='ocrx_word' id='word_1_68' title='bbox 2052 1529 2232 1605; x_wconf 75' lang='grc' dir='ltr'><strong><em>πόλις</em></strong></span> 
     </span>
     <span class='ocr_line' id='line_1_12' title="bbox 922 1637 1164 1703; baseline 0 -2"><span class='ocrx_word' id='word_1_69' title='bbox 922 1637 1164 1703; x_wconf 70' lang='grc' dir='ltr'><strong><em>τάσσει.</em></strong></span> 
     </span>
    </p>

    <p class='ocr_par' dir='ltr' id='par_1_5' title="bbox 545 1739 2950 3302">
     <span class='ocr_line' id='line_1_13' title="bbox 640 1739 2945 1830; baseline 0 -21"><span class='ocrx_word' id='word_1_70' title='bbox 640 1744 813 1821; x_wconf 83' lang='lat' dir='ltr'><strong>Quid</strong></span> <span class='ocrx_word' id='word_1_71' title='bbox 860 1744 985 1810; x_wconf 89' lang='lat' dir='ltr'><strong>sibi</strong></span> <span class='ocrx_word' id='word_1_72' title='bbox 1030 1742 1176 1810; x_wconf 82' lang='lat' dir='ltr'><strong>vult</strong></span> <span class='ocrx_word' id='word_1_73' title='bbox 1222 1743 1515 1809; x_wconf 84' lang='lat' dir='ltr'><strong>additum</strong></span> <span class='ocrx_word' id='word_1_74' title='bbox 1564 1739 1641 1807; x_wconf 77' lang='grc' dir='ltr'><strong>ὦν</strong></span> <span class='ocrx_word' id='word_1_75' title='bbox 1689 1741 1826 1825; x_wconf 78' lang='grc' dir='ltr'><strong><em>ἔχει</em></strong></span> <span class='ocrx_word' id='word_1_76' title='bbox 1874 1741 2098 1816; x_wconf 68' lang='grc' dir='ltr'><strong><em>πόλιςῖ</em></strong></span> <span class='ocrx_word' id='word_1_77' title='bbox 2142 1744 2517 1830; x_wconf 82' lang='lat' dir='ltr'><strong>Explicant:</strong></span> <span class='ocrx_word' id='word_1_78' title='bbox 2554 1744 2833 1828; x_wconf 72' lang='lat' dir='ltr'><strong>prandia</strong></span> <span class='ocrx_word' id='word_1_79' title='bbox 2868 1767 2945 1809; x_wconf 66' lang='grc' dir='ltr'><strong>εει·</strong></span> 
     </span>
     <span class='ocr_line' id='line_1_14' title="bbox 552 1849 2947 1938; baseline 0.001 -23"><span class='ocrx_word' id='word_1_80' title='bbox 552 1856 631 1916; x_wconf 71' lang='lat' dir='ltr'><strong>iis</strong></span> <span class='ocrx_word' id='word_1_81' title='bbox 684 1873 834 1937; x_wconf 79' lang='lat' dir='ltr'><strong>quae</strong></span> <span class='ocrx_word' id='word_1_82' title='bbox 880 1851 1057 1915; x_wconf 76' lang='lat' dir='ltr'><strong>habet</strong></span> <span class='ocrx_word' id='word_1_83' title='bbox 1101 1851 1284 1927; x_wconf 52' lang='lat' dir='ltr'><strong>urbm</strong></span> <span class='ocrx_word' id='word_1_84' title='bbox 1331 1849 1498 1934; x_wconf 87' lang='lat' dir='ltr'><strong>quod</strong></span> <span class='ocrx_word' id='word_1_85' title='bbox 1548 1870 1699 1915; x_wconf 88' lang='lat' dir='ltr'><strong>sane</strong></span> <span class='ocrx_word' id='word_1_86' title='bbox 1750 1850 1984 1938; x_wconf 81' lang='lat' dir='ltr'><strong>frigide</strong></span> <span class='ocrx_word' id='word_1_87' title='bbox 2029 1851 2351 1917; x_wconf 83' lang='lat' dir='ltr'><strong>adiectum</strong></span> <span class='ocrx_word' id='word_1_88' title='bbox 2398 1859 2514 1917; x_wconf 90' lang='lat' dir='ltr'><strong>est.</strong></span> <span class='ocrx_word' id='word_1_89' title='bbox 2609 1850 2754 1917; x_wconf 90' lang='lat' dir='ltr'><strong>Hoc</strong></span> <span class='ocrx_word' id='word_1_90' title='bbox 2800 1853 2947 1938; x_wconf 90' lang='lat' dir='ltr'><strong>qui-</strong></span> 
     </span>
     <span class='ocr_line' id='line_1_15' title="bbox 553 1956 2943 2042; baseline 0 -18"><span class='ocrx_word' id='word_1_91' title='bbox 553 1959 698 2025; x_wconf 90' lang='lat' dir='ltr'><strong>dem</strong></span> <span class='ocrx_word' id='word_1_92' title='bbox 759 1957 1127 2023; x_wconf 88' lang='lat' dir='ltr'><strong>doctissimo</strong></span> <span class='ocrx_word' id='word_1_93' title='bbox 1192 1956 1422 2023; x_wconf 88' lang='lat' dir='ltr'><strong>editori</strong></span> <span class='ocrx_word' id='word_1_94' title='bbox 1484 1957 1754 2022; x_wconf 87' lang='lat' dir='ltr'><strong>concedo</strong></span> <span class='ocrx_word' id='word_1_95' title='bbox 1773 2004 1789 2034; x_wconf 88' lang='lat'>,</span> <span class='ocrx_word' id='word_1_96' title='bbox 1853 1957 1963 2022; x_wconf 91' lang='lat' dir='ltr'><strong>sed</strong></span> <span class='ocrx_word' id='word_1_97' title='bbox 2025 1957 2190 2042; x_wconf 89' lang='lat' dir='ltr'><strong>quod</strong></span> <span class='ocrx_word' id='word_1_98' title='bbox 2230 1959 2490 2024; x_wconf 86' lang='lat' dir='ltr'><strong>coniicit</strong></span> <span class='ocrx_word' id='word_1_99' title='bbox 2534 1958 2943 2024; x_wconf 88' lang='lat' dir='ltr'><strong>scribendum</strong></span> 
     </span>
     <span class='ocr_line' id='line_1_16' title="bbox 549 2059 2944 2150; baseline 0 -19"><span class='ocrx_word' id='word_1_100' title='bbox 549 2085 719 2131; x_wconf 79' lang='lat' dir='ltr'><strong>esse:</strong></span> <span class='ocrx_word' id='word_1_101' title='bbox 783 2059 860 2128; x_wconf 81' lang='grc' dir='ltr'><strong>ὧν</strong></span> <span class='ocrx_word' id='word_1_102' title='bbox 923 2061 1058 2145; x_wconf 82' lang='grc' dir='ltr'><strong><em>ἔχει</em></strong></span> <span class='ocrx_word' id='word_1_103' title='bbox 1124 2064 1279 2136; x_wconf 78' lang='grc' dir='ltr'><strong><em>κονίς</em></strong></span> <span class='ocrx_word' id='word_1_104' title='bbox 1301 2112 1316 2140; x_wconf 91' lang='grc'><em>,</em></span> <span class='ocrx_word' id='word_1_105' title='bbox 1370 2063 1437 2128; x_wconf 91' lang='lat' dir='ltr'><strong>id</strong></span> <span class='ocrx_word' id='word_1_106' title='bbox 1486 2065 1770 2128; x_wconf 89' lang='lat' dir='ltr'><strong>nimium</strong></span> <span class='ocrx_word' id='word_1_107' title='bbox 1817 2062 2072 2129; x_wconf 85' lang='lat' dir='ltr'><strong>videtur</strong></span> <span class='ocrx_word' id='word_1_108' title='bbox 2123 2064 2485 2130; x_wconf 89' lang='lat' dir='ltr'><strong>obscurum.</strong></span> <span class='ocrx_word' id='word_1_109' title='bbox 2579 2064 2727 2150; x_wconf 92' lang='lat' dir='ltr'><strong>Ipse</strong></span> <span class='ocrx_word' id='word_1_110' title='bbox 2771 2064 2944 2131; x_wconf 82' lang='lat' dir='ltr'><strong>Kar-</strong></span> 
     </span>
     <span class='ocr_line' id='line_1_17' title="bbox 553 2168 2950 2257; baseline -0.001 -20"><span class='ocrx_word' id='word_1_111' title='bbox 553 2173 795 2238; x_wconf 87' lang='lat' dir='ltr'><strong>stenius</strong></span> <span class='ocrx_word' id='word_1_112' title='bbox 840 2173 934 2236; x_wconf 89' lang='lat' dir='ltr'><strong>ita</strong></span> <span class='ocrx_word' id='word_1_113' title='bbox 980 2169 1288 2255; x_wconf 85' lang='lat' dir='ltr'><strong>explicat:</strong></span> <span class='ocrx_word' id='word_1_114' title='bbox 1338 2168 1625 2234; x_wconf 77' lang='lat' dir='ltr'><strong>Victores</strong></span> <span class='ocrx_word' id='word_1_115' title='bbox 1666 2176 2010 2234; x_wconf 83' lang='lat' dir='ltr'><strong>vescuntur</strong></span> <span class='ocrx_word' id='word_1_116' title='bbox 2046 2170 2308 2255; x_wconf 85' lang='lat' dir='ltr'><strong>prandio</strong></span> <span class='ocrx_word' id='word_1_117' title='bbox 2356 2191 2577 2237; x_wconf 90' lang='lat' dir='ltr'><strong>eorum</strong></span> <span class='ocrx_word' id='word_1_118' title='bbox 2622 2194 2770 2257; x_wconf 74' lang='lat' dir='ltr'><strong>quoe</strong></span> <span class='ocrx_word' id='word_1_119' title='bbox 2808 2174 2950 2257; x_wconf 63' lang='lat' dir='ltr'><strong>pul-</strong></span> 
     </span>
     <span class='ocr_line' id='line_1_18' title="bbox 547 2274 2946 2365; baseline 0.001 -23"><span class='ocrx_word' id='word_1_120' title='bbox 547 2278 642 2343; x_wconf 71' lang='lat' dir='ltr'><strong>vis</strong></span> <span class='ocrx_word' id='word_1_121' title='bbox 684 2301 732 2342; x_wconf 69' lang='grc' dir='ltr'><strong>ε.</strong></span> <span class='ocrx_word' id='word_1_122' title='bbox 780 2278 991 2341; x_wconf 69' lang='lat' dir='ltr'><strong>humus</strong></span> <span class='ocrx_word' id='word_1_123' title='bbox 1034 2276 1245 2342; x_wconf 90' lang='lat' dir='ltr'><strong>habet.</strong></span> <span class='ocrx_word' id='word_1_124' title='bbox 1343 2274 1586 2360; x_wconf 82' lang='lat' dir='ltr'><strong>Ecquis</strong></span> <span class='ocrx_word' id='word_1_125' title='bbox 1632 2275 1752 2340; x_wconf 91' lang='lat' dir='ltr'><strong>hoc</strong></span> <span class='ocrx_word' id='word_1_126' title='bbox 1802 2277 1937 2340; x_wconf 89' lang='lat' dir='ltr'><strong>sine</strong></span> <span class='ocrx_word' id='word_1_127' title='bbox 1983 2275 2223 2342; x_wconf 90' lang='lat' dir='ltr'><strong>scholio</strong></span> <span class='ocrx_word' id='word_1_128' title='bbox 2269 2274 2635 2365; x_wconf 73' lang='lat' dir='ltr'><strong>intelliget?</strong></span> <span class='ocrx_word' id='word_1_129' title='bbox 2682 2276 2946 2345; x_wconf 80' lang='lat' dir='ltr'><strong>Serione</strong></span> 
     </span>
     <span class='ocr_line' id='line_1_19' title="bbox 552 2382 2947 2472; baseline 0 -22"><span class='ocrx_word' id='word_1_130' title='bbox 552 2385 922 2472; x_wconf 84' lang='lat' dir='ltr'><strong>putabimus</strong></span> <span class='ocrx_word' id='word_1_131' title='bbox 968 2385 1138 2469; x_wconf 89' lang='lat' dir='ltr'><strong>ipsos</strong></span> <span class='ocrx_word' id='word_1_132' title='bbox 1185 2386 1566 2467; x_wconf 79' lang='lat' dir='ltr'><strong>spectatores</strong></span> <span class='ocrx_word' id='word_1_133' title='bbox 1613 2382 1733 2447; x_wconf 91' lang='lat' dir='ltr'><strong>hoc</strong></span> <span class='ocrx_word' id='word_1_134' title='bbox 1779 2384 1916 2448; x_wconf 87' lang='lat' dir='ltr'><strong>sine</strong></span> <span class='ocrx_word' id='word_1_135' title='bbox 1962 2382 2201 2449; x_wconf 91' lang='lat' dir='ltr'><strong>scholio</strong></span> <span class='ocrx_word' id='word_1_136' title='bbox 2248 2386 2471 2449; x_wconf 83' lang='lat' dir='ltr'><strong>statim</strong></span> <span class='ocrx_word' id='word_1_137' title='bbox 2518 2386 2800 2469; x_wconf 90' lang='lat' dir='ltr'><strong>potuisse</strong></span> <span class='ocrx_word' id='word_1_138' title='bbox 2845 2386 2947 2450; x_wconf 87' lang='lat' dir='ltr'><strong>in-</strong></span> 
     </span>
     <span class='ocr_line' id='line_1_20' title="bbox 551 2487 2945 2579; baseline 0 -23"><span class='ocrx_word' id='word_1_139' title='bbox 551 2487 886 2579; x_wconf 80' lang='lat' dir='ltr'><strong>telligere?</strong></span> <span class='ocrx_word' id='word_1_140' title='bbox 935 2488 1060 2556; x_wconf 81' lang='lat' dir='ltr'><strong>Sed</strong></span> <span class='ocrx_word' id='word_1_141' title='bbox 1106 2490 1205 2554; x_wconf 87' lang='lat' dir='ltr'><strong>fac</strong></span> <span class='ocrx_word' id='word_1_142' title='bbox 1250 2489 1582 2574; x_wconf 88' lang='lat' dir='ltr'><strong>perspicua</strong></span> <span class='ocrx_word' id='word_1_143' title='bbox 1622 2490 1777 2554; x_wconf 84' lang='lat' dir='ltr'><strong>satis</strong></span> <span class='ocrx_word' id='word_1_144' title='bbox 1814 2487 1971 2554; x_wconf 87' lang='lat' dir='ltr'><strong>haec</strong></span> <span class='ocrx_word' id='word_1_145' title='bbox 2009 2509 2142 2554; x_wconf 88' lang='lat' dir='ltr'><strong>esse</strong></span> <span class='ocrx_word' id='word_1_146' title='bbox 2161 2537 2178 2564; x_wconf 88' lang='lat'>‚</span> <span class='ocrx_word' id='word_1_147' title='bbox 2219 2489 2317 2554; x_wconf 84' lang='lat' dir='ltr'><strong>fac</strong></span> <span class='ocrx_word' id='word_1_148' title='bbox 2340 2491 2665 2574; x_wconf 85' lang='lat' dir='ltr'><strong>scripsisse</strong></span> <span class='ocrx_word' id='word_1_149' title='bbox 2687 2495 2945 2575; x_wconf 85' lang='lat' dir='ltr'><strong>poetam</strong></span> 
     </span>
     <span class='ocr_line' id='line_1_21' title="bbox 549 2592 2944 2681; baseline 0 -19"><span class='ocrx_word' id='word_1_150' title='bbox 549 2599 619 2663; x_wconf 91' lang='lat' dir='ltr'><strong>in</strong></span> <span class='ocrx_word' id='word_1_151' title='bbox 666 2597 935 2664; x_wconf 86' lang='lat' dir='ltr'><strong>eandem</strong></span> <span class='ocrx_word' id='word_1_152' title='bbox 982 2597 1394 2662; x_wconf 86' lang='lat' dir='ltr'><strong>sententiam:</strong></span> <span class='ocrx_word' id='word_1_153' title='bbox 1448 2594 1592 2674; x_wconf 77' lang='grc' dir='ltr'><strong>πρὸς</strong></span> <span class='ocrx_word' id='word_1_154' title='bbox 1644 2595 1898 2675; x_wconf 65' lang='lat' dir='ltr'><strong>ciple-01⁶1</strong></span> <span class='ocrx_word' id='word_1_155' title='bbox 1947 2601 2062 2661; x_wconf 80' lang='grc' dir='ltr'><strong>τῶν</strong></span> <span class='ocrx_word' id='word_1_156' title='bbox 2107 2592 2528 2681; x_wconf 70' lang='grc' dir='ltr'><strong><em>τεθνηκότων,</em></strong></span> <span class='ocrx_word' id='word_1_157' title='bbox 2577 2599 2781 2662; x_wconf 86' lang='lat' dir='ltr'><strong>eritne</strong></span> <span class='ocrx_word' id='word_1_158' title='bbox 2818 2597 2944 2664; x_wconf 89' lang='lat' dir='ltr'><strong>hoc</strong></span> 
     </span>
     <span class='ocr_line' id='line_1_22' title="bbox 551 2696 2944 2791; baseline 0 -22"><span class='ocrx_word' id='word_1_159' title='bbox 551 2706 764 2770; x_wconf 90' lang='lat' dir='ltr'><strong>minus</strong></span> <span class='ocrx_word' id='word_1_160' title='bbox 809 2703 1041 2791; x_wconf 77' lang='lat' dir='ltr'><strong>frigide</strong></span> <span class='ocrx_word' id='word_1_161' title='bbox 1089 2702 1334 2767; x_wconf 89' lang='lat' dir='ltr'><strong>dictum</strong></span> <span class='ocrx_word' id='word_1_162' title='bbox 1382 2721 1575 2786; x_wconf 90' lang='lat' dir='ltr'><strong>quam</strong></span> <span class='ocrx_word' id='word_1_163' title='bbox 1625 2696 1700 2765; x_wconf 76' lang='grc' dir='ltr'><strong>ὧν</strong></span> <span class='ocrx_word' id='word_1_164' title='bbox 1750 2701 1884 2782; x_wconf 79' lang='grc' dir='ltr'><strong><em>ἔχει</em></strong></span> <span class='ocrx_word' id='word_1_165' title='bbox 1927 2698 2144 2773; x_wconf 67' lang='grc' dir='ltr'><strong><em>πόλιςῖ</em></strong></span> <span class='ocrx_word' id='word_1_166' title='bbox 2191 2700 2613 2769; x_wconf 89' lang='lat' dir='ltr'><strong>Offensionem</strong></span> <span class='ocrx_word' id='word_1_167' title='bbox 2649 2705 2944 2791; x_wconf 80' lang='lat' dir='ltr'><strong>genetivi</strong></span> 
     </span>
     <span class='ocr_line' id='line_1_23' title="bbox 545 2807 2943 2895; baseline -0.001 -19"><span class='ocrx_word' id='word_1_168' title='bbox 545 2832 729 2876; x_wconf 88' lang='lat' dir='ltr'><strong>casus</strong></span> <span class='ocrx_word' id='word_1_169' title='bbox 789 2808 1164 2875; x_wconf 85' lang='lat' dir='ltr'><strong>Karstenius</strong></span> <span class='ocrx_word' id='word_1_170' title='bbox 1225 2808 1483 2895; x_wconf 82' lang='lat' dir='ltr'><strong>effugit,</strong></span> <span class='ocrx_word' id='word_1_171' title='bbox 1549 2813 1876 2893; x_wconf 83' lang='lat' dir='ltr'><strong>praeterea</strong></span> <span class='ocrx_word' id='word_1_172' title='bbox 1920 2807 2085 2873; x_wconf 89' lang='lat' dir='ltr'><strong>nihil</strong></span> <span class='ocrx_word' id='word_1_173' title='bbox 2129 2808 2414 2874; x_wconf 84' lang='lat' dir='ltr'><strong>lucratus</strong></span> <span class='ocrx_word' id='word_1_174' title='bbox 2461 2814 2576 2875; x_wconf 89' lang='lat' dir='ltr'><strong>est.</strong></span> <span class='ocrx_word' id='word_1_175' title='bbox 2670 2807 2943 2876; x_wconf 82' lang='lat' dir='ltr'><strong>Utinam</strong></span> 
     </span>
     <span class='ocr_line' id='line_1_24' title="bbox 547 2909 2938 3003; baseline -0.001 -21"><span class='ocrx_word' id='word_1_176' title='bbox 547 2914 760 2983; x_wconf 82' lang='lat' dir='ltr'><strong>Codex</strong></span> <span class='ocrx_word' id='word_1_177' title='bbox 806 2913 1137 2981; x_wconf 88' lang='lat' dir='ltr'><strong>Mediceus</strong></span> <span class='ocrx_word' id='word_1_178' title='bbox 1182 2914 1475 2979; x_wconf 82' lang='lat' dir='ltr'><strong>haberet.</strong></span> <span class='ocrx_word' id='word_1_179' title='bbox 1527 2909 1604 2977; x_wconf 82' lang='grc' dir='ltr'><strong>ὦν</strong></span> <span class='ocrx_word' id='word_1_180' title='bbox 1651 2912 1898 2992; x_wconf 84' lang='grc' dir='ltr'><strong><em>γέμει</em></strong></span> <span class='ocrx_word' id='word_1_181' title='bbox 1945 2911 2162 2987; x_wconf 69' lang='grc' dir='ltr'><strong><em>πολιοί</em></strong></span> <span class='ocrx_word' id='word_1_182' title='bbox 2213 2913 2352 2981; x_wconf 89' lang='lat' dir='ltr'><strong>Hoc</strong></span> <span class='ocrx_word' id='word_1_183' title='bbox 2399 2920 2568 2980; x_wconf 90' lang='lat' dir='ltr'><strong>certe</strong></span> <span class='ocrx_word' id='word_1_184' title='bbox 2615 2914 2938 3003; x_wconf 82' lang='lat' dir='ltr'><strong>intelligo.</strong></span> 
     </span>
     <span class='ocr_line' id='line_1_25' title="bbox 549 3019 2941 3110; baseline 0 -23"><span class='ocrx_word' id='word_1_185' title='bbox 549 3022 849 3110; x_wconf 80' lang='lat' dir='ltr'><strong>Ignorare</strong></span> <span class='ocrx_word' id='word_1_186' title='bbox 917 3023 1128 3106; x_wconf 88' lang='lat' dir='ltr'><strong>potuit</strong></span> <span class='ocrx_word' id='word_1_187' title='bbox 1195 3019 1712 3106; x_wconf 78' lang='lat' dir='ltr'><strong>Clytaemnestra</strong></span> <span class='ocrx_word' id='word_1_188' title='bbox 1775 3020 1855 3086; x_wconf 88' lang='lat' dir='ltr'><strong>ad</strong></span> <span class='ocrx_word' id='word_1_189' title='bbox 1915 3025 2222 3105; x_wconf 85' lang='lat' dir='ltr'><strong>quantam</strong></span> <span class='ocrx_word' id='word_1_190' title='bbox 2276 3026 2720 3107; x_wconf 81' lang='lat' dir='ltr'><strong>paupertatem</strong></span> <span class='ocrx_word' id='word_1_191' title='bbox 2795 3027 2941 3108; x_wconf 87' lang='lat' dir='ltr'><strong>post</strong></span> 
     </span>
     <span class='ocr_line' id='line_1_26' title="bbox 552 3126 2939 3214; baseline 0 -20"><span class='ocrx_word' id='word_1_192' title='bbox 552 3129 771 3195; x_wconf 90' lang='lat' dir='ltr'><strong>decem</strong></span> <span class='ocrx_word' id='word_1_193' title='bbox 818 3148 1123 3194; x_wconf 89' lang='lat' dir='ltr'><strong>annorum</strong></span> <span class='ocrx_word' id='word_1_194' title='bbox 1172 3127 1567 3193; x_wconf 89' lang='lat' dir='ltr'><strong>obsidionem</strong></span> <span class='ocrx_word' id='word_1_195' title='bbox 1609 3126 1863 3214; x_wconf 81' lang='lat' dir='ltr'><strong>Trojani</strong></span> <span class='ocrx_word' id='word_1_196' title='bbox 1909 3127 2148 3192; x_wconf 87' lang='lat' dir='ltr'><strong>redacti</strong></span> <span class='ocrx_word' id='word_1_197' title='bbox 2195 3133 2436 3212; x_wconf 89' lang='lat' dir='ltr'><strong>essent,</strong></span> <span class='ocrx_word' id='word_1_198' title='bbox 2500 3126 2696 3193; x_wconf 89' lang='lat' dir='ltr'><strong>Hom.</strong></span> <span class='ocrx_word' id='word_1_199' title='bbox 2748 3127 2939 3194; x_wconf 81' lang='lat' dir='ltr'><strong>Iliad.</strong></span> 
     </span>
     <span class='ocr_line' id='line_1_27' title="bbox 555 3233 834 3302; baseline -0.011 0"><span class='ocrx_word' id='word_1_200' title='bbox 555 3246 630 3302; x_wconf 92' lang='grc' dir='ltr'><strong>Σ.</strong></span> <span class='ocrx_word' id='word_1_201' title='bbox 679 3233 834 3300; x_wconf 82' lang='lat'><strong>290.</strong></span> 
     </span>
    </p>
   </div>
   <div class='ocr_carea' id='block_1_4' title="bbox 545 3444 2940 4495">
    <p class='ocr_par' dir='ltr' id='par_1_6' title="bbox 637 3444 2302 3535">
     <span class='ocr_line' id='line_1_28' title="bbox 637 3444 2302 3535; baseline -0.001 -22"><span class='ocrx_word' id='word_1_202' title='bbox 637 3447 874 3514; x_wconf 81' lang='lat' dir='ltr'><strong>Contra</strong></span> <span class='ocrx_word' id='word_1_203' title='bbox 916 3444 1109 3512; x_wconf 86' lang='lat' dir='ltr'><strong>laudo</strong></span> <span class='ocrx_word' id='word_1_204' title='bbox 1157 3445 1484 3512; x_wconf 87' lang='lat' dir='ltr'><strong>Karstenii</strong></span> <span class='ocrx_word' id='word_1_205' title='bbox 1532 3466 1802 3512; x_wconf 88' lang='lat' dir='ltr'><strong>acumen</strong></span> <span class='ocrx_word' id='word_1_206' title='bbox 1847 3446 2085 3535; x_wconf 78' lang='lat' dir='ltr'><strong>Agam.</strong></span> <span class='ocrx_word' id='word_1_207' title='bbox 2139 3445 2302 3512; x_wconf 90' lang='lat'>416:</span> 
     </span>
    </p>

    <p class='ocr_par' dir='ltr' id='par_1_7' title="bbox 1270 3551 2163 3633">
     <span class='ocr_line' id='line_1_29' title="bbox 1270 3551 2163 3633; baseline 0.002 -17"><span class='ocrx_word' id='word_1_208' title='bbox 1270 3551 1588 3633; x_wconf 79' lang='grc' dir='ltr'><strong><em>εὐμόρφων</em></strong></span> <span class='ocrx_word' id='word_1_209' title='bbox 1634 3552 1697 3618; x_wconf 74' lang='grc' dir='ltr'><strong>δὲ</strong></span> <span class='ocrx_word' id='word_1_210' title='bbox 1745 3559 2163 3620; x_wconf 78' lang='grc' dir='ltr'><strong><em>κολοσσῶν</em></strong></span> 
     </span>
    </p>

    <p class='ocr_par' dir='ltr' id='par_1_8' title="bbox 545 3655 2940 4495">
     <span class='ocr_line' id='line_1_30' title="bbox 1257 3655 2036 3746; baseline 0.003 -24"><span class='ocrx_word' id='word_1_211' title='bbox 1257 3655 1530 3739; x_wconf 71' lang='grc' dir='ltr'><strong><em>ἔχθεται</em></strong></span> <span class='ocrx_word' id='word_1_212' title='bbox 1575 3656 1765 3739; x_wconf 72' lang='grc' dir='ltr'><strong><em>χάρις</em></strong></span> <span class='ocrx_word' id='word_1_213' title='bbox 1816 3659 2036 3746; x_wconf 51' lang='grc' dir='ltr'><strong>ἀνδρί,</strong></span> 
     </span>
     <span class='ocr_line' id='line_1_31' title="bbox 547 3765 2929 3857; baseline 0 -22"><span class='ocrx_word' id='word_1_214' title='bbox 547 3790 659 3857; x_wconf 91' lang='lat' dir='ltr'><strong>pro</strong></span> <span class='ocrx_word' id='word_1_215' title='bbox 709 3788 832 3853; x_wconf 93' lang='lat' dir='ltr'><strong>quo</strong></span> <span class='ocrx_word' id='word_1_216' title='bbox 879 3767 1163 3831; x_wconf 80' lang='grc' dir='ltr'><strong><em>νεοσσῶ</em></strong></span> <span class='ocrx_word' id='word_1_217' title='bbox 1184 3789 1213 3829; x_wconf 90' lang='grc' dir='ltr'><strong><em>ν</em></strong></span> <span class='ocrx_word' id='word_1_218' title='bbox 1261 3767 1560 3849; x_wconf 88' lang='lat' dir='ltr'><strong>reposuit.</strong></span> <span class='ocrx_word' id='word_1_219' title='bbox 1659 3765 1778 3831; x_wconf 89' lang='lat' dir='ltr'><strong>Sed</strong></span> <span class='ocrx_word' id='word_1_220' title='bbox 1825 3767 1976 3852; x_wconf 84' lang='lat' dir='ltr'><strong>quie</strong></span> <span class='ocrx_word' id='word_1_221' title='bbox 2019 3766 2387 3833; x_wconf 89' lang='lat' dir='ltr'><strong>Dindorfius</strong></span> <span class='ocrx_word' id='word_1_222' title='bbox 2425 3789 2505 3834; x_wconf 89' lang='lat' dir='ltr'><strong>ne</strong></span> <span class='ocrx_word' id='word_1_223' title='bbox 2543 3772 2929 3837; x_wconf 80' lang='lat' dir='ltr'><strong>memoravit</strong></span> 
     </span>
     <span class='ocr_line' id='line_1_32' title="bbox 549 3872 2940 3963; baseline 0 -22"><span class='ocrx_word' id='word_1_224' title='bbox 549 3876 805 3963; x_wconf 89' lang='lat' dir='ltr'><strong>quidem</strong></span> <span class='ocrx_word' id='word_1_225' title='bbox 874 3874 1213 3939; x_wconf 90' lang='lat' dir='ltr'><strong>lectionem</strong></span> <span class='ocrx_word' id='word_1_226' title='bbox 1233 3920 1251 3955; x_wconf 90' lang='lat'>,</span> <span class='ocrx_word' id='word_1_227' title='bbox 1324 3892 1485 3957; x_wconf 91' lang='lat' dir='ltr'><strong>quae</strong></span> <span class='ocrx_word' id='word_1_228' title='bbox 1552 3872 1718 3937; x_wconf 90' lang='lat' dir='ltr'><strong>mihi</strong></span> <span class='ocrx_word' id='word_1_229' title='bbox 1783 3878 1919 3939; x_wconf 87' lang='lat' dir='ltr'><strong>tam</strong></span> <span class='ocrx_word' id='word_1_230' title='bbox 1984 3879 2155 3940; x_wconf 83' lang='lat' dir='ltr'><strong>certa</strong></span> <span class='ocrx_word' id='word_1_231' title='bbox 2216 3874 2475 3941; x_wconf 81' lang='lat' dir='ltr'><strong>videtur</strong></span> <span class='ocrx_word' id='word_1_232' title='bbox 2537 3896 2730 3960; x_wconf 84' lang='lat' dir='ltr'><strong>quam</strong></span> <span class='ocrx_word' id='word_1_233' title='bbox 2780 3896 2940 3961; x_wconf 86' lang='lat' dir='ltr'><strong>quae</strong></span> 
     </span>
     <span class='ocr_line' id='line_1_33' title="bbox 548 3979 2938 4071; baseline 0 -23"><span class='ocrx_word' id='word_1_234' title='bbox 548 3984 941 4057; x_wconf 77' lang='lat' dir='ltr'><strong>certIssima,</strong></span> <span class='ocrx_word' id='word_1_235' title='bbox 991 3979 1171 4045; x_wconf 89' lang='lat' dir='ltr'><strong>lubet</strong></span> <span class='ocrx_word' id='word_1_236' title='bbox 1215 3980 1435 4064; x_wconf 84' lang='lat' dir='ltr'><strong>paucis</strong></span> <span class='ocrx_word' id='word_1_237' title='bbox 1480 3979 1928 4045; x_wconf 87' lang='lat' dir='ltr'><strong>commendare</strong></span> <span class='ocrx_word' id='word_1_238' title='bbox 1974 3983 2440 4068; x_wconf 86' lang='lat' dir='ltr'><strong>conjecturam,</strong></span> <span class='ocrx_word' id='word_1_239' title='bbox 2482 3983 2551 4045; x_wconf 89' lang='lat' dir='ltr'><strong>in</strong></span> <span class='ocrx_word' id='word_1_240' title='bbox 2591 4002 2783 4067; x_wconf 84' lang='lat' dir='ltr'><strong>quam</strong></span> <span class='ocrx_word' id='word_1_241' title='bbox 2820 4002 2938 4071; x_wconf 78' lang='lat' dir='ltr'><strong>ego</strong></span> 
     </span>
     <span class='ocr_line' id='line_1_34' title="bbox 547 4083 2939 4176; baseline 0 -22"><span class='ocrx_word' id='word_1_242' title='bbox 547 4109 796 4176; x_wconf 89' lang='lat' dir='ltr'><strong>quoque</strong></span> <span class='ocrx_word' id='word_1_243' title='bbox 842 4086 1205 4153; x_wconf 84' lang='lat' dir='ltr'><strong>incideram.</strong></span> <span class='ocrx_word' id='word_1_244' title='bbox 1254 4083 1400 4150; x_wconf 89' lang='lat' dir='ltr'><strong>Non</strong></span> <span class='ocrx_word' id='word_1_245' title='bbox 1445 4093 1541 4150; x_wconf 90' lang='lat' dir='ltr'><strong>est</strong></span> <span class='ocrx_word' id='word_1_246' title='bbox 1587 4106 1745 4171; x_wconf 90' lang='lat' dir='ltr'><strong>opus</strong></span> <span class='ocrx_word' id='word_1_247' title='bbox 1793 4087 2001 4153; x_wconf 88' lang='lat' dir='ltr'><strong>dicere</strong></span> <span class='ocrx_word' id='word_1_248' title='bbox 2037 4088 2204 4172; x_wconf 90' lang='lat' dir='ltr'><strong>quod</strong></span> <span class='ocrx_word' id='word_1_249' title='bbox 2241 4108 2461 4153; x_wconf 89' lang='lat' dir='ltr'><strong>omnes</strong></span> <span class='ocrx_word' id='word_1_250' title='bbox 2516 4091 2939 4173; x_wconf 87' lang='lat' dir='ltr'><strong>consentiunt,</strong></span> 
     </span>
     <span class='ocr_line' id='line_1_35' title="bbox 549 4193 2937 4278; baseline 0 -17"><span class='ocrx_word' id='word_1_251' title='bbox 549 4201 847 4261; x_wconf 81' lang='grc' dir='ltr'><strong><em>κολοσσῶν</em></strong></span> <span class='ocrx_word' id='word_1_252' title='bbox 896 4193 1046 4259; x_wconf 86' lang='lat' dir='ltr'><strong>ferri</strong></span> <span class='ocrx_word' id='word_1_253' title='bbox 1090 4213 1213 4258; x_wconf 92' lang='lat' dir='ltr'><strong>non</strong></span> <span class='ocrx_word' id='word_1_254' title='bbox 1262 4212 1473 4277; x_wconf 88' lang='lat' dir='ltr'><strong>posse,</strong></span> <span class='ocrx_word' id='word_1_255' title='bbox 1523 4213 1673 4258; x_wconf 89' lang='lat' dir='ltr'><strong>cum</strong></span> <span class='ocrx_word' id='word_1_256' title='bbox 1721 4196 2098 4278; x_wconf 83' lang='lat' dir='ltr'><strong>praesertim</strong></span> <span class='ocrx_word' id='word_1_257' title='bbox 2144 4195 2263 4259; x_wconf 90' lang='lat' dir='ltr'><strong>hoc</strong></span> <span class='ocrx_word' id='word_1_258' title='bbox 2307 4194 2697 4260; x_wconf 82' lang='lat' dir='ltr'><strong>vocabulum</strong></span> <span class='ocrx_word' id='word_1_259' title='bbox 2736 4195 2937 4262; x_wconf 85' lang='lat' dir='ltr'><strong>Athe·</strong></span> 
     </span>
     <span class='ocr_line' id='line_1_36' title="bbox 545 4299 2937 4386; baseline -0.001 -18"><span class='ocrx_word' id='word_1_260' title='bbox 545 4303 871 4368; x_wconf 83' lang='lat' dir='ltr'><strong>niensibus</strong></span> <span class='ocrx_word' id='word_1_261' title='bbox 931 4300 1333 4386; x_wconf 76' lang='lat' dir='ltr'><strong>incognitum</strong></span> <span class='ocrx_word' id='word_1_262' title='bbox 1395 4299 1502 4364; x_wconf 90' lang='lat' dir='ltr'><strong>sit.</strong></span> <span class='ocrx_word' id='word_1_263' title='bbox 1596 4299 1932 4365; x_wconf 83' lang='lat' dir='ltr'><strong>Praeterea</strong></span> <span class='ocrx_word' id='word_1_264' title='bbox 2011 4299 2305 4383; x_wconf 76' lang='grc' dir='ltr'><strong><em>εὔμορφοι</em></strong></span> <span class='ocrx_word' id='word_1_265' title='bbox 2377 4304 2767 4368; x_wconf 88' lang='lat' dir='ltr'><strong>inanimatae</strong></span> <span class='ocrx_word' id='word_1_266' title='bbox 2839 4322 2937 4368; x_wconf 90' lang='lat' dir='ltr'><strong>res</strong></span> 
     </span>
     <span class='ocr_line' id='line_1_37' title="bbox 550 4404 2931 4495; baseline -0.001 -19"><span class='ocrx_word' id='word_1_267' title='bbox 550 4433 674 4476; x_wconf 83' lang='lat' dir='ltr'><strong>nou</strong></span> <span class='ocrx_word' id='word_1_268' title='bbox 744 4410 1076 4492; x_wconf 85' lang='lat' dir='ltr'><strong>dicuntur,</strong></span> <span class='ocrx_word' id='word_1_269' title='bbox 1141 4406 1248 4471; x_wconf 90' lang='lat' dir='ltr'><strong>sed</strong></span> <span class='ocrx_word' id='word_1_270' title='bbox 1313 4407 1570 4491; x_wconf 88' lang='lat' dir='ltr'><strong>juvenes</strong></span> <span class='ocrx_word' id='word_1_271' title='bbox 1634 4404 1923 4487; x_wconf 74' lang='grc' dir='ltr'><strong><em>εὔμορφοι</em></strong></span> <span class='ocrx_word' id='word_1_272' title='bbox 1975 4415 2124 4471; x_wconf 87' lang='lat' dir='ltr'><strong>sunt</strong></span> <span class='ocrx_word' id='word_1_273' title='bbox 2173 4409 2407 4495; x_wconf 80' lang='lat' dir='ltr'><strong>Agam.</strong></span> <span class='ocrx_word' id='word_1_274' title='bbox 2462 4409 2593 4473; x_wconf 82' lang='lat'><strong>455</strong></span> <span class='ocrx_word' id='word_1_275' title='bbox 2645 4417 2711 4474; x_wconf 91' lang='lat' dir='ltr'><strong>et</strong></span> <span class='ocrx_word' id='word_1_276' title='bbox 2754 4408 2931 4491; x_wconf 76' lang='grc' dir='ltr'><strong><em>χορὸς</em></strong></span> 
     </span>
    </p>
   </div>
   <div class='ocr_carea' id='block_1_5' title="bbox 3148 91 3164 4080">
    <p class='ocr_par' dir='ltr' id='par_1_9' title="bbox 3148 91 3164 4080">
     <span class='ocr_line' id='line_1_38' title="bbox 3148 91 3164 4080; baseline 0 0"><span class='ocrx_word' id='word_1_277' title='bbox 3148 91 3164 4080; x_wconf 95' lang='lat' dir='ltr'><strong> </strong></span> 
     </span>
    </p>
   </div>
  </div>
 </body>
</html>
