3192 5017
1326 257 1728 324 monam.
2636 227 2723 322 ¹73

311 442 471 511 cula
492 442 776 512 accedat.
805 440 978 510 Hinc
1003 442 1434 512 Weckleinius
1459 448 1526 512 in
1550 443 1797 512 Studiis
1822 442 2195 534 Aeschyleis
2216 464 2282 533 p.
2309 441 2393 510 41
2423 442 2723 512 coniecit:

1594 550 1731 618 οὐδέ
1777 576 1898 617 νιν
1945 550 2091 625 Διὸς

601 656 989 738 κεραυνὸν
1037 657 1530 741 ένοκήψαντ’
1579 658 1674 724 ἃν
1725 659 2002 736 ἐμποδὼν
2049 655 2355 740 σχεθεῖν.,

319 767 394 831 in
464 765 702 852 quibus
770 789 855 830 νιν
923 762 1365 832 Heimsoethio
1437 765 1654 845 debet;
1726 767 1794 831 in
1860 765 2144 847 κεραυνὸν
2206 762 2584 847 ένσκῆψαντ’
2649 762 2728 830 ἂν

321 873 672 939 verborum
718 892 977 938 sensum
1021 878 1191 939 recte
1230 878 1557 939 assecutus
1596 879 1728 948 est,
1778 872 1889 939 sed
1934 874 2211 939 mutatio
2258 871 2426 937 mihi
2472 871 2729 939 videtur

322 976 524 1064 paulo
568 976 941 1056 violentior,
990 978 1302 1064 quidquid
1349 979 1522 1045 dicat
1564 986 1641 1044 ut
1688 999 1872 1045 suam
1912 981 2338 1065 suspicionem
2376 975 2726 1045 confirmet.

325 1084 562 1169 Itaque
607 1086 895 1168 quaesivi
939 1083 1399 1171 simpliciorem
1448 1088 1783 1152 rationem.
1867 1084 2163 1151 Primum
2209 1082 2728 1170 amplectendum

326 1195 432 1257 est
477 1189 912 1256 Heimsoethii
945 1189 1112 1256 illud
1149 1215 1258 1270 νιν,
1296 1190 1522 1257 deinde
1554 1191 1675 1257 sub
1707 1192 2046 1273 σκήψασαν
2077 1190 2274 1258 latere
2311 1190 2478 1256 mihi
2512 1191 2730 1256 visum

328 1301 435 1363 est
498 1295 749 1375 σκήψας
811 1294 888 1362 av
909 1345 925 1374 ‚
992 1295 1160 1382 quod
1224 1303 1296 1361 ut
1341 1300 1602 1363 retineri
1647 1300 1881 1384 possit,
1929 1294 2190 1378 σχεθεῖν
2238 1299 2305 1363 in
2354 1294 2575 1379 σχέθοι
2624 1317 2731 1363 ne·

332 1402 611 1469 comario
673 1402 1053 1468 mutandum
1114 1408 1211 1469 est
1276 1409 1341 1468 et
1387 1403 1819 1489 quaerendum
1868 1425 2027 1469 n-um
2077 1403 2238 1470 forte
2285 1401 2577 1470 fulminis
2621 1422 2733 1468 no-

332 1528 494 1574 men
554 1508 815 1595 reperiri
873 1510 1105 1595 possit,
1157 1509 1328 1596 quod
1373 1509 1648 1575 duarum
1697 1509 2094 1598 syllabarum
2142 1512 2229 1575 sit
2275 1515 2342 1576 et
2387 1507 2732 1576 masculini

326 1617 610 1704 generis.
701 1614 1028 1681 Homerus
1091 1623 1342 1701 autem,
1392 1615 1558 1701 quod
1607 1618 1940 1693 novimus,
1988 1618 2245 1698 ἀργῆτα
2289 1616 2572 1697 κεραυνὸν
2620 1634 2728 1700 ap·

323 1719 541 1806 pellat
584 1727 648 1787 et
693 1722 916 1787 scribit
961 1722 1337 1788 Aristoteles
1384 1720 1654 1788 Meteor.
1706 1721 1767 1788 3.
1821 1722 1882 1788 1.
1930 1722 2137 1789 med.:
2186 1721 2295 1789 ἐὰν
2344 1721 2408 1787 δὲ
2456 1722 2517 1787 έν
2560 1721 2729 1802 αὐτῷ

324 1829 424 1911 τῷ
471 1827 642 1910 νέφει
689 1829 849 1895 πολὺ
898 1828 1004 1893 καὶ
1060 1828 1290 1894 λεπτὸν
1339 1825 1609 1912 έκθλιβῇ·
1660 1833 1912 1908 πνεῦμα
1937 1880 1955 1907 ,
2006 1834 2185 1895 τοῦτο
2231 1829 2479 1908 γίνεται
2519 1851 2733 1909 κεραυ-

326 1938 474 2020 νὸς,
545 1935 653 2001 ἐὰν
720 1935 835 2014 μὲν
897 1933 1063 2000 πάνυ
1123 1935 1391 2021 λεπτόν,
1453 1936 1562 2000 οὐκ
1627 1935 1894 2001 ἔπικάων
1951 1935 2054 2002 διά
2103 1935 2504 2021 λεπτότητα,
2552 1926 2614 2000 ὃν
2661 1935 2732 2000 οἱ

326 2041 680 2118 ποιηταὶ
730 2043 774 2107 ά
789 2050 1057 2124 ργῆτα
1103 2046 1431 2122 καλοῦσιν,
1484 2041 1592 2107 ἐὰν
1641 2041 1695 2107 δ’
1739 2039 1938 2123 ἦττον,
1982 2041 2274 2129 innam,
2314 2033 2377 2106 ἓν
2413 2038 2730 2123 ψολόεντα

330 2155 657 2217 καλοῦσιν.
750 2148 925 2216 Hinc
970 2148 1244 2216 dixerim
1290 2154 1543 2235 poetam
1593 2147 1949 2235 scripsisse:

1367 2254 1502 2323 οὐδέ
1548 2279 1663 2320 νιν
1713 2255 1859 2329 Διὸς

707 2362 964 2442 άργῆς
1013 2359 1182 2427 πέδοι
1230 2361 1554 2441 σκήψας
1604 2359 1696 2428 ἂν
1743 2361 2016 2440 ἐμποδὼν
2065 2359 2389 2442 σχέθοι.

330 2467 531 2537 Nihil
573 2487 723 2535 sane
760 2472 857 2535 est
893 2488 1007 2534 our
1045 2468 1423 2536 adverbium
1461 2467 1629 2534 πέδοι
1672 2489 1820 2534 cum
1860 2467 2255 2535 Weckleinio
2291 2468 2733 2545 eliminemus3

330 2574 557 2644 confer
611 2574 798 2641 modo
851 2574 1165 2663 Aeschyli
1224 2574 1429 2661 locos,
1489 2594 1648 2661 quos
1705 2572 2071 2641 Dindorfius
2118 2574 2342 2641 attulit
2387 2575 2466 2642 ad
2511 2573 2730 2640 Prom.

334 2680 502 2751 ¹749.
547 2681 734 2747 Nunc
781 2684 979 2748 etiam
1023 2680 1319 2750 videmus
1363 2682 1532 2748 unde
1578 2680 1726 2747 Eris
1771 2681 1942 2748 male
1984 2682 2114 2748 huc
2151 2682 2378 2768 pedem
2419 2680 2736 2748 intulerit.

330 2789 645 2878 pristinae
690 2789 1039 2874 scripturae
1083 2793 1408 2874 praeterea
1452 2790 1806 2877 vestigium
1852 2792 1948 2855 est
1994 2788 2063 2853 in
2109 2787 2392 2855 Scholio:
2446 2787 2578 2854 οὐδὲ
2625 2788 2735 2863 τὴν

333 2895 494 2969 Διὸς
556 2894 709 2976 ἔριν·
773 2894 900 2971 ἤτοι
966 2893 1096 2960 οὐδὲ
1160 2895 1269 2968 τὴν
1329 2895 1568 2975 ὀργὴν
1617 2895 1722 2961 καὶ
1773 2895 1875 2961 τὸν
1920 2892 2123 2973 θυμὸν
2169 2900 2274 2960 τοῦ
2329 2895 2473 2969 Διὸς
2522 2904 2599 2980 τῇ
2649 2906 2733 2978 γῇ

330 2998 700 3069 ἐπελθόντα
746 3001 937 3083 Φησὶν
984 3000 1246 3066 ἐκποδὼν
1293 2997 1552 3081 σχέθειν
1604 3000 1708 3066 κα)
1757 3005 2102 3082 κρατήσειν.
2197 3001 2384 3069 Nihil
2429 3003 2534 3069 hic
2582 3001 2741 3068 dici-

331 3116 453 3177 tur
518 3107 594 3175 de
652 3113 753 3173 ira
812 3106 991 3175 Jovis
1050 3106 1158 3174 vel
1219 3106 1297 3173 de
1358 3107 1682 3174 iracundis
1745 3108 2165 3187 fulminibus,
2225 3108 2336 3174 sed
2380 3105 2738 3175 Scholiasta

329 3236 503 3283 usus
565 3219 664 3281 est
723 3213 997 3281 aliorum
1066 3214 1294 3300 copiis,
1357 3234 1513 3300 quas
1557 3234 1686 3281 non
1731 3211 2012 3301 amplius
2055 3214 2464 3303 intelligebat
2512 3221 2576 3282 et
2622 3215 2737 3280 ubi

330 3323 546 3405 ἀργῆς
592 3323 902 3408 scriptum
949 3323 1085 3387 erat
1101 3366 1120 3399 ,
1170 3318 1336 3408 leg-it
1381 3320 1585 3403 ὀργῆς.

439 3530 614 3618 Sept.
666 3529 799 3598 530
846 3530 923 3598 de
968 3529 1444 3617 Parthenopaeo
1487 3530 1807 3620 legimus:

810 3637 1025 3716 ὄμνυσι
1072 3637 1126 3703 δ’
1173 3637 1416 3720 αἰχμὴν
1466 3628 1534 3712 ἣν
1580 3636 1719 3721 ἔχει
1765 3641 2015 3719 μάλλον
2065 3636 2215 3706 θεοῦ

805 3744 1013 3825 σέβειν
1057 3741 1371 3816 πεποιθὼς
1418 3743 1805 3823 ὀμμάτων
1853 3746 1904 3810 θ’
1953 3745 2269 3829 ὑπέρτερον

805 3847 841 3927 ἦ
885 3855 1007 3932 μὴν
1055 3849 1369 3928 λαπάξειν
1415 3848 1538 3920 keu
1585 3851 1911 3931 Καδμείων
1957 3853 2096 3938 βΙᾳ.

337 3955 474 4027 Hic
494 4010 514 4039 ‚
579 3963 892 4047 quantum
936 3958 1126 4028 video
1143 4007 1162 4044 ,
1209 3960 1585 4045 interpretes
1630 3958 1796 4025 nihil
1841 3959 2108 4028 afferunt
2155 3960 2234 4027 ad
2282 3956 2736 4046 explicandum

337 4065 668 4147 ὀμμάτων.
715 4064 1030 4153 Equidem
1078 4064 1410 4153 intelligo:
1459 4066 1590 4131 δαι
1612 4091 1662 4144 μ
1684 4064 1760 4132 όν
1780 4092 1823 4132 ω
1844 4091 1893 4132 ν.

436 4277 510 4346 ln
549 4277 835 4346 eiusdem
874 4277 1333 4364 Parthenopaei
1367 4285 1548 4345 scuto
1588 4277 1837 4365 Sphinx
1876 4284 2339 4367 repraesentata
2378 4280 2535 4359 fuit,
2564 4297 2724 4367 quae

344 4385 524 4475 Sept.
579 4386 750 4466 541:
