3192 5017
1248 293 1488 353 monac.
2431 262 2564 347 26¹7

232 490 381 538 mous
414 466 562 539 iuris
606 473 883 541 consulti
929 475 1320 541 statuissent.
1421 471 1847 557 Consequitur
1894 491 2046 549 ‚vero
2092 489 2171 535 ex
2215 469 2429 553 verbis
2474 465 2566 532 al·

230 578 383 654 latis,
442 578 601 644 nihil
658 579 821 644 mali
878 583 1101 645 natum
1147 600 1283 646 esse
1327 600 1407 645 ex
1453 598 1643 664 opera
1688 581 1850 645 iuris
1899 577 2311 664 prudentium
2329 623 2347 659 ,
2391 573 2570 640 effec-

229 688 345 748 tum
404 705 531 750 esse
599 705 680 750 ne
738 683 894 768 quid
948 692 1266 750 nocerent.
1357 682 1563 749 Paulo
1628 690 1802 769 post:
1876 703 2039 762 „nou
2094 681 2308 767 potius
2352 685 2571 746 contra

227 790 361 854 iuris
414 788 727 855 consultos
784 795 1057 855 statum
1073 837 1091 873 ,
1162 791 1218 853 si
1279 787 1468 854 aliter
1526 791 2011 874 pronuntiatum
2059 792 2156 853 est
2201 806 2274 852 ac
2320 784 2568 871 placuit

227 892 412 960 Mucio
427 941 444 971 ,
504 914 701 979 quam
762 914 841 959 ex
885 914 1108 960 eorum
1154 897 1533 960 auctoritate
1549 942 1568 973 ‚
1620 896 1678 960 si
1724 901 1800 960 ut
1846 892 2158 960 Manilius
2204 890 2525 957 statuebat
2545 938 2563 966 ,

226 1002 299 1065 sic
354 1007 443 1066 est
504 998 910 1066 iudicatum‘'
974 1002 1319 1086 requiritur
1377 1006 1719 1065 statuerunt
1777 1005 1855 1065 ut
1915 997 2253 1085 Madvigio
2316 1015 2566 1081 quoque

227 1102 430 1188 placet,
498 1105 609 1171 sed
679 1107 938 1190 propius
998 1105 1242 1171 accedit
1301 1104 1382 1171 ad
1440 1104 1669 1171 libros:
1735 1111 2040 1170 statutwm.
2131 1102 2362 1168 Rarior
2405 1120 2563 1167 usus

224 1213 507 1296 participii
552 1210 633 1277 ad
678 1230 941 1297 pravam
986 1210 1325 1278 lectionem
1372 1210 1599 1277 ducere
1643 1213 1885 1296 potuit,
1933 1216 1999 1277 et
2034 1208 2264 1275 melius
2303 1209 2561 1275 videtur

221 1318 513 1399 passivum
581 1336 778 1401 quam
838 1319 1072 1382 omisso
1131 1316 1418 1383 subiecto
1461 1318 1768 1383 activum.
1859 1314 2147 1381 Resectis
2192 1320 2408 1380 autam
2457 1334 2565 1379 vo·

224 1418 438 1486 cabulis
496 1428 772 1486 statuunt
834 1422 891 1485 ei
949 1421 1277 1508 Kayserus
1333 1440 1458 1486 uon
1517 1422 1914 1507 expedivisse
1972 1420 2082 1486 sed
2149 1419 2563 1505 impedivisse

223 1523 411 1592 locum
455 1526 802 1593 censendus
847 1530 960 1593 est.

288 1737 384 1806 77.
430 1736 612 1817 „Hoc
653 1739 797 1805 loco
838 1738 1279 1825 percommode
1322 1737 1555 1805 accidit
1569 1786 1588 1817 ‚
1631 1738 1801 1823 quod
1838 1758 1964 1804 nou
2004 1736 2226 1804 adest”
2264 1734 2338 1804 G.
2364 1734 2570 1821 Aqui·

212 1840 349 1922 lius,
392 1866 581 1931 quem
628 1845 954 1910 absentem
999 1865 1169 1910 nunc
1214 1842 1448 1909 melius
1490 1843 1752 1910 laudare
1798 1864 2060 1929 possum
2084 1890 2099 1916 .
2152 1845 2378 1921 „ouius
2428 1862 2576 1907 auc-

214 1952 429 2015 toritati
472 1951 717 2016 dictum
766 1955 863 2015 est
909 1950 990 2015 ab
1034 1949 1152 2015 illa
1196 1969 1385 2015 causa
1432 1949 1690 2016 concedi
1740 1951 2020 2014 nimium
2067 1968 2195 2014 uon
2246 1952 2570 2032 oportere3

214 2076 308 2118 nee
360 2076 569 2127 vereor
634 2056 713 2122 de
774 2054 891 2121 tali
954 2057 1095 2120 viro
1139 2076 1220 2121 ne
1264 2054 1410 2140 plus
1456 2055 1666 2121 dicam
1722 2074 1915 2140 quam
1962 2075 2077 2121 vos
2122 2058 2238 2120 aut
2282 2052 2575 2119 sentiatis

219 2165 316 2224 aut
355 2161 515 2246 apud
561 2181 677 2227 vos
723 2162 1211 2227 commemorari
1259 2158 1539 2226 velitisl’

298 2262 394 2330 Sic
456 2265 728 2352 Kayser.
796 2265 928 2330 Nec
996 2264 1391 2330 desideratur
1457 2268 1527 2330 in
1590 2264 1810 2344 libris:
1881 2264 1994 2331 alii
2055 2287 2175 2329 non
2237 2262 2567 2349 supplent:

220 2379 418 2453 oportet
463 2373 601 2458 (aut
645 2373 960 2457 oporteret)
1010 2369 1191 2436 codd.
1225 2407 1307 2419 -
1333 2370 1547 2436 Etiam
1587 2370 1808 2437 addita
1844 2373 2194 2437 necessaria
2232 2370 2573 2457 negatione

222 2473 438 2561 aliquid
493 2476 889 2543 desideratur
899 2496 917 2554 ;
980 2495 1147 2554 „nou
1204 2482 1301 2541 est
1343 2475 1645 2541 standum
1691 2478 1885 2542 unius
1931 2475 2178 2562 Aquilii
2222 2466 2462 2541 iudicio
2509 2479 2577 2540 et

222 2578 354 2647 licet
415 2584 579 2647 mihi
645 2582 844 2650 libere
912 2581 1135 2648 laudes
1200 2583 1337 2648 eius
1406 2580 1801 2666 praedicare”
1871 2581 2042 2647 male
2109 2583 2330 2647 iuncta
2390 2585 2539 2644 sunt
2550 2598 2569 2656 ;

224 2690 557 2770 oportebat:
609 2708 774 2767 „uon
819 2693 1039 2754 tamen
1082 2685 1366 2752 vereor.”
1412 2685 1630 2752 Etiam
1676 2675 1850 2750 cuiue
1892 2685 2245 2751 auctoritati
2282 2722 2368 2733 —
2408 2706 2577 2767 opor-

225 2798 329 2857 tere
366 2792 619 2860 laudem
668 2795 1054 2860 continuisse
1093 2791 1381 2877 Aequilii
1417 2796 1609 2877 puto;
1652 2812 1812 2876 quae
1851 2791 2000 2857 sane
2037 2793 2207 2856 inest
2241 2788 2350 2854 sed
2379 2789 2574 2852 nimis

226 2900 385 2964 tecte.
473 2899 799 2966 Fortasse:
874 2898 1118 2977 „Cuius
1183 2897 1549 2964 auctoritati
1620 2896 1867 2963 dictum
1930 2902 2028 2963 est
2087 2896 2167 2962 ab
2224 2893 2343 2960 illa
2386 2912 2580 2959 causa

224 3004 454 3069 concedi
532 3011 798 3088 oportere
813 3051 830 3082 ,
901 3004 1178 3068 nimium
1249 3021 1375 3068 nou
1443 3007 1729 3088 oportere
1745 3049 1761 3078 ,
1833 3024 1952 3066 non
2022 3020 2242 3067 vereor
2309 2998 2388 3065 de
2456 2996 2576 3064 tali

224 3108 373 3173 viro”
411 3147 516 3176 —.
582 3110 719 3194 Ipsi
782 3109 1127 3177 adversarii
1169 3107 1450 3174 fatentur
1494 3109 1634 3173 eius
1679 3110 2126 3173 auctoritatem
2172 3105 2572 3189 aliquantum

225 3210 424 3280 debere
473 3216 710 3281 valere.

300 3422 388 3491 De
430 3425 650 3493 eodem
698 3422 963 3512 Aquilio
1006 3423 1201 3513 paulo
1246 3431 1390 3514 post
1433 3424 1471 3512 ᾖ
1519 3424 1606 3494 ¹78
1654 3428 1768 3514 qui
1814 3430 1914 3494 tot
1958 3446 2154 3494 annos
2200 3429 2536 3517 ingenium
2557 3475 2578 3508 ‚

226 3526 480 3598 laborem
499 3582 516 3611 ,
582 3530 775 3597 fidem
836 3553 1021 3598 suam
1082 3532 1316 3618 populo
1378 3532 1460 3599 R.
1507 3538 1875 3618 promptam
1921 3527 2351 3620 eapositomque
2393 3555 2584 3621 prae-

227 3631 464 3703 bueritss’
510 3637 651 3702 Imo
691 3637 1160 3724 expeditamque,
1198 3658 1347 3702 uam
1387 3637 1465 3703 de
1502 3658 1630 3703 usu
1667 3641 1887 3725 agitur
1924 3659 2049 3705 non
2087 3640 2166 3707 de
2195 3639 2580 3727 spectaculo.

298 3846 689 3916 Perdifficilis
742 3847 921 3915 locus
967 3854 1065 3915 est
1078 3896 1097 3927 ‚
1157 3851 1459 3935 quoniam
1521 3869 1683 3935 quae
1741 3849 1936 3916 fuerit
1996 3854 2312 3919 sententia
2355 3850 2581 3917 verbo·

221 3971 348 4021 rum
384 3977 511 4022 uon
555 3958 711 4022 satis
756 3956 1033 4022 divinari
1077 3961 1321 4041 potest,
1368 3957 1405 4040 ᾖ
1453 3954 1538 4023 79
1555 4003 1572 4030 ,
1621 3976 1813 4041 quem
1858 3957 2158 4024 Kellerus
2175 4005 2190 4033 ,
2241 3959 2349 4024 cui
2401 3957 2578 4045 Kay-

220 4077 373 4128 serus
417 4065 787 4139 assentitur,
829 4062 920 4127 sic
959 4062 1216 4127 scribit:
1264 4082 1720 4149 „permagnam
1755 4065 1939 4128 initis
1978 4084 2016 4129 a
2053 4064 2235 4131 nobis
2261 4065 2543 4152 gratiam
2562 4118 2583 4155 ,

219 4185 350 4232 cum
408 4188 562 4235 eum
608 4166 1000 4254 (Aquilium)
1052 4174 1377 4233 auctorem
1426 4174 1675 4233 nostrae
1719 4167 2098 4234 defensionis
2143 4190 2279 4237 esse
2326 4171 2542 4241 dicitis
2554 4195 2574 4255 ς

216 4268 364 4338 illud
406 4278 623 4340 autem
667 4275 863 4339 miror
877 4321 897 4358 ‚
952 4290 1102 4338 cum
1150 4293 1263 4340 vos
1308 4271 1588 4357 aliquem
1636 4278 1854 4338 contra
1901 4294 2008 4340 me
2054 4277 2287 4344 sentire
2349 4277 2579 4348 dicatis

221 4374 431 4463 (dicitis
445 4376 533 4465 7),
578 4400 692 4445 cur
738 4398 960 4443 meum
1006 4381 1333 4445 auctorem
1378 4396 1491 4445 vos
1535 4396 1650 4463 pro
1693 4399 1802 4445 me
1864 4378 2198 4469 appelletis
2220 4432 2237 4465 ,
2287 4389 2576 4463 vestrum
