3192 5017
927 326 1015 373 u>
1059 322 1283 372 novun
1330 315 1825 372 memnonem.
2438 292 2573 364 285

218 500 339 584 quis
376 498 614 563 reiiciat
661 494 1103 561 Valckenaerii
1150 495 1564 561 correctiones
1582 542 1601 577 ,
1647 513 1773 577 quo
1816 512 2005 558 nemo
2049 493 2422 558 criticorum
2459 495 2573 579 ju-

218 605 429 669 dicium
475 605 682 690 magis
729 601 957 669 habuit
1003 602 1346 667 subactum
1393 620 1465 665 ac
1512 602 2066 684 circumspectum.

291 781 485 848 XXII.
547 776 706 845 Luc.
773 779 878 844 10.
944 777 1062 844 20:
1135 779 1221 844 τὰ
1283 776 1563 847 ὀνόματα
1630 776 1794 854 ὑμῶν
1860 776 2460 856 ἐγγέγραπται
2512 780 2575 843 ἐν

216 896 323 959 τοῖς
386 888 684 967 οὐρανοῖς,
761 885 929 970 quod
998 881 1328 951 Graecitas
1383 882 1668 971 postulat
1736 883 2432 962 ἀναγέγραπται,
2505 886 2575 951 id

217 993 668 1060 commendatur
734 990 1045 1057 Homiliis
1115 988 1540 1057 Clementinis
1560 1040 1579 1062 ‚
1654 1010 1689 1055 e
1762 990 1996 1074 quibus
2065 989 2574 1057 Tischendorfius

219 1098 440 1166 attulit:
488 1099 574 1164 τοὶ
622 1096 905 1176 ὀνόματα
954 1097 1119 1177 ὑμῶν
1166 1097 1226 1163 ἐν
1274 1096 1498 1177 οὐρανῷ
1546 1096 1622 1169 ὥς
1672 1096 1769 1162 ἀεὶ
1820 1093 2052 1178 ζώντων
2098 1098 2573 1179 ἀναγραφῆναι.

289 1268 551 1344 xxm·
596 1277 672 1342 In
735 1276 1031 1343 Oratione
1088 1274 1477 1343 Dominicali
1535 1274 1694 1340 Luc.
1765 1275 1869 1340 11.
1936 1274 1977 1339 3
2042 1281 2338 1361 corrupta
2382 1275 2574 1342 lectio

213 1390 326 1449 est:
371 1385 473 1448 τὸν
520 1382 700 1463 ἄρτον
749 1385 916 1462 ἡμῶν
965 1384 1069 1449 τὸν
1116 1383 1413 1448 ἐπιούσιον
1456 1381 1616 1446 δίδου
1669 1384 1814 1459 ἡμῖν
1858 1383 1929 1446 τὸ
1977 1385 2115 1446 καθ’
2164 1382 2419 1461 ἡμέραν,
2461 1403 2577 1448 nec

210 1489 540 1575 quidquam
608 1490 851 1555 confert
913 1491 994 1555 ad
1056 1488 1564 1556 emendationem
1625 1487 1869 1555 Matth.
1937 1488 1996 1553 6.
2068 1489 2179 1554 11:
2243 1491 2348 1554 τὸν
2396 1487 2577 1568 ἄρτον

212 1596 360 1670 ἡμῶν
403 1596 509 1660 τὸν
553 1594 852 1661 ἐπιούσιον
897 1595 994 1668 δὸς
1046 1598 1192 1673 ἡμῖν
1236 1595 1517 1674 σήμερον.
1563 1592 1815 1672 Hodie,
1862 1597 1962 1660 uti
2007 1616 2226 1681 spero,
2266 1594 2581 1682 Theologi

211 1702 530 1767 concedent
566 1722 683 1768 nec
723 1702 1051 1789 negabunt
1067 1750 1087 1785 ,
1128 1721 1255 1787 qua
1290 1701 1369 1765 de
1409 1720 1477 1765 re
1510 1698 1828 1787 philologi
1866 1722 1946 1766 ne
1978 1705 2288 1787 punctum
2316 1701 2577 1786 quidem

213 1809 496 1891 temporis
530 1828 841 1892 umquam
876 1806 1332 1873 dubitaverunt
1349 1854 1365 1882 ‚
1404 1807 1715 1870 nimirum
1757 1813 2125 1891 corruptum
2166 1828 2299 1872 esse
2324 1813 2388 1872 et
2411 1828 2581 1873 com·

214 1915 572 1978 menticium
612 1914 1001 1999 adjectivum
1052 1913 1082 1976 ἔ
1099 1937 1148 1978 π·
1168 1935 1230 1976 ιο
1252 1911 1286 1978 ύ
1305 1937 1344 1977 σ
1363 1936 1381 1976 ι
1399 1935 1427 1976 ο
1446 1937 1493 1976 ν.
1554 1911 1754 1977 Unius
1788 1913 2233 1976 testimonium
2276 1913 2441 1977 mihi
2464 1933 2580 2001 pro

215 2019 491 2083 omnibus
534 2019 656 2084 sit:
719 2020 944 2084 scribit
989 2018 1326 2106 Origenes:
1383 2025 1613 2097 πρῶτον
1661 2016 1726 2082 δὲ
1771 2020 1938 2081 τοῦτ’
1986 2018 2143 2085 ἰςέον
2186 2015 2278 2083 ὅτι
2328 2019 2363 2092 ἦ
2410 2016 2577 2095 λέξις

219 2124 248 2195 ἦ
310 2133 783 2190 ΕΠΙΟΤΣΙΟΝ
867 2123 1017 2204 παρ’
1102 2124 1293 2189 οὐδενὶ
1374 2131 1491 2189 τῶν
1569 2125 1880 2196 Ἑλλήνων
1959 2124 2099 2190 οὔτε
2175 2131 2293 2189 τῶν
2375 2131 2581 2205 σοφῶν

220 2230 510 2307 ὦνόμαςαι
576 2230 718 2296 οὔτε
781 2231 842 2294 ἐν
904 2241 982 2311 τῇ
1041 2237 1159 2296 τῶν
1204 2230 1449 2296 ἰδιωτῶν
1472 2231 1780 2313 συνηθείᾳ
1824 2230 2176 2309 τέτριπται,
2226 2231 2378 2295 ἀλλ’
2426 2228 2582 2295 ἔοικε

220 2335 574 2402 πεπλάσθαι
625 2337 742 2401 ὑπὸ
787 2339 907 2401 τῶν
952 2338 1399 2415 εὖαγγελιςῶν.
1451 2336 1675 2422 Itaque
1721 2337 2017 2402 videmus
2074 2339 2582 2403 vetustissimam

220 2439 534 2509 lectionem
598 2464 737 2509 esse
754 2492 771 2517 ‚
833 2443 943 2508 sed
1002 2443 1192 2509 hodie
1254 2443 1410 2509 satis
1469 2448 1865 2528 compertum
1914 2448 2042 2519 est,
2092 2464 2225 2509 esse
2272 2442 2579 2527 quasdam

224 2549 280 2611 in
334 2546 518 2616 Sacra
577 2549 904 2635 Scriptura
952 2548 1341 2635 corruptelas
1385 2551 1545 2635 ipsis
1592 2547 1912 2614 Ecclesiae
1958 2546 2259 2614 Patribus
2306 2551 2583 2633 antiqui-

223 2672 360 2721 ores.
406 2656 704 2722 Ceterum
758 2658 996 2721 vitium
1044 2678 1169 2721 non
1216 2662 1313 2721 est
1357 2676 1671 2744 magnum
1721 2675 1794 2720 ac
1840 2660 2163 2739 praeterea
2209 2656 2347 2720 eius
2392 2676 2584 2742 gene·

222 2762 330 2839 ris,
374 2763 538 2847 quod
584 2763 653 2827 in
698 2764 1157 2828 vetustissimis
1202 2763 1591 2828 membranis
1636 2761 1810 2827 haud
1855 2781 1996 2826 raro
2043 2763 2330 2826 recurrit.
2394 2760 2583 2825 Latet

224 2867 333 2931 nisi
385 2867 570 2933 fallor
626 2869 1038 2953 participium
1101 2868 1338 2933 αἰτοῦ
1360 2891 1513 2944 σιν,
1564 2866 1735 2952 quod
1782 2873 2120 2952 postquam
2164 2868 2232 2931 in
2283 2865 2582 2932 ἐπιούσιον

225 2972 399 3058 abiit,
461 2979 537 3039 ut
601 2975 917 3039 sententia
976 2974 1442 3058 quodammodo
1501 2976 1856 3049 constaret,
1904 2972 2083 3037 locus
2130 2974 2325 3038 variis
2372 2973 2584 3038 modis

224 3081 484 3145 tentatus
528 3080 671 3145 fuit.
721 3078 980 3145 Sincera
1024 3080 1220 3146 verba
1265 3079 1555 3145 fuerunt:
1609 3078 1712 3143 τὸν
1759 3075 1939 3159 ἄρτον
1989 3079 2260 3142 αἰτοῦσιν
2303 3078 2400 3148 δὸς
2437 3081 2584 3155 ἡμῖν

223 3183 456 3265 σήμερον
527 3184 881 3251 secundum
948 3185 1350 3251 Matthaeum
1372 3232 1388 3261 ,
1449 3184 1556 3250 vel
1613 3184 1683 3249 τὸ
1745 3186 1883 3248 καθ’
1942 3183 2174 3260 ἡμέραν
2231 3185 2582 3250 secundum

222 3287 464 3357 Lucam.
521 3291 709 3357 Forte
753 3291 961 3357 fuerat
1005 3292 1315 3376 scriptum
1364 3298 1847 3357 APTONTON
1896 3311 2009 3376 pro
2057 3299 2350 3356 APTON
2391 3291 2586 3356 libra-

222 3397 336 3461 rius
410 3397 673 3482 quidam
749 3396 1021 3463 credidit
1080 3397 1473 3482 adjectivum
1534 3396 1790 3481 aliquod
1848 3398 2086 3480 requiri
2104 3444 2120 3473 ,
2191 3397 2341 3462 hinc
2411 3397 2587 3462 dedit

225 3502 504 3568 αἰτούσιον
567 3510 758 3588 atque
817 3504 937 3569 hoc
994 3505 1235 3568 vitium
1299 3524 1545 3588 semper
1606 3502 1802 3568 latius
1852 3505 2082 3587 serpsit
2128 3508 2193 3568 et
2239 3508 2376 3568 tam
2423 3503 2586 3570 altas

226 3607 281 3672 in
321 3613 612 3676 omnium
658 3610 982 3675 mentibus
1029 3614 1094 3674 et
1141 3629 1247 3674 ore
1292 3611 1430 3697 egit
1466 3610 1708 3675 radices
1725 3657 1742 3687 ,
1783 3615 1859 3673 ut
1883 3611 2018 3694 jam
2058 3614 2331 3694 nequeat
2371 3610 2586 3676 evelli.

299 3784 533 3852 XXIV.
584 3783 992 3879 correxeram
1041 3784 1197 3852 olim
1244 3786 1387 3851 Aot.
1435 3787 1656 3871 Apost.
1712 3783 1813 3850 18.
1867 3788 1945 3852 3:
1996 3785 2098 3850 διὰ
2139 3787 2210 3850 τὸ
2251 3785 2589 3867 ὁμότεχνον

228 3886 359 3959 εἶναι
404 3893 535 3980 (sed
584 3887 739 3957 εἶναι
788 3892 963 3957 deest
1014 3893 1082 3957 in
1128 3889 1641 3979 Cantabrigiensi
1683 3888 1940 3975 Codice)
1986 3889 2161 3969 ἔμενε
2202 3895 2349 3971 παρ’
2375 3894 2586 3966 αὐτοῖς

229 3998 319 4061 καὶ
385 3997 734 4079 εἰργάζοντο
799 4004 864 4063 et
924 3999 1367 4082 rescripseram
1429 3994 1784 4078 ὁμότεχνος.
1882 3997 2190 4063 Probavit
2251 3997 2371 4063 hoc
2418 3998 2590 4063 Bak-

229 4100 592 4191 huyzenius,
654 4124 839 4176 nam,
903 4105 1149 4188 inquit,
1213 4102 1368 4169 Luc.
1432 4102 1536 4168 11.
1587 4101 1630 4168 8
1678 4102 1805 4168 alia
1852 4108 1949 4168 est
1993 4102 2119 4168 loci
2167 4106 2346 4169 ratio.
2443 4104 2589 4169 Non

232 4228 463 4293 possum
510 4216 835 4298 praeterea
881 4230 958 4275 ex
1003 4209 1188 4275 Novo
1235 4204 1645 4275 Testamento
1691 4208 1862 4274 locos
1908 4207 2125 4275 afferre
2141 4255 2158 4286 ‚
2207 4210 2321 4273 ubi
2366 4209 2434 4273 in
2473 4209 2590 4275 tali

235 4318 520 4383 sententia
584 4318 1022 4383 nominativus
1092 4337 1274 4382 casus
1342 4315 1624 4403 legitur3
1696 4316 1851 4399 quin
1924 4314 2120 4381 etiam
2193 4318 2593 4382 accusativus

235 4423 350 4489 sine
406 4423 537 4490 ulla
601 4421 997 4509 corruptelae
1056 4424 1414 4509 suspicione
1477 4428 1648 4488 recte
1709 4423 2037 4489 invenitur
2098 4417 2253 4491 Luc.
2307 4421 2413 4488 19.
2465 4423 2544 4488 11
2573 4473 2590 4503 ,
