3192 5017
537 190 670 263 204
1502 205 1974 264 mmmmm.

536 384 568 450 Ι
616 381 678 463 3,
731 382 770 450 ’7
820 383 902 449 al.
952 404 1129 450 more
1173 383 1533 450 Herodoteo
1577 384 1942 450 καταδοκεῒν
1983 389 2363 471 usurpatum
2398 405 2512 471 pro
2542 381 2913 457 ὑποπτεύειν,

538 490 567 556 I
616 489 679 569 2,
732 488 770 555 Ι7
836 489 1452 569 ἄνοιγιγνωσκόμενον
1515 510 1627 576 pro
1685 488 2160 569 ἅναπειθόμενον
2232 495 2296 557 et
2359 490 2390 556 I
2440 490 2502 576 3,
2555 491 2588 556 1
2646 486 2913 569 πειρασό·

538 600 701 676 μεθω
772 596 1144 680 ἐλέγχοντες
1217 617 1330 683 pro
1403 597 1733 682 ἕλέγχειν;
1803 597 1833 662 I
1882 596 1944 682 2,
1996 596 2036 663 3
2099 603 2163 664 et
2228 595 2294 674 8,
2359 597 2390 662 I
2440 596 2503 675 3,
2559 599 2620 675 5,
2673 596 2706 661 1
2754 596 2814 681 4,
2858 594 2912 671 4,

540 702 695 769 alibi
743 706 1254 789 comparativum
1305 704 1366 767 εἷ
1387 701 1757 788 κότερον,
1805 704 1987 768 cuius
2036 704 2293 770 absurdi
2332 726 2487 770 usus
2524 704 2766 769 mirum
2808 722 2915 766 non

541 815 637 877 est
694 830 894 896 neque
955 809 1124 895 apud
1170 830 1396 877 verum
1442 810 1905 895 Antiphontem
1953 832 2155 897 neque
2204 811 2375 896 apud
2421 810 2624 877 alium
2674 809 2917 894 scripto-

538 938 674 983 rem
723 918 1062 1001 antiquum
1108 916 1319 982 ullum
1366 916 1627 1002 reperiri
1674 916 2075 1002 exemplum,
2123 916 2218 982 III
2261 917 2302 982 3
2349 915 2393 982 8
2435 923 2498 983 et
2538 916 2697 984 alibi
2739 941 2920 980 κατα-

541 1020 898 1101 λαμβάνειν
970 1022 1332 1089 adhibitum
1389 1043 1506 1109 pro
1568 1021 2165 1104 καταψηφίζεσθαι,
2228 1022 2264 1088 Ι
2330 1022 2391 1107 3,
2463 1027 2491 1087 1
2548 1029 2614 1089 et
2663 1021 2757 1087 III
2803 1020 2842 1086 3
2887 1023 2912 1084 1

542 1129 903 1207 ἀπελογήθη
967 1149 1081 1215 pro
1127 1129 1576 1207 ἀπελογήσατο
1601 1177 1615 1206 ,
1667 1129 1834 1215 quod
1881 1135 1976 1196 est
2025 1129 2416 1217 Polybianae
2461 1133 2503 1195 i.
2556 1151 2608 1195 e.
2661 1126 2920 1196 labentis

543 1235 943 1305 Graecitatis.
1039 1236 1302 1302 Praesto
1361 1236 1524 1300 mihi
1588 1257 1713 1302 non
1779 1243 1873 1302 est
1919 1236 2134 1302 Pahlii
2181 1236 2344 1301 liber
2393 1236 2536 1314 „die
2580 1236 2789 1300 Reden
2832 1235 2921 1298 des

544 1343 883 1426 Antiphon,
948 1341 1041 1407 ita
1095 1347 1170 1407 ut
1216 1343 1494 1407 nesciam
1545 1342 1777 1428 quibus
1825 1345 2226 1430 argumentis
2275 1380 2357 1391 —
2394 1343 2672 1427 puerilia
2718 1362 2790 1407 ea
2832 1343 2919 1404 in·

547 1453 761 1535 crepat
819 1446 1135 1514 Iernstedt
1180 1487 1265 1523 ‚—
1316 1468 1471 1513 usus
1534 1449 1654 1533 sit,
1715 1453 1790 1513 ut
1845 1448 2264 1515 Schoemanni
2330 1428 2713 1514 sententiam
2774 1444 2920 1511 solas

548 1558 861 1622 orationes
929 1555 1002 1618 de
1062 1555 1238 1618 caede
1304 1554 1565 1618 Herodis
1627 1561 1691 1619 et
1752 1555 1825 1618 de
1895 1555 2188 1621 Choreuta
2234 1557 2514 1643 genuina
2562 1575 2700 1620 esse
2747 1552 2918 1618 Anti·

545 1662 804 1749 phontis
890 1681 1110 1747 opera,
1199 1667 1489 1739 tueatur;
1564 1661 1730 1725 mihi
1802 1681 1952 1727 vero
2021 1667 2402 1749 argumenta
2472 1682 2548 1726 ex
2619 1656 2918 1726 scribendi

546 1771 790 1835 rat-ione
858 1768 1062 1855 petita
1122 1769 1189 1832 in
1249 1767 1369 1832 hoc
1429 1768 1873 1852 quaestionum
1943 1788 2174 1855 genere
2242 1768 2414 1832 haud
2489 1764 2921 1853 vilipendenda

546 1874 883 1960 videntur,
952 1895 1102 1950 nec,
1175 1874 1325 1959 quia
1394 1872 1652 1939 difficile
1721 1873 1895 1938 dictu
1968 1876 2052 1938 sit
2121 1873 2228 1939 cui
2293 1872 2405 1938 alii
2470 1876 2718 1939 auctori
2784 1874 2920 1936 istas

548 1981 919 2069 tetralogias
967 1981 1360 2056 tribuamus,
1405 1979 1546 2045 ideo
1588 1978 1968 2064 Antiphonti
2010 1978 2377 2045 tribuendas
2401 2000 2537 2045 esse
2561 1978 2921 2045 Iernstedtio

553 2087 855 2172 (Praefat.
902 2108 965 2173 p.
1016 2104 1220 2151 xxm
1269 2086 1335 2149 in
1384 2085 1555 2172 adn.)
1606 2087 1894 2151 assentiri
1942 2105 2216 2170 possum.

638 2193 890 2260 Relicta
939 2192 1084 2259 aliis
1132 2213 1283 2258 cura
1321 2192 1476 2257 haec
1518 2191 1723 2257 acrius
1759 2191 2190 2281 investigandi
2236 2188 2538 2276 <Cobetus
2564 2188 2917 2278 tetralogias

545 2301 626 2367 ad
672 2321 863 2366 suum
909 2299 1197 2385 palatum
1238 2319 1361 2363 non
1401 2318 1535 2364 esse
1575 2297 1789 2364 dicens
1828 2318 2044 2363 earum
2084 2298 2590 2364 emendationem
2635 2298 2916 2382 dedigna-

545 2413 653 2473 tus
701 2407 849 2494 est),
891 2425 1124 2492 paucos
1170 2404 1654 2492 tetralogiarum
1698 2403 1869 2470 locos
1916 2405 2194 2471 breviter
2245 2407 2584 2493 attingam.

636 2513 870 2579 Tetral.
913 2513 944 2578 I
984 2511 1047 2590 2,
1090 2511 1129 2576 9
1168 2508 1576 2593 σφαζόμενον.
1623 2509 1800 2576 Libri
1824 2510 2261 2592 σφαττόμενον
2289 2512 2456 2597 quod
2480 2533 2592 2576 cur
2614 2505 2914 2577 Iernstedt

544 2625 857 2704 mutaret,
899 2622 1021 2685 nisi
1061 2620 1115 2685 si
1154 2624 1323 2685 certo
1363 2622 1677 2684 constaret
1713 2617 2083 2705 tetralogias
2123 2638 2257 2684 esse
2295 2618 2710 2704 Antiphontis
2732 2668 2748 2697 ,
2777 2611 2914 2680 nihil

547 2747 770 2793 causae
810 2733 965 2793 erat.
1013 2725 1223 2791 Proba
1258 2723 1428 2790 enim
1455 2729 1552 2789 est
1575 2729 1844 2809 utraque
1869 2724 2091 2789 forma.
2141 2722 2261 2789 Illa
2285 2730 2557 2789 utuntur
2578 2723 2916 2795 Homerus,

545 2833 814 2922 tragici,
860 2832 1226 2899 Herodotus
1251 2882 1266 2908 ,
1317 2829 1755 2918 Thucydides;
1803 2829 1920 2895 hac
1966 2828 2155 2895 Plato
2177 2878 2193 2907 ‚
2233 2830 2586 2916 Xenophon
2611 2880 2626 2909 ‚
2672 2832 2914 2918 Lysias,

550 2940 889 3007 Aeschines
911 2989 928 3017 ,
979 2938 1089 3004 alii
1137 2938 1470 3023 scriptores
1518 2936 1870 3022 pedestres;‘
1897 2936 2064 3021 apud
2106 2935 2602 3023 Aristophanem
2645 2952 2917 3024 praesens

546 3066 669 3112 non
732 3048 1074 3133 reperitur,
1138 3044 1246 3110 sed
1308 3042 1576 3125 σφάττει
1646 3042 1888 3128 reperio
1935 3042 2104 3127 apud
2154 3039 2486 3108 Cratinum
2507 3094 2525 3127 ,
2573 3042 2913 3129 Theopom-

545 3173 744 3238 pum,
794 3151 1237 3218 Menandrum.
1283 3148 1595 3214 Similiter
1641 3147 1971 3228 ἁρμόττειν
2019 3150 2088 3213 in
2132 3149 2408 3234 pedestri
2455 3156 2517 3214 et
2567 3149 2916 3235 quotidiana

548 3258 827 3324 oratione
887 3260 1189 3323 usitatius
1246 3260 1340 3320 est
1389 3276 1583 3339 quam
1633 3253 1916 3337 ἁρμόζειν
1941 3302 1957 3334 ,
2012 3276 2136 3340 quo
2184 3253 2318 3320 solo
2364 3255 2595 3343 tragici
2642 3258 2909 3321 utuntur.

641 3364 672 3429 I
719 3363 783 3442 4,
831 3363 874 3429 8
933 3364 1184 3449 requiro
1247 3363 1352 3425 καὶ
1416 3359 1523 3427 ἐὰν
1580 3362 1671 3439 μη
1732 3368 1912 3444 φανῶ
1961 3363 2162 3443 ταύτῃ
2208 3371 2284 3445 τῇ
2335 3363 2501 3427 νυκτὶ
2551 3360 2750 3428 οἴκοι
2795 3362 2914 3445 (pro

547 3470 609 3534 ἐν
672 3469 808 3551 οἴκῳ
829 3517 845 3549 ,
910 3472 1035 3534 nisi
1090 3469 1254 3533 forte
1314 3469 1451 3554 ipse
1498 3470 1767 3554 scriptor
1813 3469 1934 3534 hoc
1980 3468 2376 3534 commisisse
2422 3470 2767 3536 censendus
2810 3468 2913 3540 est)

442 3583 446 3586 ⁴
548 3575 853 3643 καθεύδων
917 3576 950 3652 ἢ
1018 3572 1270 3649 ἐξελθών
1320 3597 1450 3640 ποι
1501 3577 1675 3660 (cum
1723 3574 1985 3641 Reiskio
2033 3596 2143 3660 pro
2192 3576 2331 3660 που)
2386 3576 2665 3654 ὁμολογῶ
2713 3571 2910 3658 φονεὺς

547 3679 720 3751 εἶναι.
783 3682 954 3748 Tum
1000 3679 1226 3747 malim
1275 3677 1356 3756 ἦν
1401 3681 1455 3747 δ’
1503 3683 1537 3758 ἦ
1588 3682 1728 3768 (pro
1780 3682 1813 3756 ἦ
1864 3680 1952 3768 δὲ)
2004 3679 2111 3757 νὺξ
2157 3685 2262 3747 οὐκ
2312 3682 2550 3761 ἄσημος
2577 3706 2591 3722 ·
2637 3698 2759 3753 τοῖς
2804 3677 2908 3759 γὰρ

551 3790 918 3861 Διιπολείοις
966 3788 993 3851 ὁ
1042 3789 1188 3866 ἀνὴρ
1238 3787 1527 3852 ἀπέθανε.

638 3895 701 3961 II
748 3896 790 3961 2
838 3896 875 3981 ς
919 3893 961 3959 2
1023 3896 1286 3960 fortasse
1346 3892 1509 3960 nihil
1573 3892 1847 3969 excidit,
1916 3894 2024 3959 sed
2075 3893 2283 3960 deleta
2330 3896 2558 3963 vocula
2605 3898 2695 3977 μή
2739 3904 2907 3961 trans·

547 4001 913 4090 ponendum
960 4006 1088 4066 est:
1141 3999 1354 4078 δέομαι
1406 4001 1569 4076 ὑμῶν
1599 4036 1680 4048 -
1712 4000 1857 4086 [μὴ]
1908 3999 2011 4066 διὰ
2058 4000 2175 4073 ταὶς
2223 4003 2656 4082 προειρημένας
2704 4002 2902 4080 τύχας,

547 4104 1040 4182 ἀποδεξαμένους
1083 4129 1201 4185 μου
1243 4108 1353 4181 τὴν
1391 4106 1743 4184 ἀπολογίαν
1777 4106 2130 4191 ἀληθείᾳ
2172 4109 2305 4172 καὶ
2348 4111 2451 4186 μὴ
2500 4108 2689 4192 δόξῃ
2715 4105 2906 4197 (vulgo

548 4212 690 4294 δόξῃ
759 4213 863 4277 καὶ
935 4216 1024 4290 μη
1094 4214 1380 4297 ἀληθείᾳ)
1450 4213 1558 4285 τὴν
1626 4211 1817 4291 κρίσιν
1879 4210 2305 4287 ποιήσασθαι·
2373 4218 2406 4291 ἧ
2454 4216 2569 4294 μὲν
2615 4218 2740 4296 γὰρ
2780 4210 2902 4284 δόξαι

550 4328 666 4395 τῶν
728 4321 1125 4403 πραχθέντων
1187 4319 1331 4400 πρὸς
1395 4324 1510 4384 τῶν
1577 4319 1786 4396 λέγειν
1852 4318 2196 4398 δυναμένων
2256 4322 2419 4409 ectu,
2468 4327 2503 4400 ἡ
2555 4322 2612 4388 δ’
2663 4317 2904 4397 ἀλήθεικ
