3192 5017
1240 302 1351 352 mo
1396 301 1678 355 oassms.
2520 280 2648 349 201

265 468 527 554 aliquis,
581 473 820 537 mentio
867 473 1003 538 eius
1050 474 1141 540 rei
1188 476 1255 539 in
1303 472 1539 543 Senatu
1585 477 1754 542 facta
1797 479 1915 541 est.
2015 473 2163 553 Est,
2214 474 2323 540 sed
2367 473 2651 558 primum

266 577 554 640 omnium
617 597 672 642 a.
722 576 783 641 d.
836 576 960 642 XII
1013 578 1333 647 Kalendas
1377 580 1807 658 Novembres,
1862 578 2111 661 (Cicero
2165 580 2410 646 Catilin.
2459 579 2504 643 Ι.
2563 577 2650 663 3).

267 679 493 766 Itaque
538 683 735 748 etiam
785 686 876 749 sic
923 685 1097 750 fraus
1144 686 1447 773 perpluit.

356 786 533 854 Haec
604 789 775 855 fraus
843 796 976 856 tam
1038 794 1379 859 manifesta
1441 800 1505 859 et
1567 796 1691 879 ipsi
1755 793 1946 860 Dioni
1996 793 2318 877 suboluit‚
2367 795 2478 877 qui
2527 797 2661 858 erat

269 892 498 959 harum
545 914 758 961 rerum
805 901 871 961 et
918 904 1277 983 temporum
1326 901 1520 985 probe
1567 921 1826 987 gnarus.
1920 900 2142 984 ltaque
2189 901 2459 983 receptis
2505 896 2658 963 reli-

271 1001 414 1084 quis
459 1001 694 1067 fabulis
739 1002 902 1068 hanc
947 1025 1142 1070 unam
1191 1005 1448 1073 silentio
1495 1009 1841 1092 praeteriit.

364 1106 569 1187 Quam
628 1110 714 1173 sit
780 1107 1125 1177 Suetonius
1184 1115 1252 1176 in
1315 1113 1554 1178 talibus
1602 1133 1824 1179 caecus
1873 1120 1938 1179 et
1985 1112 2279 1178 credulus
2327 1118 2391 1177 et
2436 1111 2661 1176 iudicii

273 1234 494 1299 expers
539 1214 818 1280 ostendit
863 1218 1098 1282 iterum
1144 1221 1211 1282 in
1258 1220 1394 1284 vita
1445 1219 1721 1283 Caesaris
1769 1239 1900 1303 cap.
1960 1217 2064 1283 18.
2111 1240 2280 1295 „cum
2322 1218 2390 1281 in
2429 1217 2665 1283 colonia

280 1320 480 1403 Capua
526 1322 719 1385 colom·
767 1358 848 1370 -
896 1324 1209 1405 sepulchra
1253 1325 1652 1388 vetutissima
1698 1324 2041 1389 didicerant
2089 1360 2175 1374 —-
2222 1323 2429 1387 tabula
2478 1344 2662 1387 aenea

275 1426 341 1489 in
401 1435 798 1512 monumnenta,
862 1429 928 1491 in
991 1451 1104 1514 quo
1158 1432 1464 1494 dicebatur
1515 1431 1703 1516 Capye
1750 1430 2023 1495 conditor
2076 1436 2312 1513 Capuae
2359 1430 2662 1512 sepultus,

274 1536 517 1596 inventa
598 1541 686 1597 est
753 1534 1090 1617 conscripta
1159 1536 1355 1600 liber-ie
1428 1542 1733 1622 verbisque
1807 1537 2053 1600 Graecia
2122 1537 2242 1602 hac
2313 1538 2661 1601 sententia:

277 1636 664 1724 Quandoque
724 1660 866 1705 ossa
926 1637 1160 1725 Capuis
1225 1642 1471 1707 detecta
1533 1648 1741 1707 essent
1802 1643 1932 1707 fore
1995 1646 2068 1706 ut
2127 1641 2271 1707 Iulo
2317 1646 2666 1728 prognatus

277 1765 474 1809 manu
555 1748 1165 1833 consanguineorum
1236 1753 1566 1813 necaretur
1633 1750 2010 1835 magnisque
2081 1747 2305 1813 Italiae
2376 1747 2666 1812 cladibus

282 1849 759 1916 vindicaretur.”
850 1850 994 1916 Non
1058 1853 1393 1918 dubitabat
1454 1853 1655 1918 bonus
1719 1852 2061 1919 Suetonius
2114 1855 2268 1938 quin
2313 1852 2469 1917 haec
2516 1872 2671 1919 vera

279 1976 351 2021 ac
395 1962 565 2021 certa
612 1963 853 2033 essent,
904 1958 1012 2023 sed
1060 1979 1139 2024 ne
1178 1961 1321 2043 quis
1360 1958 1526 2024 alius
1565 1959 1726 2025 forte
1767 1957 2088 2024 dubitaret
2128 1958 2407 2023 addidit:
2453 1957 2668 2035 „cuius

279 2063 402 2140 rei,
469 2086 542 2127 ne
602 2070 732 2148 quie
766 2065 1112 2149 fabulosam
1158 2073 1265 2131 aut
1311 2071 1760 2129 commenticiam
1794 2073 2002 2149 putet,
2057 2072 2263 2129 auctor
2308 2071 2395 2128 est
2452 2061 2663 2128 Corne·

281 2170 404 2233 lius
449 2170 683 2233 Balbus
709 2171 1252 2255 familiarissimus
1303 2170 1635 2236 Caesaris.’'
1681 2171 1903 2257 Itaque
1953 2170 2118 2255 quod
2166 2177 2395 2235 natura
2443 2169 2667 2236 absur-

282 2274 438 2341 dum
500 2282 598 2340 est
653 2281 718 2342 et
776 2277 1116 2343 manifesto
1166 2284 1307 2361 post
1358 2278 1632 2343 Caesarie
1677 2300 1868 2342 necem
1915 2274 2137 2342 fictum
2187 2298 2303 2362 pro
2355 2297 2505 2343 vero
2550 2278 2673 2341 erit

282 2379 643 2446 habendum
665 2428 680 2456 ,
747 2384 897 2467 quia
951 2379 1285 2449 Cornelius
1344 2383 1584 2449 Balbus
1643 2383 1981 2469 impudens
2048 2380 2333 2449 Caesaris
2381 2382 2673 2449 adulator

282 2486 350 2551 id
414 2504 555 2553 1Ps13
617 2505 814 2552 D1x1'1’.
912 2487 1197 2554 Multum
1259 2492 1453 2555 etiam
1521 2490 1803 2576 providit
1850 2492 2133 2575 optimus
2180 2489 2394 2576 Capys
2440 2493 2508 2554 in
2552 2489 2670 2554 hoc

284 2612 532 2677 quoque
593 2602 820 2658 cautus
879 2595 1047 2679 quod
1107 2595 1304 2658 biteris
1362 2596 1668 2680 verbisque
1735 2596 1982 2659 Graecia
2043 2615 2117 2659 ea
2181 2596 2552 2680 conscripsit
2598 2602 2672 2659 ut

283 2700 614 2765 commode
660 2722 697 2766 a
743 2697 1036 2766 Cornelio
1083 2700 1284 2767 Balbo
1332 2701 1615 2789 intelligi
1662 2707 1933 2787 possent.

377 2807 625 2872 Addam
686 2806 881 2872 aliam
947 2828 1024 2872 ex
1084 2807 1289 2873 Dione
1337 2804 1555 2872 Cassio
1603 2807 1887 2873 fabulam
1934 2829 2058 2872 non
2107 2807 2318 2872 minus
2364 2810 2674 2893 ineptam.

285 2914 503 2978 Patres
563 2912 881 2995 cmoripti
940 2935 1097 2977 anno
1145 2913 1251 2977 44.
1306 2914 1405 2998 (ut
1449 2920 1664 2978 narrat
1714 2911 1822 2977 44.
1876 2912 1932 2979 7.
1990 2914 2082 2997 2.)
2138 2914 2440 2978 Caesare-m
2486 2922 2677 2977 certa·

286 3020 393 3083 tim
460 3019 628 3084 novis
689 3027 745 3084 et
804 3019 1106 3083 inauditis
1165 3020 1483 3083 honoribus
1547 3020 1894 3084 eoetollentcs
1951 3018 2053 3083 del
2117 3044 2173 3083 τι
2223 3017 2433 3099 μεῖζον
2482 3016 2675 3091 ἄλλος

287 3126 446 3193 ἄλλο
507 3128 648 3193 καθ’
712 3127 1058 3208 ὑπερβολὴν
1114 3125 1421 3206 ἐσέφερον.
1470 3163 1560 3185 -.
1605 3125 1830 3204 ἀμέλει
1882 3126 1989 3189 καὶ
2049 3124 2328 3203 γυναιξὶν
2376 3120 2548 3196 ὅσαις
2597 3124 2673 3190 ἂν

289 3235 541 3314 ἐθελήσῃ
612 3233 881 3298 συνεῖναί
942 3234 992 3297 οἱ
1060 3231 1415 3311 ἐτόλμησάν
1478 3255 1638 3303 τινες
1705 3231 2193 3296 ἘΠΙΤΡΕΨΑῙ
2264 3227 2356 3296 ὅτι
2405 3238 2675 3303 πολλαῖς

289 3339 392 3406 καὶ
441 3338 584 3404 τότε
632 3337 723 3404 ἔτι
773 3341 996 3419 καίπερ
1046 3339 1563 3412 πεντηκοντούτης
1612 3339 1690 3402 ὢν
1738 3338 1985 3418 ἐχρῆτο.
2079 3334 2309 3402 Caesar
2357 3343 2493 3403 erat
2534 3346 2676 3403 tum

289 3446 431 3512 LVI
493 3467 800 3513 annorum
867 3451 932 3511 et
994 3446 1118 3512 Dio
1165 3444 1441 3532 diligens
1486 3447 1553 3509 in
1600 3445 1844 3509 ratione
1892 3449 2256 3529 temporum
2306 3446 2686 3529 scripserat:

291 3553 562 3619 καιΙΠΕΡ
611 3549 1369 3624 ’ΤΠΕΡπ-εντηκοντούτης
1421 3550 1514 3613 ὤν.
1565 3548 1773 3631 Quam
1815 3548 2165 3614 absurdum
2207 3556 2302 3614 est
2344 3546 2677 3615 Caesarem

290 3666 612 3726 matronas
673 3657 915 3724 nobiles
978 3660 1139 3723 inire
1201 3675 1287 3723 ΒΧ
1349 3653 1541 3723 soro!
1593 3654 1772 3721 Idem
1823 3655 2157 3742 Augustus
2202 3655 2537 3721 factitabat
2559 3702 2575 3732 ,
2628 3656 2682 3719 si

291 3764 445 3850 quid
516 3766 792 3829 Antonio
854 3764 1173 3829 credimus
1236 3761 1405 3847 apud
1467 3759 1850 3827 Suetonium
1914 3763 1982 3824 in
2043 3764 2312 3843 Auqusto
2382 3781 2519 3845 cap.
2570 3758 2680 3825 96.

292 3871 403 3936 sed
462 3873 598 3935 sine
658 3870 929 3935 Patrum
976 3871 1378 3935 auctoritate.
1472 3867 1703 3933 Dicam
1757 3866 1925 3933 unde
1974 3871 2093 3933 hoc
2141 3865 2262 3931 Dio
2311 3868 2679 3950 arripuerit.

293 3977 568 4065 Legerat
637 3977 806 4062 apud
874 3974 1247 4041 Suetonium
1321 3977 1389 4039 in
1458 3976 1596 4038 vita
1666 3974 1938 4037 Caesarie
2000 3993 2137 4058 cap.
2207 3972 2315 4036 52.
2387 3971 2684 4049 „Helvius

301 4084 494 4148 Cinna
554 4084 831 4148 tribunus
886 4081 1076 4165 plebis
1126 4082 1431 4167 plerisque
1494 4081 1801 4167 consessus
1846 4086 1933 4144 eat
1978 4078 2250 4143 habuisse
2294 4101 2356 4142 ee
2401 4078 2682 4162 scriptam

288 4202 679 4275 paratamque
737 4190 913 4272 leqem
936 4235 952 4266 ,
1016 4210 1189 4268 quam
1257 4189 1470 4251 Caesar
1522 4187 1703 4272 ferre
1760 4186 2031 4249 iussisset
2085 4207 2214 4248 cum
2272 4185 2399 4267 ipae
2459 4185 2686 4250 abesset

299 4300 471 4383 (prae
514 4295 782 4383 pudore,
829 4301 904 4359 ut
950 4295 1194 4379 opinor)
1244 4294 1339 4358 uti
1383 4315 1616 4365 uxores,
1643 4292 1961 4355 liberorum
2002 4291 2461 4376 quaerendorum
2501 4313 2685 4356 cauea

297 4425 445 4483 quae
491 4410 547 4468 et
591 4408 730 4483 quot
774 4401 951 4465 vellet
996 4400 1208 4464 demere
1251 4397 1513 4465 liceret.”
1606 4395 1673 4463 Si
1722 4395 2070 4483 quidquam
2120 4402 2216 4462 est
2262 4398 2328 4462 in
2377 4396 2497 4463 hac
2539 4416 2685 4463 nar-
