3192 5017
1404 290 1728 341 munus.
2011 213 2035 226 ο
2638 266 2767 335 437

424 448 432 455 ’
471 466 625 553 Pag.
681 464 788 530 56.
837 487 911 531 a:
961 462 1165 530 εἵπετο
1213 464 1277 529 δὲ
1326 464 1494 545 αὐτῷ
1542 463 1734 534 πολὺς
1784 461 1897 541 μὲν
1945 459 2200 537 ὁπλίτης
2245 456 2516 544 [πεζός],
2553 459 2765 533 ἱππεῖς

381 573 435 638 δ’
485 574 605 654 οὐχ
655 570 892 646 ἥττους.

471 677 629 745 Dele
691 677 907 760 πεζός,
967 698 1093 744 non
1155 677 1441 744 solebant
1490 677 1663 742 enim
1712 677 1761 740 οἱ
1811 675 2069 740 ὁπλῖται
2117 676 2296 759 equis
2342 672 2493 739 vehi
2542 676 2607 737 et
2652 691 2766 755 op-

381 790 705 872 ponuntur
750 784 918 851 inter
958 806 1024 850 se
1071 783 1328 858 ὂπλίτης
1378 789 1441 849 et
1486 783 1721 855 ἱππεῖς.

473 983 632 1071 Pag.
684 981 790 1048 56.
840 1005 904 1048 c:
954 984 1181 1057 πλῆθος
1229 989 1338 1054 τῆς
1391 981 1609 1046 οἴκοθεν
1659 981 1826 1062 αὐτῷ
1878 977 2286 1058 ξυνεπομένης
2335 983 2621 1058 ςροιτιοῖς.

472 1087 546 1153 In
610 1088 756 1154 aliis
817 1086 1000 1154 libris
1056 1096 1152 1153 est
1214 1085 1710 1168 ξυνεφεπομένης
1734 1135 1751 1163 ,
1801 1087 1910 1153 sed
1954 1091 2180 1152 neutra
2224 1086 2412 1152 lectio
2459 1107 2607 1153 vera
2654 1092 2768 1151 est.

383 1193 757 1280 Requiritur
825 1196 997 1262 enim
1070 1196 1341 1261 aoristus
1408 1199 1472 1259 et
1545 1193 2009 1258 restituendum
2073 1198 2169 1259 est
2230 1191 2773 1271 ξυνεπίοπομένης

385 1305 664 1382 epm-tie.

476 1405 724 1492 Nempe
784 1409 855 1471 in
918 1409 1232 1492 praesenti
1294 1412 1580 1490 tempore
1642 1426 1861 1471 omnes
1919 1403 2200 1491 simplici
2254 1406 2460 1472 forma
2504 1411 2777 1472 utuntur

388 1507 617 1589 ἕπομαι
643 1560 658 1589 ,
718 1508 972 1578 ἕπεσθαι
995 1562 1013 1597 ‚
1080 1509 1261 1590 ἕπου,
1330 1513 1656 1588 ἑπόμενος,
1721 1513 1791 1575 in
1851 1513 2084 1578 aoristo
2148 1518 2365 1577 autem
2425 1516 2775 1598 composito

387 1618 788 1699 ἑφεσπόμην,
851 1618 1262 1703 ἐπισπέσθαι,
1329 1617 1732 1694 ἐπισπόμενος
1806 1639 1954 1683 cum
2025 1617 2455 1703 decomposito
2526 1642 2775 1684 συνεπι-

386 1722 647 1790 σπέσθαι
667 1774 685 1809 ,
733 1723 1276 1802 συνεπισπόμενος.

478 1906 638 1994 Pag.
690 1905 797 1971 56.
846 1928 907 1971 σε
976 1904 1231 1988 ἄρχοντι
1295 1906 1357 1971 δὲ
1405 1904 1603 1986 ὥσπερ
1654 1902 1719 1981 ἦν
1767 1904 1938 1985 ἄξιον
1983 1910 2087 1972 τὸν
2137 1908 2205 1971 ἐκ
2253 1906 2532 1973 τοιούτων
2580 1932 2775 1989 προοι-

386 2013 541 2088 μίων
590 2014 726 2097 [καὶ
776 2012 1138 2099 προνομίων]
1188 2010 1549 2094 ἀρξάμενον.

478 2119 784 2184 Putidam
833 2119 1012 2186 vides
1060 2119 1584 2207 dittographiam.
1679 2120 1900 2185 Scriba
1947 2141 2146 2206 quum
2195 2121 2515 2186 dubitaret
2553 2127 2772 2186 utrum

391 2224 715 2306 προοιμίων
762 2225 937 2291 daret
985 2246 1065 2290 an
1112 2227 1443 2305 προνομίων
1492 2226 1669 2292 dedit
1714 2233 2083 2312 utrumque.

478 2409 640 2496 Pag.
709 2407 812 2474 57.
864 2427 940 2473 a:
1004 2409 1292 2489 προάγων
1354 2408 1418 2474 δὲ
1484 2409 1584 2473 ἐπὶ
1647 2413 1756 2483 τὴν
1803 2408 2028 2491 μάχην
2079 2446 2161 2458 -
2209 2410 2621 2492 βοιΡΒοιρίζων
2667 2411 2773 2477 καὶ

388 2515 775 2589 οὶνοητοιίνων.
2386 2571 2389 2573 Α

480 2616 663 2685 Nihil
728 2639 950 2685 causae
1013 2625 1107 2684 est
1166 2640 1278 2684 cur
1333 2618 1527 2684 homo
1572 2617 1887 2704 proelium
1935 2620 2140 2684 iniens
2185 2622 2434 2685 barbare
2478 2622 2643 2706 loqui
2690 2622 2778 2686 di-

391 2732 593 2793 catur.
690 2724 763 2790 In
825 2724 1114 2792 Platonis
1175 2725 1482 2790 Theaeteto
1531 2745 1676 2811 pag.
1729 2724 1879 2791 175.
1926 2748 1975 2789 ο.
2024 2728 2091 2789 in
2139 2725 2321 2791 libris
2368 2734 2496 2792 est:
2547 2729 2778 2807 αἰδημο-

392 2840 500 2898 νῶν
569 2855 639 2895 τε
707 2833 812 2896 καὶ
887 2833 1119 2909 ἀπορῶν
1190 2831 1294 2896 καὶ
1365 2828 1777 2910 βαΡΒαρίζων
1848 2830 2103 2910 γέλωτα
2151 2870 2236 2880 —
2286 2833 2591 2913 παρέχει,
2668 2835 2776 2900 sed

390 2937 679 3004 Platonis
733 2959 997 3003 manum
1045 2938 1318 3004 feliciter
1363 2940 1643 3022 repperit
1689 2936 1987 3020 Pierson,
2034 2958 2260 3023 nempe
2296 2938 2774 3021 βαΤΤΑρίζων,

391 3044 584 3128 idque
626 3046 837 3129 ipsum
895 3045 1148 3129 Iuliano
1194 3045 1686 3110 restituendum.

487 3226 649 3313 Peg.
697 3222 803 3291 57.
856 3233 921 3293 b:
971 3227 1303 3293 οὶλίσκετοιι
1351 3225 1632 3307 καθάπερ
1678 3223 1890 3306 ὄρνιθες
1936 3225 2042 3292 καὶ
2094 3227 2364 3308 ἲχθΤΕΟ
2404 3228 2685 3300 δικτύοις.

486 3330 776 3397 Humani
822 3333 974 3418 quid
1014 3354 1235 3419 passus
1277 3339 1371 3399 est
1409 3333 1635 3398 Editor
1675 3333 1986 3398 scribens:
2016 3356 2256 3411 „verum
2279 3337 2517 3400 videtur
2541 3337 2780 3417 ἱχθῢς.”

396 3460 519 3503 non
583 3445 680 3504 est
741 3438 911 3504 enim
959 3439 1293 3505 commode
1341 3439 1703 3504 recordatus
1748 3441 1816 3503 in
1864 3438 2103 3504 talibus
2150 3445 2587 3507 accusativum
2637 3464 2782 3510 con-

398 3545 600 3630 trahi,
648 3546 758 3611 sed
806 3567 924 3612 non
978 3548 1131 3611 item
1183 3547 1677 3610 nominativum.
1773 3544 2089 3609 Dicebant
2133 3546 2272 3618 τοὺς
2321 3550 2537 3627 ἰχθῦς,
2579 3548 2685 3614 sed
2729 3550 2778 3613 οἱ

397 3651 641 3733 ἰχθύες,
706 3653 845 3725 τοὺς
908 3651 1137 3733 βότρυς
1202 3652 1311 3717 sed
1376 3652 1425 3716 οἱ
1490 3651 1767 3730 βότρυες.
1861 3650 2318 3737 Exemplorum
2379 3654 2567 3739 plena
2630 3661 2782 3720 sunt

397 3758 649 3840 omnia,
695 3760 1017 3844 imprimis
1063 3757 1233 3844 apud
1281 3755 1596 3824 Comicos.
1644 3755 1996 3822 Teleclides
2045 3757 2116 3822 F.
2167 3755 2238 3825 C.
2290 3759 2369 3824 II.
2421 3758 2573 3824 361.

1126 3866 1177 3929 οἱ
1227 3864 1278 3928 δ’
1327 3863 1535 3946 ἰχθύες
1583 3861 1781 3928 οἴκαδ’
1834 3863 2046 3935 ἰόντες.

489 3966 792 4055 Diphilus
838 3966 959 4033 IV.
1009 3966 1160 4035 390.

988 4076 1294 4140 οὐπώποτ’
1341 4076 1517 4155 ἰχθῦς
1568 4070 1707 4139 οἶδα
1755 4072 2140 4154 τιμιωτέρους

994 4177 1148 4244 ἰδών.

404 4294 491 4357 et.
513 4291 579 4354 in
628 4288 918 4355 vocativo
966 4286 1135 4372 apud
1186 4284 1622 4372 Archippum:

1314 4390 1522 4474 ἄνδρες
1572 4390 1803 4473 ἷχθύες.
