3192 5017
1370 347 1590 406 snos.
2556 329 2685 395 309

399 521 680 589 Themist.
727 520 897 588 VIII.
949 520 1021 587 2:
1070 522 1545 592 Lacedaemonii
1590 526 1818 611 leyatos
1866 524 2146 589 Athenas
2193 526 2492 588 miserunt
2518 569 2533 599 ‚
2571 524 2682 609 qui

304 653 427 696 eum
466 631 767 695 absentem
813 643 1199 707 accusarent,
1248 636 1415 719 quod
1458 632 1808 698 societatem
1855 654 1991 696 cum
2032 651 2166 715 reye
2208 629 2555 694 Persarum
2595 629 2681 692 ad

310 732 621 803 Graeciam
667 738 1141 824 opprimendam
1178 738 1445 823 fecisset.
1494 737 1636 804 Hoc
1679 740 1933 803 crimine
1978 737 2192 801 absens
2242 732 2673 821 [proditionis]

300 844 622 908 damnatus
664 857 773 908 est.

378 947 531 1028 Quis
602 948 803 1014 semel
862 949 1230 1016 admonitus
1292 951 1616 1016 dubitabit
1679 936 2041 1036 expungere
2098 951 2513 1037 proditionis,
2567 947 2662 1013 ad·

295 1057 593 1139 scriptum
646 1056 723 1120 ab
774 1076 846 1121 eo
893 1059 1002 1141 qui
1054 1056 1204 1139 quid
1255 1065 1419 1122 esset
1466 1058 1574 1123 lzoc
1621 1060 1875 1122 crimine
1920 1057 2253 1141 pueriliter
2305 1060 2679 1140 intorpreta-

296 1167 389 1224 tus
450 1168 566 1226 est.
633 1162 715 1227 of.
765 1162 1043 1227 Miltiad.
1103 1161 1245 1228 VII.
1300 1163 1375 1228 5:
1425 1176 1743 1228 accusatus
1788 1176 1878 1227 est
1922 1164 2320 1250 proditionis.
2384 1161 2673 1226 Tliemist.

296 1264 368 1330 X.
416 1268 488 1333 5:
538 1272 710 1355 quod
742 1271 1124 1356 proditionis
1169 1281 1318 1334 essct
1362 1272 1713 1334 damnatus.
1782 1268 2044 1333 Timoth.
2105 1267 2217 1333 111.
2271 1269 2345 1332 5:
2396 1290 2679 1331 accusan-

295 1385 391 1437 tur
426 1377 830 1462 proditionis.
881 1375 1182 1462 Epamin.
1232 1374 1401 1439 VIII.
1458 1375 1531 1439 l:
1582 1376 1691 1440 hoc
1738 1377 1991 1439 crimine
2036 1376 2497 1439 accusabantur.
2551 1371 2678 1458 Ly-

292 1481 459 1544 sand.
511 1479 632 1546 111.
685 1481 762 1546 4:
811 1493 1127 1546 accusatus
1173 1480 1281 1545 lioc
1326 1484 1599 1546 cm’mine.
1650 1479 1846 1544 Alc-ib.
1883 1478 1997 1544 IV.
2058 1481 2126 1543 l:
2168 1480 2276 1544 hoc
2314 1481 2673 1544 crimine-

288 1587 781 1674 compellabatur.

371 1691 467 1757 Ex
531 1696 674 1779 ipsa
734 1695 827 1758 rei
873 1698 1102 1758 natura
1149 1698 1261 1759 aut
1307 1696 1637 1782 genitivus
1681 1695 1940 1778 ponitur
1975 1694 2357 1781 proditionis
2412 1698 2525 1757 aut
2572 1692 2680 1756 hoc

288 1802 572 1865 crimine.-
623 1800 731 1865 sed
777 1820 900 1864 non
947 1805 1210 1885 possunt
1256 1800 1412 1865 haec
1458 1798 1583 1865 duo
1634 1800 1954 1886 coniungi.

383 2011 677 2077 Themist.
744 2009 914 2076 VIII.
979 2011 1055 2076 3:
1123 2037 1259 2077 cum
1312 2049 1391 2060 —
1444 2037 1553 2077 rex
1619 2013 1884 2089 abesset,
1946 2035 2066 2098 quo
2114 2013 2347 2076 maiore
2394 2012 2679 2097 reliyione

287 2140 344 2180 sc
406 2130 717 2205 receptum
765 2132 1039 2184 tueretur
1073 2118 1288 2206 filiam
1333 2121 1461 2182 eius
1500 2118 1838 2206 parvulam
1892 2119 2170 2204 arripuit
2216 2129 2274 2182 et
2318 2140 2455 2182 cum
2501 2140 2571 2182 ea
2619 2140 2679 2180 se

287 2226 348 2287 in
392 2227 746 2290 sacrarium
767 2271 784 2302 ‚
832 2229 999 2312 quod
1042 2249 1285 2290 summa
1332 2225 1639 2289 colebatur
1683 2226 2054 2289 caerimonia
2074 2271 2088 2300 ,
2141 2226 2402 2289 coniecit.

373 2328 542 2409 Quia
617 2337 682 2395 et
747 2330 958 2416 Nepos
1020 2338 1084 2395 et
1147 2333 1341 2396 ceteri
1403 2333 1470 2395 in
1534 2332 1636 2394 his
1697 2330 1994 2395 omnibus
2040 2350 2243 2393 unum
2293 2335 2357 2393 et
2404 2330 2675 2395 eundem

288 2442 609 2501 auctorem
680 2456 751 2502 ac
815 2444 1044 2501 testem
1092 2436 1409 2502 habebant
1455 2434 1934 2521 Thucyuidem,
1984 2437 2162 2519 isque
2215 2437 2308 2499 ita
2355 2434 2576 2500 scribit
2621 2434 2671 2500 Ι.

291 2539 450 2605 136:
527 2541 888 2607 διδάσκεται
960 2544 1063 2606 ὑπ’
1126 2543 1321 2616 αὐτῆς
1385 2543 1486 2605 τὸν
1549 2541 1756 2605 παῖδα
1813 2547 1987 2620 σφῶν
2049 2540 2266 2617 λαβὼν
2314 2540 2671 2622 καθέζεσθαιι

288 2647 383 2710 ἐπὶ
450 2649 564 2723 τὴν
630 2647 826 2725 sclav,
893 2652 958 2713 et
1014 2653 1158 2733 post
1217 2669 1452 2733 pauca:
1518 2648 1794 2719 ἀνίςησιν
1844 2647 2030 2710 αὐτὸν
2078 2647 2249 2722 μετὰ
2297 2652 2404 2711 τοῦ
2453 2649 2672 2713 ἑαυτοῦ

287 2752 472 2832 υἱέος,
516 2762 780 2839 apparet
816 2755 1129 2839 Nepotem
1174 2756 1532 2839 scripsisse:
1562 2754 1769 2841 filium
1806 2755 1934 2818 eius
1949 2753 2304 2839 parvulum,
2336 2760 2559 2817 etcum
2582 2771 2672 2819 eo.

383 2984 679 3047 Themist.
729 2983 808 3046 X.
867 2983 939 3046 1:
989 2984 1089 3048 ille
1135 3007 1308 3046 omne
1356 2982 1515 3046 illud
1560 2994 1799 3067 tempus
1841 2979 2061 3043 litteris
2102 2982 2482 3065 sermonique
2517 2979 2675 3043 Per-

285 3112 504 3153 sarum
559 3090 687 3174 [se]
736 3091 987 3154 dedidit.

373 3195 712 3280 Expuncto
757 3218 816 3259 se
862 3195 1298 3260 scribendum:
1355 3218 1529 3259 omne
1575 3195 1734 3259 illud
1782 3206 2020 3280 tempus
2069 3193 2289 3256 litteris
2345 3230 2422 3242 —-
2475 3195 2670 3270 Dedit,

284 3301 350 3366 id
418 3308 520 3367 est
588 3323 700 3386 per
770 3322 954 3366 omne
1028 3299 1192 3365 illud
1261 3307 1517 3386 tempus
1576 3299 1814 3364 litteris
1874 3299 2273 3382 sermonique
2334 3298 2672 3363 Persarum

285 3427 542 3492 operam
594 3406 789 3471 dedit.

374 3513 449 3578 Si
517 3513 669 3598 quid
743 3512 976 3597 Nepoti
1048 3513 1403 3588 credimus,
1476 3510 1938 3577 Themistocles
2010 3517 2262 3575 tantum
2327 3532 2451 3576 uno
2513 3533 2673 3576 anno

286 3620 588 3704 profecit,
653 3625 727 3683 ut
793 3620 987 3683 multo
1049 3621 1422 3684 commodius
1482 3621 1729 3683 dicatur
1775 3619 1950 3704 apud
1994 3639 2193 3702 reqem
2244 3618 2419 3681 verba
2454 3619 2674 3703 fecisse

288 3750 476 3812 quam
522 3728 573 3790 ii
609 3738 900 3813 poterant
945 3728 1054 3811 qui
1097 3728 1162 3789 in
1209 3725 1469 3789 Perside
1515 3737 1692 3789 erant
1738 3726 1892 3787 nati.
1943 3722 2110 3808 quod
2156 3743 2357 3807 neque
2413 3735 2674 3788 naturae

286 3835 375 3896 rei
424 3832 723 3918 congruit
767 3836 830 3896 et
869 3829 1103 3895 falsum
1151 3851 1284 3896 esse
1325 3835 1572 3895 constat
1611 3829 1844 3894 diserto
1886 3826 2284 3914 Thucydidis
2310 3828 2675 3893 testimonio

289 3937 341 4002 Ι.
393 3935 561 4001 138;
611 3937 638 4001 ὁ
686 3936 740 3999 δ’
791 3938 849 4001 ἐν
896 3938 981 4017 τῷ
1028 3936 1223 4016 χρόνῳ
1271 3931 1331 4001 ὃν
1382 3934 1616 4016 ἐπέσχε
1668 3942 1777 4008 τῆς
1833 3932 2112 4014 Περσίδος
2162 3935 2451 4009 γλώσσης
2473 3933 2671 3997 “OCA

293 4040 741 4107 ἨΔΤΝΑΤΟ
793 4043 1181 4116 κατενόησεν.

377 4150 494 4215 Est
557 4148 830 4233 aliquid,
887 4154 964 4213 ut
1010 4149 1225 4225 vides,
1273 4151 1437 4214 inter
1484 4155 1832 4232 utrumque
1880 4147 1957 4212 de
2007 4147 2221 4212 eadem
2277 4166 2342 4209 re
2392 4149 2678 4211 testimo-

291 4257 510 4332 nium,
574 4255 682 4319 sed
743 4256 934 4320 habet
993 4255 1111 4319 hoe
1170 4253 1416 4340 Nepos,
1477 4260 1808 4341 tamquam
1873 4255 1927 4318 si
1977 4255 2188 4338 pueris
2235 4251 2482 4316 fabulas
2532 4274 2674 4317 nar-

293 4370 491 4438 raret,
543 4365 616 4425 ut
662 4367 808 4427 ante
855 4361 1070 4426 omnia
1107 4361 1588 4426 admirationem
1632 4380 1890 4425 movere
1931 4358 2183 4423 studeat
2222 4363 2286 4421 et
2326 4357 2401 4423 de
2428 4362 2681 4447 magnis

293 4471 534 4533 maiora
594 4466 891 4552 loquatur
949 4487 1047 4531 res
1111 4465 1458 4552 praeclaras
1524 4467 1731 4531 verbis
1808 4462 2201 4550 amplificans
2251 4467 2313 4527 et
2361 4465 2425 4526 in
2476 4467 2683 4532 maius
