3192 5017
660 174 789 240 130
1738 192 1997 242 sunnon.

657 367 927 435 haberet.
1001 386 1105 427 nec
1174 366 1508 447 beneficium
1528 392 1554 439 ,·
1614 364 1893 427 liberavit
1956 363 2124 426 illum
2189 387 2228 426 a
2289 364 2714 440 creditoribus,
2764 365 2885 427 eibi
2930 387 3037 427 non

659 471 960 552 obliqavit.
1056 468 1294 550 Quodsi
1356 469 1591 536 Seneca
1651 469 1772 535 hoc
1832 468 2032 546 dixit,
2100 469 2415 556 Nepotem
2475 490 2679 555 neque
2742 491 2849 537 aee
2896 468 3040 535 alie·

658 599 850 660 num,
915 597 1118 663 neque
1180 575 1557 643 beneficium
1606 576 1938 660 habuisse,
1986 576 2153 642 dixit
2199 576 2365 662 quod
2414 597 2639 643 verum
2685 595 2811 641 non
2860 583 3037 641 esset.

660 683 784 764 Qui
832 687 1005 750 enim
1052 683 1318 749 alteriue
1365 680 1666 749 beneficio
1713 704 1747 748 e
1794 682 2119 749 decoctore
2168 682 2469 749 solvendo
2526 681 2625 759 fit,
2670 702 2795 748 non
2838 683 3040 747 habere

658 791 998 874 beneficium
1059 789 1188 856 dici
1252 810 1375 855 non
1439 795 1668 874 potest.
1767 787 1948 868 Quod
1997 810 2144 855 vero
2192 789 2487 855 Tiberius
2535 789 2781 872 effecit,
2844 809 3037 874 quum

659 917 769 983 per
814 896 1275 964 contumeliam
1323 893 1702 962 beneficium
1750 894 1961 961 daret.
2011 895 2130 961 hoc
2178 895 2304 959 fuit
2351 901 2460 960 ut:
2508 916 2622 961 nec
2668 894 2893 980 Nepos
2951 917 3039 960 aes

658 1004 918 1068 alienum
964 1004 1204 1067 haheret
1225 1052 1241 1085 ,
1288 1025 1393 1066 nee
1440 1001 1780 1085 beneficium
1826 1018 2137 1086 DBBBRBT,
2185 1002 2463 1066 liberavit
2500 1002 2673 1064 illum
2718 1024 2756 1064 a
2794 1000 3039 1065 credito-

656 1111 839 1185 ribus,
880 1110 997 1173 sibi
1037 1132 1153 1172 non
1191 1108 1496 1189 obliyavit.
1591 1107 1811 1173 Scriba
1851 1113 2106 1193 propter
2147 1106 2639 1173 similitudinem
2675 1108 3035 1193 praeceden-

662 1217 745 1280 tis
783 1216 1052 1288 haberet,
1097 1213 1373 1280 alterum
1414 1216 1890 1299 conjunctivum
1930 1216 2165 1279 omisit.
2261 1213 2361 1279 Ita
2398 1213 2657 1302 singula
2694 1218 3036 1281 sententiae

658 1322 950 1386 membra
996 1325 1285 1386 accurate
1325 1323 1493 1385 inter
1537 1341 1604 1385 se
1643 1319 2145 1405 respondebunt:
2186 1342 2292 1383 nec
2330 1343 2431 1384 aes
2468 1322 2729 1384 alienum
2765 1323 3033 1396 baberet,

655 1426 828 1492 idem
885 1426 1014 1491 fere
1058 1430 1153 1491 eet
1200 1427 1408 1510 quod:
1449 1425 1730 1490 liberavit
1775 1426 1948 1489 illum
1995 1448 2033 1487 a
2079 1425 2504 1508 creditoribus,
2552 1448 2657 1490 nec
2703 1428 3035 1511 beneficium

659 1534 893 1597 deberet
951 1530 1147 1617 quod:
1215 1532 1332 1594 sibi
1391 1553 1508 1595 non
1569 1531 1853 1611 obliqavit
1969 1529 2148 1595 Idem
2215 1530 2343 1595 fere
2403 1530 2585 1596 docet
2630 1530 3035 1617 philosophus

660 1637 739 1703 de
802 1637 1019 1702 Benef.
1080 1637 1132 1701 Ι.
1189 1636 1247 1701 1.
1296 1637 1333 1720 g
1382 1635 1445 1700 8.
1515 1635 1797 1713 „Eodem
1861 1637 2074 1702 animo
2135 1633 2513 1701 beneficium
2577 1634 2879 1713 debetur,
2928 1657 3033 1721 quo

662 1743 927 1827 „datur,
976 1749 1040 1808 et
1087 1742 1229 1808 ideo
1274 1762 1397 1808 non
1441 1748 1537 1809 eet
1577 1740 1994 1829 neglegenter
2033 1741 2350 1817 dandum,
2384 1779 2465 1789 —
2493 1742 2619 1807 sibi
2659 1744 2839 1808 enim
2882 1746 3031 1828 quis-

662 1870 826 1934 „que
888 1848 1112 1931 debet,
1173 1850 1332 1934 quod
1383 1872 1422 1911 a
1483 1854 1775 1914 nesciente
1824 1846 2123 1931 aceepit‚''
2171 1848 2283 1912 ubi
2329 1845 2675 1935 legendum
2722 1851 3029 1935 suspicor:

659 1956 819 2041 quod
872 1979 910 2016 a
968 1971 1138 2020 DARE
1200 1954 1489 2018 nesciente
1549 1958 1791 2036 accepit,
1857 1952 1937 2017 cf.
1986 1952 2040 2017 Ι.
2095 1952 2152 2016 1.
2208 1951 2267 2017 1.
2333 1952 2542 2037 „quod
2590 1950 2903 2020 beneficia
2944 1975 3030 2017 nee

664 2064 810 2126 dare
851 2061 1091 2137 seimus,
1139 2081 1253 2126 nec
1301 2058 1639 2144 accipere.''

750 2275 847 2341 De
893 2274 1112 2343 Benef.
1163 2272 1267 2338 1v.
1321 2273 1430 2338 28.
1477 2274 1513 2357 ξ
1567 2272 1625 2336 1.
1682 2272 1859 2356 „Rex
1906 2273 2173 2339 honores
2213 2272 2428 2359 dignis
2468 2272 2607 2357 dat,
2645 2276 3022 2362 congiarium

663 2389 770 2460 „et
831 2380 1151 2466 indignis,
1213 2379 1609 2443 frumentum
1672 2377 2005 2464 publicum
2069 2384 2200 2444 tam
2251 2379 2355 2444 fur
2399 2399 2593 2463 quam
2640 2380 2938 2464 periurus
2977 2385 3023 2443 et

667 2487 956 2567 „adulter
1016 2487 1335 2570 accipiunt
1384 2490 1449 2551 et
1496 2487 1632 2551 sine
1672 2484 1921 2551 delectu
1970 2505 2221 2551 morum
2280 2487 2566 2570 quisquis
2621 2486 2855 2552 incisus
2899 2483 3025 2552 (nst)⁹

657 2596 939 2660 Incisum
1004 2590 1194 2656 illum
1257 2611 1382 2657 non
1429 2591 1616 2658 facile
1664 2593 1807 2677 quie
1853 2594 1947 2657 ita
1995 2590 2327 2677 expediet,
2378 2598 2453 2657 ut
2497 2611 2687 2657 sanae
2732 2595 3022 2678 interpre-

657 2702 917 2767 tationis
963 2698 1214 2786 legibue
1260 2698 1632 2764 satisfaciat.
1680 2695 1912 2763 Procul
1951 2697 2145 2762 dubio
2185 2699 2543 2780 conjectura
2582 2697 2920 2776 Pinciani‚
2960 2696 3020 2762 ab

659 2807 980 2892 Opsopoeo
1028 2805 1289 2890 probata
1336 2803 1692 2870 redueenda
1738 2811 1869 2869 eet:
1918 2803 2189 2889 quisquis
2234 2809 2301 2867 in
2347 2826 2524 2868 cerua
2568 2811 2676 2868 eet.

746 3019 843 3085 De
887 3018 1102 3085 Benef.
1150 3015 1262 3083 IV.
1316 3015 1419 3082 19.
1470 3017 1506 3101 ς
1552 3014 1617 3082 2.

748 3124 1117 3210 Alloquitur
1173 3122 1411 3188 Seneca
1470 3122 1824 3208 Epicurum
1875 3122 2109 3202 „Hunc
2156 3125 2265 3210 (ec.
2317 3125 2509 3192 deum
2558 3128 2776 3212 tuum)
2843 3127 3017 3216 igitur

653 3237 1113 3317 intersaeptum
1178 3232 1424 3316 ingenti
1487 3229 1749 3314 quidem
1811 3229 1983 3317 (lege
2046 3250 2195 3296 cum
2267 3229 2555 3297 Mureto:
2627 3233 2905 3316 quodam)
2967 3233 3015 3294 et

661 3336 1113 3422 „inea-plicabili
1173 3358 1337 3400 muro
1400 3335 1809 3421 divisumque
1867 3356 1905 3401 a
1951 3342 2246 3402 contactu
2294 3341 2358 3403 et
2405 3357 2442 3402 a
2488 3346 2834 3424 conspectu
2878 3356 3015 3404 mor·

663 3444 937 3523 „talium
983 3461 1106 3507 non
1154 3442 1348 3507 habes
1386 3461 1579 3526 quare
1620 3439 1954 3507 verearie.”
2001 3440 2172 3517 Quid
2213 3442 2298 3508 sit
2335 3448 2545 3507 writes
2580 3443 3013 3527 implicabile,

659 3570 850 3636 quem
920 3547 1154 3613 Seneca
1215 3547 1293 3612 de
1354 3547 1570 3613 Benef.
1641 3546 1725 3612 V.
1790 3569 1842 3612 c.
1919 3546 2018 3613 19.
2088 3547 2152 3614 9.
2223 3553 2566 3631 memorat,
2615 3549 2841 3628 video,
2887 3545 3011 3634 quid
3072 3607 3073 3614 ,

660 3676 807 3722 vero
871 3654 995 3718 sibi
1057 3651 1219 3719 velit
1272 3676 1477 3716 murus
1519 3653 1999 3737 inexplicabilis,
2052 3674 2175 3720 non
2222 3656 2405 3720 item.
2500 3654 2830 3722 Restitue:
2880 3673 3013 3720 muro
3070 3679 3071 3718 l

656 3760 1157 3843 inexsuperabili,
1219 3758 1452 3825 collato
1511 3758 1649 3824 loco
1709 3779 1787 3825 ex
1851 3759 2137 3847 dialogo:
2191 3760 2339 3827 Non
2383 3767 2546 3827 cont.
2596 3781 2803 3848 neque
2849 3763 3011 3828 iniur.
3068 3763 3069 3820 1

660 3871 854 3952 accip.
917 3869 1185 3951 sapient.
1244 3886 1295 3930 e.
1348 3864 1408 3929 6.
1459 3866 1494 3949 ξ
1541 3863 1604 3930 8.
1665 3866 1869 3943 „bona
1915 3868 2053 3931 eius
2100 3865 2320 3933 solidis
2363 3871 2429 3932 et
2472 3868 3011 3951 inexsuperabilibus

659 3973 1038 4039 munimentis
1083 3973 1443 4057 praecincta
1488 3971 1694 4038 eunt.”

754 4185 830 4251 de
875 4184 1093 4253 Benef.
1145 4182 1252 4248 vl.
1300 4181 1362 4248 5.
1414 4185 1475 4247 4.

746 4291 816 4356 Si
877 4293 1020 4377 quis
1076 4289 1155 4355 ab
1220 4288 1416 4355 altero
1467 4287 1841 4355 beneficium
1894 4292 2168 4377 accepit,
2218 4299 2436 4377 postea
2488 4312 2634 4359 vero
2684 4294 2764 4359 ab
2813 4291 2998 4359 eodem
