3192 5017
1430 298 1825 351 mentm.
2730 265 2821 345 93

425 471 811 542 Schiitzium
859 479 918 541 si
960 475 1218 564 rogabis
1264 474 1419 561 quid
1464 477 1551 540 sit
1599 473 1786 556 δάκρυ
1833 473 2111 556 καναχὲς
2164 471 2448 552 ὀλόμενον
2486 470 2821 560 responde-

418 584 529 648 bit
588 583 868 647 lacrimas
924 583 1048 648 sibi
1109 581 1237 647 dici
1301 581 1505 648 videri
1560 587 1719 647 iuter
1771 587 2070 665 cinqultue
2129 589 2187 646 et
2232 581 2512 663 Imbres
2549 579 2823 668 querelae

424 693 671 777 effusas.
769 690 987 757 Vertit
1053 689 1168 755 ille
1229 689 1309 756 ad
1353 689 1479 755 loci
1524 692 1908 755 sententiam
1954 691 2108 755 satis
2149 688 2624 755 accommodate
2641 734 2660 765 ,
2709 684 2819 752 sed

421 797 654 863 omisit
696 796 1111 882 participium
1159 795 1464 873 ὀλόμενον.
1558 793 1703 862 Scio
1751 796 2010 880 quidem
2057 796 2322 861 lacrima
2365 793 2529 860 nihil
2591 794 2818 870 citius,

420 905 534 968 uti
581 905 763 969 aiunt
783 952 799 978 ‚
849 923 1126 969 arescere
1172 908 1238 968 et
1281 905 1486 988 perire
1504 950 1520 980 ,
1574 902 1684 968 sed
1732 902 1886 988 qnid
1932 903 2050 968 hoc
2100 902 2178 967 ad
2224 906 2512 968 nostrum
2560 895 2821 967 locum?

420 1008 645 1075 Etiam
707 1009 1031 1075 offensioni
1092 1014 1192 1075 est
1236 1011 1539 1082 aoristus.
1588 1030 1737 1075 nam
1762 1009 2079 1094 ‚lacrimas
2124 1008 2455 1074 fundimus
2492 1007 2819 1073 interdum

422 1137 596 1202 quae
655 1118 783 1182 cito
847 1117 1328 1204 abstergentur,
1391 1117 1705 1182 abstersae
1767 1115 2067 1182 lacrimas
2110 1136 2299 1182 nemo
2345 1114 2580 1180 fundit.
2627 1110 2819 1179 Ὀλό-

422 1246 613 1301 μενος
658 1220 964 1297 δεσπότας
1013 1222 1311 1288 dominus
1359 1229 1456 1288 est
1500 1228 1608 1308 qui
1639 1228 1830 1306 periit
1847 1251 1867 1288 .·
1910 1224 1978 1287 in
2028 1222 2248 1288 eadem
2296 1223 2613 1289 sententia
2645 1221 2817 1286 idem

422 1329 844 1415 participium
891 1330 969 1395 de
1013 1328 1298 1395 lacrimis
1334 1331 1685 1396 necessario
1725 1329 1963 1396 dicitur
1997 1349 2186 1396 seusu
2224 1328 2464 1395 eodem.
2503 1326 2627 1395 Sed
2664 1326 2822 1414 quid

426 1455 609 1502 cesso
652 1457 867 1503 veram
912 1436 1253 1503 lectionem
1297 1433 1702 1522 expromere?
1750 1435 2004 1501 Vitium
2051 1440 2149 1502 est
2195 1433 2528 1501 consimile
2579 1440 2822 1501 nostro-

308 1567 313 1578 ·
428 1563 582 1607 rum
649 1543 1130 1631 typothetarum
1196 1544 1512 1610 erroribus
1574 1549 1640 1609 et
1701 1541 1887 1628 plane
1951 1544 2187 1608 mirum
2252 1547 2378 1620 est,
2424 1541 2492 1607 id
2538 1539 2822 1608 nondum

428 1649 845 1716 observatum
893 1650 1109 1716 fuisse.
1163 1649 1375 1738 Lege:
1423 1649 1549 1715 ἵετε
1597 1647 1789 1731 δάκρυ
1838 1649 2118 1730 καναχὲς
2165 1651 2239 1728 ὀρ
2264 1648 2564 1727 όμενον,
2660 1646 2825 1714 Vide

428 1756 557 1822 hoo
600 1757 1013 1842 participium
1060 1756 1235 1842 Sept.
1285 1755 1411 1824 87:
1462 1756 1738 1837 ὀρόμενον
1780 1758 1967 1822 κακὸν
2005 1755 2325 1822 ἀλεύσατε
2361 1763 2426 1822 et
2462 1753 2639 1842 Sept.
2670 1753 2823 1823 117:

429 1866 612 1939 κῦμα
679 1899 762 1912 --
813 1860 1130 1942 καχλάζει
1202 1871 1416 1935 πνοαῖς
1482 1866 1702 1943 '‘Apsos-
1774 1863 2049 1945 ὀρόμενον
2112 1868 2178 1928 et
2239 1861 2413 1948 Sept.
2478 1860 2642 1938 423,
2710 1862 2826 1928 ubi

429 1968 629 2035 verba
672 1966 958 2047 ὅρνυσθαι
1009 1976 1074 2035 et
1117 1966 1426 2035 ὅλλυσθαι
1474 1970 1699 2035 itidem
1748 1971 2244 2057 conjunguntur.
2339 1967 2554 2034 Etiam
2600 1966 2824 2054 Suppl.

436 2073 571 2144 ¹782
615 2074 985 2142 Dindorfius
1029 2098 1143 2164 pro
1188 2079 1444 2155 ὀλοίμαν
1495 2078 1780 2162 reposuit
1825 2078 2095 2156 ὀροίμαν.

528 2292 687 2358 Post
748 2313 1001 2358 versum
1050 2290 1179 2358 211
1233 2294 1298 2357 in
1340 2289 1734 2379 Choephoris
1751 2291 2008 2358 ’lacuna
2051 2297 2149 2357 est
2192 2289 2642 2357 nonnullorum
2690 2311 2830 2357 ver·

440 2422 668 2478 suum,
736 2404 812 2465 ut
869 2400 1037 2465 mihi
1098 2400 1392 2478 videtur,
1464 2400 1691 2467 deinde
1752 2398 2005 2466 Orestes
2062 2401 2132 2464 in
2193 2419 2446 2465 scenam
2508 2397 2722 2485 prodit
2765 2401 2833 2466 et

438 2527 719 2574 sororem
768 2526 952 2572 suam
1000 2506 1383 2594 alloquitur:

896 2612 1086 2694 εὔχου
1133 2637 1221 2678 τα
1267 2613 1456 2679 λοιπα
1478 2662 1498 2699 ,
1545 2620 1672 2696 τοῖς
1722 2610 1887 2685 θεοῖς
1934 2611 2343 2695 τελεσφόρους

896 2720 1098 2801 εὐχὰς
1146 2720 1688 2799 ἐπαγγέλλουσα,
1740 2717 2085 2799 τυγχάνειν
2130 2723 2359 2793 καλῶς.

438 2765 803 2915 Respondet
846 2825 1128 2893 Electra.
1177 2829 1309 2892 επεὶ
1357 2829 1422 2893 τί
1470 2830 1568 2892 νῦν
1617 2850 1793 2892 εκατι
1843 2825 2141 2904 δαιμόνων
2190 2832 2372 2909 κυρῶς
2426 2823 2595 2893 Tum
2639 2828 2830 2892 inter·

437 2940 704 3022 rogatus
750 2931 1001 2999 Orestes
1045 2936 1135 2999 ita
1179 2931 1393 3019 prodit
1438 2936 1581 3019 quis
1627 2935 1750 2999 sit·

952 3041 1037 3112 εἷς
1084 3039 1225 3120 ὄψιν
1271 3040 1497 3117 ἥκεις
1547 3037 1739 3123 ὦνπερ
1783 3038 2048 3121 ἐξηύχου
2098 3039 2329 3107 ποὶλαι.

433 3147 700 3214 Rectius
780 3146 934 3214 haec
1016 3168 1166 3211 cum
1250 3147 1683 3233 superioribus
1752 3147 2211 3226 cohaerebunt,
2282 3147 2338 3214 si
2409 3149 2825 3234 participium

436 3255 796 3321 restitueris
841 3259 905 3318 et
950 3255 1308 3338 scripseris:
1358 3250 1653 3331 ἥκουσ’.

530 3466 683 3534 Sine
731 3466 1069 3533 offensione
1115 3467 1396 3554 legimus
1445 3463 1728 3553 Ohoeph.
1780 3462 1945 3531 312:

986 3572 1124 3638 αντὶ
1176 3573 1238 3638 δὲ
1307 3581 1633 3652 πληγῆς
1678 3574 1970 3656 φονίας
2020 3572 2324 3656 φονίαν

990 3681 1312 3759 πληγὴν
1360 3679 1617 3758 τινέτω.,

442 3788 555 3854 sed
603 3788 1008 3875 transpositis
1051 3785 1378 3852 vocabulis
1420 3785 1749 3875 eleganter
1793 3786 2139 3852 scribetur:

988 3892 1124 3959 α’ντὶ
1174 3891 1237 3958 δὲ
1284 3900 1607 3972 πληγῆς
1657 3893 1985 3971 πληγὴν
2026 3894 2323 3974 φονίας

988 3999 1289 4081 φονίαν
1335 3998 1570 4065 τινέτω.

441 4105 719 4173 Librarii
776 4112 997 4172 amant
1056 4109 1125 4171 in
1188 4105 1427 4172 talibus
1472 4104 1678 4172 redire
1723 4105 1804 4172 ad
1852 4105 2309 4192 simpliciorem
2349 4106 2653 4174 orationis
2698 4107 2829 4175 for-

440 4234 639 4279 mam.
687 4212 805 4278 Est
849 4214 1282 4301 fragmentum
1329 4213 1657 4298 Sophoclis
1676 4262 1693 4297 ,
1741 4213 1910 4299 quod
1957 4212 2344 4278 Plutarchus
2381 4218 2479 4279 ter
2516 4212 2828 4294 laudavit,

442 4340 690 4405 semper
760 4340 908 4385 cum
977 4318 1197 4403 aliqua
1254 4318 1545 4389 lectionis
1607 4321 1940 4385 varietate:
2009 4318 2229 4398 πικρὰν
2289 4321 2491 4401 χολην
2539 4319 2827 4403 κλύζουσι

443 4424 762 4509 φαρμάκῳ
826 4427 1015 4506 πικρῷ
1074 4422 1300 4491 Moral.
1351 4423 1482 4490 468
1530 4423 1607 4502 B,
1657 4425 1762 4492 vel
1807 4426 1999 4506 πικρῷ
2052 4425 2277 4506 πικρὰν
2324 4425 2611 4510 κλύζουσι
2660 4433 2830 4509 φαρ-
