3192 5017
1074 1189 1876 1280 AESCHYLEA.

1366 1488 1574 1524 seman·

1190 1728 1257 1795 S.
1307 1729 1384 1793 A.
1433 1726 1741 1795 NABER,

1334 2071 1580 2098 Μ

346 2360 584 2425 Narrat
654 2357 1053 2426 Guilielmus
1122 2355 1490 2422 Dindorfius
1557 2359 1629 2420 in
1688 2355 2005 2441 Lipsiensi
2069 2358 2366 2425 Editione
2425 2359 2664 2441 Quinta

240 2490 314 2553 p.
365 2483 474 2530 cn
492 2515 510 2549 ,
554 2463 860 2552 Aeschyli
894 2469 1221 2549 receptum
1262 2470 1508 2528 textum
1557 2466 2064 2549 conjecturarum
2102 2465 2355 2532 circiter
2391 2469 2663 2556 triginta

249 2571 559 2638 millibus
604 2573 931 2657 hucusque
976 2571 1170 2635 fuisse
1216 2575 1553 2635 tentatum.
1606 2568 1819 2635 Facile
1855 2575 1952 2634 est
1990 2571 2393 2650 existimare,
2441 2594 2519 2640 ex
2560 2574 2662 2639 his

250 2680 500 2744 bonam
550 2684 792 2763 partem
842 2683 908 2742 et
952 2676 1109 2742 olim
1157 2677 1454 2759 imperite
1501 2673 1815 2760 prolatam
1863 2674 2060 2741 fuisse
2105 2698 2219 2742 nec
2258 2678 2467 2745 multo
2507 2699 2663 2765 pau·

252 2787 465 2851 ciores
519 2784 706 2849 hodie
755 2786 891 2848 sine
939 2783 1320 2847 detrimento
1367 2781 1557 2846 abiici
1604 2801 1820 2866 posse,
1871 2789 2207 2868 postquam
2256 2782 2658 2851 intellectum

251 2891 387 2956 fuit
450 2889 888 2955 Florentinum
948 2887 1250 2958 Codioem
1318 2908 1451 2953 esse
1514 2886 1789 2963 fontem,
1838 2888 2005 2954 unde
2053 2887 2282 2974 reliqui
2326 2888 2478 2955 libri
2525 2912 2660 2957 ma·

254 2999 579 3062 neverint.
672 2995 986 3060 Omnibus
1050 3002 1261 3060 autem
1329 2995 1587 3059 resectis
1610 3043 1627 3069 ,
1696 3013 1968 3079 quorum
2029 2993 2249 3060 nullus
2310 3017 2464 3061 usus
2525 3005 2658 3074 est,

261 3109 607 3186 supersunt
652 3102 925 3167 eximiae
972 3100 1479 3175 emendationes,
1528 3100 1761 3184 quibus
1810 3099 2080 3165 efficitur
2124 3109 2197 3165 ut
2247 3101 2661 3186 probabiliter

258 3207 527 3274 definire
572 3211 925 3294 possimus,
976 3207 1129 3293 quid
1176 3205 1538 3293 Aeschylus
1581 3206 1924 3291 scripserit.
1973 3206 2078 3271 Ad
2129 3227 2270 3272 eam
2320 3228 2455 3273 rem
2506 3229 2655 3297 cog·-

250 3315 639 3381 noscendam
691 3318 926 3380 tirones
973 3335 1124 3379 oum
1164 3313 1380 3377 fructu
1416 3311 1636 3398 legent
1677 3310 1926 3378 Kiehlii
1967 3313 2098 3376 mei
2136 3311 2655 3398 disputationem,

249 3425 371 3508 qui
393 3468 409 3496 ‚
460 3442 661 3507 quum
708 3429 988 3487 nostram
1030 3420 1497 3506 Mnemosynen
1538 3418 2023 3502 auspicabatur,
2066 3418 2313 3486 idoneis
2347 3422 2660 3509 exemplis

250 3528 573 3608 ostendit,
644 3526 959 3613 quomodo
1030 3527 1289 3591 tandem
1358 3539 1501 3610 post
1568 3523 1925 3589 multorum
1994 3527 2416 3611 interpretum
2479 3549 2658 3595 curas

248 3632 626 3719 Supplices,
694 3654 854 3718 quae
915 3631 1133 3697 fabula
1194 3631 1384 3718 longe
1446 3632 1927 3715 corruptissima
1990 3637 2089 3696 est
2111 3681 2127 3706 ,
2188 3631 2485 3699 abstersis
2532 3637 2656 3701 im-

249 3740 557 3805 manibus
595 3745 661 3804 et
700 3740 1073 3804 inveteratis
1111 3736 1384 3802 maculis
1420 3741 1816 3822 praesentem
1855 3735 2126 3802 formam
2166 3744 2651 3823 reeuperaverit.

252 3844 447 3912 Grati
513 3848 761 3910 utimur
804 3846 1121 3911 industria
1164 3864 1383 3910 eorum
1433 3845 1545 3927 qui
1594 3848 1740 3909 ante
1785 3863 1902 3908 nos
1947 3843 2242 3921 fuerunt,
2311 3850 2375 3909 et
2435 3866 2655 3934 prope·

252 3952 524 4017 modum
594 3950 964 4017 incredibile
1023 3960 1152 4028 est,
1218 3952 1330 4037 qui
1384 3969 1666 4034 unquam
1716 3946 1853 4015 fieri
1900 3953 2214 4035 potuerit,
2267 3959 2340 4016 ut
2386 3959 2484 4018 tot
2530 3952 2653 4021 lec-

258 4062 514 4124 tionum
562 4056 891 4123 cumulata
938 4065 1220 4122 monstra
1266 4065 1686 4144 arguerentur
1731 4062 1797 4121 et
1844 4063 2350 4142 procurarentur.
2424 4056 2551 4125 Hic
2598 4065 2652 4126 si

254 4185 571 4250 umquam
645 4163 839 4242 alias,
903 4185 1126 4229 verum
1191 4163 1257 4228 id
1321 4183 1454 4228 esse
1513 4162 2042 4247 deprehendimus
2106 4162 2273 4248 quod
2320 4168 2652 4249 proverbio

254 4272 497 4337 dicitur
517 4320 536 4355 ‚
604 4269 772 4335 nihil
834 4291 968 4336 esse
1032 4275 1167 4336 tam
1229 4270 1631 4335 reconditum
1694 4271 1849 4354 quin
1917 4268 2271 4354 quaerendo
2315 4272 2514 4356 possit
2559 4277 2653 4340 in-

254 4380 585 4466 vestigari.
682 4375 1034 4464 Supersunt
1078 4375 1204 4443 loci
1250 4374 1457 4441 multo
1503 4375 1720 4461 plures
1764 4396 1959 4460 quam
2011 4374 2207 4442 velles
2247 4377 2650 4467 conclamati,
