3192 5017
1256 301 1629 351 amsroma.
2566 284 2648 350 47

350 467 637 554 Alciphr.
706 469 832 535 III.
903 470 963 535 3.
1031 474 1067 558 ξ
1114 472 1180 537 2.
1243 492 1387 558 pag.
1443 469 1551 537 68.
1602 473 1628 535 ὁ
1679 472 1920 550 Χρέμης
1970 473 1997 537 ὃ
2049 474 2573 547 ΚΑΤεσκληκώς.
2625 475 2653 538 ὃ
2723 458 2728 463 ’

267 576 728 648 ΚΑΤεσπακὼς
781 578 898 647 τὰς
945 579 1176 657 ὀφρῦς,
1228 579 1254 642 ὁ
1306 576 1599 656 ταυρηδὸν
1639 579 1886 649 πάντας
1929 577 2317 655 ὑποβλέπων.
2370 579 2658 645 Emenda

267 682 699 754 ’ΛΝεσπακὼς
771 685 888 756 τοὶς
953 687 1177 764 ὀφρῦς,
1244 690 1317 750 ut
1379 685 1619 749 dicitur
1679 685 1890 764 αἴρειν,
1956 686 2264 765 ἐπαίρειν,
2316 687 2652 751 ανατείνειν

263 796 325 853 et
374 789 653 853 ἀνέλκειν
702 789 818 862 τὰς
869 794 1056 870 ὀφρῦς
1108 792 1185 857 de
1234 794 1316 856 iis
1358 794 1468 875 qui
1516 793 1849 856 truculento
1894 800 2036 856 runt
2081 794 2252 856 vultu
2296 799 2410 859 aut
2453 815 2656 877 super-

261 895 414 958 biam
478 894 582 961 vel
628 903 1031 978 arroqantiam
1079 896 1183 963 vel
1214 898 1458 977 fastum
1505 898 1680 960 vultu
1723 899 2082 982 ostendunt,
2129 898 2297 964 unde
2342 897 2541 965 Stoici
2585 903 2655 965 in

263 1002 599 1069 notissimo
646 1005 1112 1090 epigrammate
1159 1003 1327 1088 apud
1376 1002 1775 1068 Athenaeum
1824 1025 1970 1090 pag.
2027 1003 2177 1071 162.
2225 1028 2282 1069 a.

760 1110 1384 1189 ὀφρυανασπασίδαι,
1432 1109 2161 1189 ῥινεγκαταπηξιγένειοι.

266 1214 684 1299 appellantur.
759 1215 1216 1301 Exemplorum
1288 1215 1474 1301 plena
1545 1222 1695 1280 sunt
1764 1219 1981 1282 omnia
2050 1219 2420 1302 praesertim
2485 1218 2654 1304 apud

265 1320 560 1386 Oomicos
622 1328 685 1386 et
746 1319 1150 1387 Oomicorum
1212 1321 1606 1386 imitatorem
1671 1320 2051 1387 Lucianum.
2102 1321 2263 1387 Vide
2327 1343 2486 1408 quae
2544 1344 2654 1390 no·

268 1428 429 1491 tavit
489 1425 847 1511 Stephanus
906 1426 1280 1515 Berglerus,
1347 1424 1733 1492 Criticorum
1798 1427 2284 1501 festivissimus.
2359 1429 2439 1494 ad
2486 1428 2656 1495 Alci-

265 1532 569 1618 phronem
632 1530 685 1596 I.
737 1532 843 1597 34.
908 1533 1127 1609 σεμνός
1175 1558 1268 1605 τις
1321 1531 1530 1610 ἐγένου
1579 1534 1682 1596 καὶ
1733 1533 1850 1601 τὰς
1903 1534 2092 1613 ὀφρῦς
2143 1536 2289 1615 ὑπὲρ
2336 1535 2475 1606 τοὺς
2527 1558 2656 1615 κρο-

264 1640 506 1719 τάφους
558 1639 810 1719 ἐπῆρας.
908 1637 1316 1706 Contrarium
1367 1644 1463 1704 est
1509 1658 1633 1703 non
1682 1643 2056 1713 κατασπᾶν,
2102 1641 2212 1706 sed
2259 1639 2509 1723 σχάσαι
2551 1640 2657 1707 vel

268 1747 657 1810 ὑποκαθεῖναι
707 1744 826 1817 τὰς
876 1746 1090 1827 ὀφρῦς,
1145 1748 1201 1809 si
1250 1747 1393 1830 quis
1438 1745 1691 1807 remittit
1734 1745 2120 1827 supercilium
2168 1753 2233 1811 et
2280 1748 2659 1813 ese-hilarescit

268 1860 334 1917 et
400 1874 603 1916 sereno
676 1853 850 1916 vultu
918 1859 1024 1915 est.
1118 1849 1368 1929 Scriba,
1441 1852 1555 1935 qui
1627 1851 2111 1922 ΚΑΤεσιιληκώς
2187 1851 2523 1938 scripserat
2594 1859 2660 1919 et

268 1956 519 2023 ἔναυλον
565 1958 839 2023 habebat
885 1956 1074 2022 solito
1120 1977 1325 2022 errore
1373 1957 1641 2022 eandem
1688 1957 2216 2041 praepositionem
2264 1958 2330 2022 in
2381 1979 2471 2043 sq.
2520 1979 2660 2044 par·

269 2067 489 2151 ticipio
536 2067 816 2131 iteravit.

362 2275 646 2360 Alciphr.
713 2274 826 2339 111.
896 2272 956 2338 6.
1020 2294 1170 2361 pag.
1225 2272 1332 2338 69.
1382 2272 1695 2338 κινδυνεύω
1743 2280 1868 2345 τοῖν
1913 2275 2264 2353 ὀφθαλμοῖν
2311 2276 2413 2340 τὸν
2456 2271 2653 2354 ἕτερον

271 2391 610 2455 συσκλιῖναι
674 2380 789 2445 ὑπὸ
855 2387 972 2445 τῶν
1030 2378 1439 2462 ρἀπισμοὶτων
1507 2378 2026 2465 [ἐνοχλούμενος]
2078 2378 2222 2446 Non
2271 2388 2517 2467 poterat
2561 2384 2659 2449 in·

270 2488 614 2573 terpolator
658 2490 936 2573 ineptius
984 2486 1393 2572 participium
1434 2485 1512 2551 de
1546 2506 1662 2550 suo
1701 2485 1928 2551 addere
1969 2506 2160 2571 quam
2196 2488 2656 2568 ἐνοχλούμενος.

276 2591 375 2659 Of.
432 2593 554 2659 III.
624 2593 727 2659 19.
790 2613 938 2681 pag.
1005 2593 1109 2659 74.
1181 2593 1304 2668 ἐγὼ
1369 2590 1433 2655 δὲ
1482 2590 1599 2655 ὑπὸ
1646 2596 1760 2656 τῶν
1809 2589 1999 2657 πόνων
2047 2592 2151 2657 καὶ
2203 2602 2314 2669 τῆς
2367 2591 2656 2668 δικέλλης

274 2699 698 2775 κατέσκληκα.

361 2907 650 2994 Alciphr.
711 2907 823 2973 III.
895 2907 996 2973 19.
1057 2928 1204 2995 pag.
1258 2906 1364 2974 74.
1416 2909 1451 2982 ἧ
1499 2908 1613 2984 μὲν
1660 2903 1757 2971 οὖν
1803 2906 1955 2984 γυνὴ
2007 2907 2113 2970 καὶ
2163 2906 2248 2971 τὰ
2301 2907 2522 2973 παιδία
2574 2910 2660 2981 εἷς

274 3024 377 3081 ce
437 3015 827 3093 βαδιοῦνται.
921 3015 1000 3080 Iu
1044 3014 1228 3080 libris
1274 3034 1386 3100 pro
1435 3014 1518 3085 εἷς
1569 3012 1639 3077 σέ
1686 3013 1996 3099 scriptum
2048 3018 2144 3078 est
2190 3011 2371 3088 εἵσω,
2422 3017 2487 3079 in
2536 3034 2692 3099 quo-

269 3120 430 3188 latet
475 3122 562 3191 εἰς
610 3126 744 3186 σοῦ
794 3119 1195 3203 βαδιοῦνται,
1240 3126 1311 3184 ut
1351 3119 1520 3203 apud
1560 3118 2053 3203 Aristophanem
2083 3119 2305 3204 Lysicr.
2335 3141 2425 3187 vs.
2461 3119 2661 3186 1064.

1134 3224 1303 3304 ἥκετ’
1354 3221 1449 3290 οὖν
1499 3226 1584 3297 εἷς
1635 3226 1801 3300 ἐμοῦ.

271 3342 339 3402 et
385 3333 686 3401 similiter
733 3336 966 3420 passim
1018 3336 1085 3399 in
1133 3354 1200 3398 re
1247 3331 1466 3398 simili.

364 3546 654 3633 Alciphr.
720 3546 832 3612 III.
885 3545 988 3611 40.
1040 3566 1186 3632 pag.
1239 3544 1343 3610 80.
1411 3542 1664 3617 εὔδηλος
1721 3542 1785 3609 δέ
1836 3543 1923 3610 ἔτι
1974 3544 2077 3607 καὶ
2125 3543 2467 3623 χρημάτων
2515 3555 2662 3613 ΠΕ-

274 3659 494 3732 ΡΙορῶν
538 3652 639 3717 καὶ
683 3654 994 3733 γεωργίαν
1041 3658 1262 3730 ςυγῶν.
1314 3651 1469 3737 Leg.
1515 3652 1914 3726 ‘Tnepopsam
1964 3648 2110 3714 Non
2165 3655 2261 3716 est
2304 3651 2665 3737 infrequens

273 3760 431 3825 haec
491 3759 775 3825 contusio
841 3762 907 3823 in
963 3759 1184 3836 libris,
1233 3757 1342 3824 scd
1389 3755 1574 3822 facile
1622 3754 1928 3821 mendum
1980 3755 2472 3840 deprehenditur
2516 3761 2666 3843 quia

275 3868 554 3945 περιορᾶν
625 3885 771 3929 cum
841 3864 1173 3928 accusativo
1245 3864 1667 3948 componitur.
1733 3862 2061 3939 ’Τπερορᾶν
2127 3864 2486 3945 promiscue
2554 3868 2663 3927 aut

273 3973 640 4059 genitivum
689 3970 978 4035 admittit
1028 3976 1140 4035 aut
1186 3971 1648 4035 accusativum.

374 4158 666 4267 Alciphr.
730 4180 844 4246 III.
913 4177 1018 4247 47.
1081 4162 1228 4266 pag.
1294 4177 1403 4244 83.
1469 4177 1605 4243 οὐδὲ
1666 4175 1793 4255 γὰρ
1856 4174 2009 4239 κύων
2056 4183 2500 4255 σκυτοτραγεῖν
2542 4201 2668 4255 μα-

279 4290 468 4351 θοῦσα
533 4296 643 4363 τῆς
711 4286 939 4368 τέχνης
990 4287 1398 4360 ἐπιλήθεται.
1492 4283 1724 4349 Infelix
1770 4281 2115 4347 admodum
2167 4284 2526 4349 coniectura
2571 4292 2663 4351 est

279 4394 639 4467 ἐπιλήθεται
701 4413 814 4479 pro
880 4395 1193 4478 scriptura
1248 4390 1556 4455 librorum
1617 4390 2019 4462 ἐπιλήεεται.
2112 4388 2332 4455 Prisca
2379 4395 2443 4455 et
2490 4393 2665 4476 epica
