3192 5017
1180 330 1679 380 nusrormns.
2489 315 2621 385 385

237 496 402 565 Miro
449 519 571 566 usu
618 498 839 566 οἴκοθεν
887 499 1058 582 ἔχειν
1105 503 1213 569 hio
1264 506 1549 588 positum
1597 510 1721 570 est.
1766 505 2083 591 Requiro:
2133 509 2200 571 οὐ
2247 508 2373 587 γάρ
2435 505 2617 586 ἦγον

238 604 470 670 οἴκοθεν.
572 610 863 685 Ῥήματα
929 609 1339 690 μυριάμφορα
1358 658 1376 688 ,
1447 614 1703 676 tantum
1771 613 1943 677 enim
1997 614 2243 698 pondus
2305 620 2435 692 est,
2496 636 2622 681 non

234 711 488 790 φέρεται
539 713 647 779 sed
694 711 961 792 ἄγεται,
1009 735 1135 780 non
1181 715 1471 781 humeris
1515 722 1851 801 portantur
1896 718 2002 783 sed
2059 718 2343 805 plaustro
2376 721 2617 786 vehun-

236 823 356 883 tur.
404 819 709 886 Eiusdem
756 827 979 907 poetae
1024 822 1296 888 festivus
1339 821 1519 888 loeus
1564 829 1661 888 est
1704 822 1866 889 Rau.
1919 823 2089 891 1381
2141 846 2271 911 sqq.

320 1001 426 1069 Vs.
473 1001 640 1070 863:

548 1106 760 1190 οἶμαι·
807 1112 873 1178 τί
919 1111 1046 1187 δῆθ’
1092 1110 1243 1179 ὅταν
1286 1111 1471 1189 ξυνὼν
1518 1119 1638 1178 τῶν
1683 1114 1919 1180 τιτθίων
1968 1114 2293 1195 ἔχωμαις

236 1215 638 1303 Scripsissem
710 1218 1042 1303 equidem:
1112 1217 1499 1298 λάβωμαι.
1594 1220 1753 1299 Quis
1811 1221 2080 1286 verbum
2143 1221 2400 1304 ἔχεσθαι
2449 1222 2610 1287 ferre

230 1328 436 1407 posset
481 1324 755 1391 Acharn.
809 1324 1006 1404 1214,
1054 1326 1170 1392 ubi
1213 1325 1577 1392 Lamachus
1623 1327 2063 1394 vociferatur:-

678 1429 955 1510 λάβεσθέ
1002 1456 1119 1509 μου
1167 1433 1444 1512 λάβεσθε
1491 1438 1597 1499 τοῦ
1646 1433 1932 1506 σκέλους·
1980 1442 2236 1512 παπαῖ,

681 1537 1127 1623 προσλάβεσθ’,
1170 1536 1214 1605 ὦ
1260 1540 1455 1620 φίλοι.

228 1640 425 1722 Quem
477 1643 749 1712 irridens
794 1644 1224 1731 Dicaeopolis:

686 1752 836 1829 ἐμοῦ
885 1749 950 1817 δέ
997 1776 1079 1829 γε
1125 1750 1266 1833 σφῷ
1314 1756 1421 1817 τοῦ
1466 1752 1648 1825 πέους
1697 1752 1896 1834 ἄμφω
1943 1754 2135 1832 μέσου

668 1856 1116 1938 προσλάβεσθ’,
1165 1854 1208 1921 ὦ
1254 1858 1469 1938 φίλαι.

222 1956 665 2047 Compositum
713 1964 985 2030 verbum
1034 1964 1452 2043 τιτθιολαβεῑν
1497 1965 1850 2031 Menandro
1894 1966 2141 2033 reddidi
2183 1967 2425 2034 Mnem.
2450 1968 2608 2033 XIX

227 2062 380 2132 413.
443 2068 797 2157 Bergkius,
858 2090 1060 2156 quum
1127 2091 1251 2137 non
1315 2073 1471 2137 satis
1517 2072 1890 2138 attendisset
1935 2072 2088 2157 quid
2138 2073 2306 2139 inter
2349 2074 2603 2154 ἔχεσθαι

219 2177 280 2236 et
343 2175 658 2254 λαβέσθαι
708 2178 1073 2248 interesset,
1123 2176 1295 2243 ultro
1342 2180 1628 2262 eorrupit
1672 2177 2122 2264 Aristophanis
2167 2181 2603 2268 fragmentum

222 2281 387 2363 apud
431 2282 730 2347 Eustath.
779 2303 841 2368 p.
897 2282 1094 2348 1442.
1146 2280 1207 2359 4,
1258 2283 1340 2348 cf.
1388 2281 1667 2349 Cobetus
1713 2282 1953 2349 Mnem.
2001 2284 2064 2349 V
2115 2283 2268 2351 196.

304 2462 636 2533 Hierocles
682 2472 862 2533 vates
906 2469 1141 2552 ineptit
1185 2488 1281 2532 vs.
1333 2465 1546 2534 1071:

482 2574 537 2638 εἴ
574 2573 713 2659 1γάρ
762 2576 849 2647 μὴ
898 2574 1175 2653 Νύμφαι
1224 2598 1302 2650 γε
1354 2573 1483 2637 θεαὶ
1534 2572 1723 2636 Βάκιν
1771 2572 2237 2659 ἐξαπάτασκον,

484 2680 642 2756 μηδὲ
689 2680 877 2750 Βάκις
927 2679 1203 2754 θνητούς,
1252 2681 1396 2754 μηδ’
1443 2674 1525 2743 αὖ
1571 2678 1895 2757 Νύμφαι
1947 2680 2137 2744 Βάκιν
2183 2683 2392 2766 αὐτόν,

218 2783 321 2847 sed
381 2796 456 2851 ut
512 2807 664 2853 eum
712 2789 955 2852 ratione
1001 2789 1271 2871 ineptiat
1318 2791 1383 2851 et
1427 2785 1604 2852 locus
1652 2789 1894 2851 comico
1941 2793 2126 2872 poeta
2174 2788 2405 2876 dignus
2453 2789 2598 2867 fiat,

216 2894 639 2974 reponendum
692 2899 822 2959 est:
872 2893 1018 2967 μηδ’
1067 2888 1148 2957 αὖ
1205 2892 1444 2967 θνητοὶ
1506 2892 1698 2956 Βάκιν
1744 2891 1953 2958 αὐτόν.
2045 2892 2197 2958 Noli
2245 2894 2400 2960 talia.
2435 2916 2595 2980 quae

216 3014 287 3058 ex
347 2998 582 3064 intimo
643 2998 768 3064 loci
815 3019 1002 3063 sensu
1051 3004 1396 3082 eruuntur,
1446 2997 1991 3085 palaeographicis
2036 3000 2388 3065 rationibus
2436 3001 2599 3066 diiu-

212 3099 412 3169 dicare
424 3125 440 3183 ;
511 3125 696 3189 saepe
760 3125 979 3170 omnes
1025 3108 1092 3168 in
1143 3105 1587 3189 describendo,
1643 3109 1747 3170 τοῦ
1798 3108 1894 3169 νοῦ
1943 3103 2435 3185 άποδημοῦντος,
2486 3108 2591 3174 de-

213 3208 546 3275 scribimus
615 3210 870 3295 quidvis
941 3231 1052 3295 pro
1117 3214 1344 3295 quovis
1392 3218 1457 3275 et
1503 3211 1697 3275 huius
1742 3210 2175 3298 negligentiae
2222 3214 2288 3275 in
2336 3210 2596 3280 Graecis

209 3307 385 3380 libris
429 3316 727 3403 exempla
774 3316 1115 3402 pullulant.

295 3497 435 3565 Non
487 3522 645 3588 opus
690 3506 785 3568 est
832 3501 1262 3567 demonstrare
1306 3499 1471 3584 quod
1514 3519 1733 3565 omnes
1771 3503 2202 3566 consentiunt:
2235 3508 2590 3570 monstrum

212 3597 399 3669 alitur
444 3628 541 3673 vs.
597 3604 806 3672 1178:
1671 3601 1687 3614 ⁶

479 3710 650 3797 κᾷτα
694 3712 924 3790 φεύγει
975 3719 1241 3796 πρῶτος,
1288 3710 1486 3792 ὥσπερ
1534 3712 1736 3789 ξουθὸς
1785 3715 2262 3794 ἱππαλεκτρυών

475 3817 616 3890 τοὺς
662 3819 894 3899 λόφους
942 3818 1150 3884 σείων·
1202 3821 1324 3897 ἐγὼ
1374 3818 1431 3885 δ’
1482 3817 1678 3893 ἕςηκα
1727 3822 2307 3897 λινοπτώμενος.

211 3911 324 3982 Sed
394 3925 754 3990 emendatio
815 3926 1137 4010 perfacilis
1203 3932 1328 3991 est:
1404 3927 1525 4004 ἐγὼ
1586 3928 1640 3991 δ’
1711 3924 1878 4002 ἔσῃ’
1949 3929 2585 4006 άνεπτερωμὲνος.

210 4016 301 4086 Ex
346 4029 571 4095 multis
617 4029 774 4096 loeis
820 4032 976 4096 satis
1023 4039 1118 4097 est
1164 4031 1462 4097 lectorem
1516 4032 1813 4119 ablegare
1859 4033 1938 4097 ad
1981 4031 2109 4097 Av.
2163 4033 2358 4098 1445.
2408 4073 2492 4084 -

1092 4152 1688 4237 (Continuabuntur).

382 4269 849 4338 Amstelodami
868 4324 885 4357 ,

212 4363 268 4430 d.
317 4370 398 4439 16
445 4399 535 4445 m.
582 4378 745 4444 Maii
797 4377 991 4444 1882.
