3192 5017
610 273 742 342 272
1626 298 1986 349 summu.

611 465 730 531 hoc
788 486 914 532 non
974 471 1323 533 necessario
1383 471 1729 535 referemus
1790 472 1869 537 ad
1928 471 2149 539 Niciae
2195 471 2673 556 expeditionem
2696 519 2715 546 ,
2768 469 2879 534 sed
2918 469 2985 534 ad

610 574 958 657 septimum
1011 594 1246 639 annum
1297 574 1451 641 belli
1493 575 2035 661 Peleponnesiaci,
2083 577 2161 643 de
2200 597 2325 663 quo
2363 576 2792 663 Thucydides
2835 576 2983 640 42:

610 676 929 753 Ἀθηναῖοι
977 678 1039 743 δὲ
1080 682 1197 752 τὰς
1241 682 1709 759 τεσσαράκοντα
1750 688 1897 756 ναῦς
1940 684 1999 757 ἐς
2043 686 2339 748 Σικελίαν
2378 682 2773 764 extremm,
2798 688 2987 747 cetera

609 786 686 851 de
743 785 909 873 Pylo
971 793 1035 851 et
1081 785 1449 871 Sphacteria
1474 836 1488 861 ‚
1539 809 1701 873 quae
1746 797 1896 855 nota
1942 797 2109 855 sunt.
2205 789 2386 855 Mare
2433 798 2656 854 autem
2707 786 2989 853 Siculum

609 892 688 958 ad
759 889 1092 958 Graeciam
1164 913 1364 979 usque
1436 897 1744 979 pertinet,
1816 895 1887 960 cf
1967 895 2150 981 Cycl.
2215 893 2367 961 703.
2430 893 2613 959 Haec
2677 899 2908 958 autem
2950 894 2993 956 si

608 998 1076 1082 probabuntur,
1134 999 1588 1084 Aristophanes
1635 1002 1701 1064 in
1749 1000 1913 1067 Pace
1960 1001 2288 1086 Euripidis
2334 999 2663 1066 Electram
2698 1002 2997 1084 respicere

607 1104 855 1190 potuit,
925 1124 1086 1189 quae
1149 1111 1450 1189 quattuor
1512 1105 1694 1170 annis
1756 1113 1902 1171 ante
1970 1106 2153 1172 docta
2214 1113 2368 1171 erat.
2463 1104 2591 1171 Sed
2654 1110 2999 1188 utcumque

605 1210 761 1276 haec
824 1216 1111 1296 tempora
1155 1214 1622 1276 constituentur
1643 1258 1662 1288 ,
1712 1213 2066 1290 αὐριβάτας
2089 1212 2223 1278 ‘hic
2268 1216 2437 1278 certe
2484 1211 2707 1299 magis
2760 1231 2999 1277 accom-

607 1317 938 1383 modatum
1008 1323 1138 1400 est,
1210 1337 1402 1402 quam
1474 1317 1854 1398 οὐριβαὶτας,
1925 1318 2095 1404 quod
2165 1324 2333 1385 recte
2404 1319 2696 1402 positum
2772 1322 2876 1382 est
2944 1318 3000 1380 in

605 1422 1038 1489 Phaethonte:

1423 1529 1733 1609 σύριγγας
1784 1530 1837 1595 δ’
1887 1530 2213 1610 οὖριβοέται

1424 1641 1682 1702 κινοῦσιν
1728 1639 1993 1715 ποίμνας
2044 1636 2289 1702 ἐλάται.

695 1849 850 1915 Post
895 1851 1062 1913 senis
1111 1847 1303 1914 verba
1347 1868 1442 1912 vs.
1495 1844 1669 1911 518:

1014 1953 1167 2018 ἀλλ’
1217 1950 1368 2027 ἦλθ’
1414 1952 1553 2026 ἴσως
1607 1977 1720 2018 που
1769 1955 1870 2025 σὸς
1920 1953 2291 2032 κασίγνητος
2340 1951 2580 2034 λάθρα,

604 2064 717 2128 vix
766 2061 989 2126 dubito
1035 2060 1190 2145 quin
1237 2058 1656 2144 interpolatus
1702 2060 1787 2124 sit
1833 2062 2149 2126 senarius:

1012 2168 1213 2243 μολὼν
1263 2163 1318 2228 δ’
1368 2162 1691 2242 &abacis
1740 2163 1967 2231 ἀθλίου
2014 2165 2260 2245 τύμβον
2310 2165 2578 2245 πατρός,

605 2278 716 2361 qui
778 2272 1097 2339 inutiliter
1144 2271 1441 2337 adhaeret
1488 2277 1553 2336 et
1602 2272 1868 2338 verbum
1915 2269 2249 2350 ἐθαύμασε
2295 2275 2509 2358 inepte
2555 2272 2664 2336 hic
2722 2277 2999 2359 positum

605 2387 720 2448 est.
815 2380 1070 2446 Certius
1131 2384 1342 2444 tamen
1406 2383 1501 2443 est
1547 2378 1713 2463 quod
1764 2381 2173 2464 pronunciare
2220 2381 2429 2445 ausim
2479 2377 2556 2443 de
2606 2399 2708 2443 vs.
2764 2379 2906 2446 885
2950 2386 3001 2444 et

606 2486 761 2553 898.
859 2485 1041 2566 Quod
1103 2483 1562 2570 Aristophanes
1624 2484 1995 2569 Euripidem
2049 2483 2330 2570 appellat
2378 2490 2634 2570 poetam
2683 2488 3000 2565 ῥηματίων

599 2593 948 2674 δικανικῶν,
999 2590 1065 2654 id
1113 2593 1306 2656 etiam
1355 2592 1424 2654 in
1470 2589 1632 2654 hanc
1680 2589 1963 2655 fabulam
2013 2590 2211 2666 cadit,
2258 2592 2327 2654 in
2373 2611 2498 2675 quo
2544 2611 2669 2656 vss.
2738 2591 2997 2658 1011-

601 2700 773 2766 1050
832 2704 896 2764 et
955 2720 1078 2765 vss.
1151 2694 1595 2761 1060--1099
1667 2702 1869 2761 mater
1926 2694 2441 2782 Clytaemnestra
2497 2717 2769 2763 causam
2824 2718 2996 2764 suam

592 2815 843 2894 perorat
906 2804 1308 2890 quadrayinca
1384 2803 1703 2867 versibus:
1765 2804 1870 2868 cui
1936 2800 2065 2867 filia
2115 2802 2366 2869 Electra
2413 2803 2713 2869 versibus
2768 2806 2991 2871 itidem

591 2913 995 3001 quadrayinta
1054 2916 1344 2976 accurate
1406 2907 1760 2993 respondet.
1856 2908 1999 2974 Non
2063 2908 2249 2974 video
2310 2909 2569 2994 quidem
2646 2913 2761 2976 cui
2847 2913 2994 2978 bono

592 3023 716 3087 ista
786 3019 1220 3084 membrorum
1286 3014 1573 3101 parilitas
1637 3013 1791 3080 olim
1855 3014 2048 3080 fuerit
2071 3063 2086 3093 ,
2152 3036 2346 3100 quam
2410 3022 2813 3101 spectatores
2885 3038 2993 3083 non

593 3130 936 3212 potuerunt
996 3141 1332 3210 agnoscere
1361 3170 1375 3195 ,
1444 3119 1552 3186 sed
1604 3125 1745 3205 post
1792 3119 2219 3186 Ritschelium
2268 3123 2425 3187 satis
2485 3124 2844 3200 novimus,
2901 3124 2993 3189 cui

593 3236 753 3298 bono
799 3229 915 3295 illa
961 3236 1294 3314 poetarum
1346 3228 1509 3292 mira
1557 3247 1629 3292 ac
1677 3226 2022 3314 singularis
2068 3226 2385 3292 industria
2433 3228 2619 3294 nobis
2669 3249 2818 3296 esse
2860 3250 2989 3316 pos·

590 3340 711 3423 sit,
762 3325 1151 3422 quamquam
1200 3333 1530 3400 fatendum
1579 3340 1712 3416 est,
1761 3333 2004 3397 fructus
2052 3352 2206 3417 quos
2255 3353 2331 3397 ex
2380 3331 2498 3398 illa
2545 3334 2991 3402 observatione

592 3446 716 3510 viri
765 3443 934 3509 docti
982 3442 1386 3524 derivarunt,
1437 3445 1749 3523 quantum
1793 3438 2086 3523 equidem
2136 3459 2511 3526 cognoscere
2551 3444 2782 3525 potui,
2834 3440 2989 3507 nihil

587 3550 774 3636 plane
835 3568 967 3614 esse
1029 3546 1108 3612 ad
1170 3549 1736 3630 exspectationem,
1805 3564 1998 3628 quam
2065 3542 2218 3609 olim
2299 3550 2591 3611 moverat
2656 3546 2989 3614 Bonnense

590 3676 883 3722 acumen.
975 3651 1095 3717 Sed
1118 3698 1134 3729 ‚
1184 3663 1257 3714 ut
1305 3650 1460 3715 illuc
1508 3650 1798 3721 redeam.
1848 3651 2051 3715 occiso
2100 3650 2410 3738 Aegistho
2458 3651 2656 3718 frater
2706 3661 2773 3719 et
2820 3672 2988 3719 soror

589 3760 913 3827 exsultant
981 3777 1053 3822 ac
1124 3756 1578 3841 propemodum
1654 3758 2081 3841 triumphant3
2154 3763 2420 3841 uterque
2493 3764 2715 3823 autem
2781 3763 2987 3824 utitur

588 3868 766 3933 denis
810 3863 1099 3930 versibus
1146 3859 1508 3926 880-889
1559 3867 1623 3927 et
1671 3859 2053 3927 890—899.
2107 3861 2446 3927 Exclamat
2493 3862 2784 3929 Electra:

1053 3968 1213 4043 ἥκεις
1263 3973 1391 4046 γὰρ
1437 3970 1543 4032 οὐκ
1593 3970 1845 4049 ἀχρεῖον
1893 3965 2231 4047 ἔκπλεθρον
2276 3969 2520 4047 δραμών

1046 4076 1236 4152 ἀγῶν’
1287 4073 1346 4145 ἐς
1400 4074 1630 4157 οἴκους,
1683 4076 1859 4139 ἄλλα
1910 4072 2199 4151 πολέμιον
2249 4078 2506 4140 κτανών.

591 4182 763 4248 Haec
833 4180 1128 4267 pulchre,
1202 4180 1310 4245 sed
1373 4201 1565 4265 quam
1625 4180 1928 4267 languide
1988 4180 2303 4247 addidisse
2364 4182 2646 4248 creditur
2687 4188 2753 4249 in
2804 4188 2981 4248 tanta

594 4292 825 4355 mentis
872 4289 1293 4353 concitatione
1321 4302 1411 4351 'ac
1460 4287 1641 4371 quasi
1689 4288 1932 4351 furore:

1101 4389 1406 4471 Αἴγισθον
1461 4388 1518 4461 ὃς
1568 4392 1670 4455 σὸν
1720 4391 1960 4472 πατέρα
2009 4392 2209 4470 κάμὸν
2257 4392 2483 4470 ὤλεσε,
