3192 5017
559 212 695 290 264
1627 232 1870 291 mono.

557 416 671 499 qui
716 434 864 479 cum
913 410 1100 476 laesit
1145 411 1348 497 prior''
1393 415 1617 496 putare
1662 411 1885 478 licebit
1931 411 2060 477 dici
2099 431 2213 497 pro
2255 412 2621 490 „invehitur
2658 413 2726 478 in
2758 432 2910 495 eum,

561 521 675 603 qui
723 518 876 583 —-”.
925 516 1250 596 Quantum
1296 516 1517 600 video,
1564 538 1690 583 non
1734 522 1943 602 potest
1987 517 2167 583 locus
2212 520 2280 582 in
2318 520 2647 605 integrum
2681 519 2913 584 restitui

553 626 681 689 nisi
739 622 897 687 duas
957 622 1175 687 literas
1234 639 1295 688 51
1357 622 1672 687 excidisse
1728 627 2107 687 statuamus.
2205 623 2327 688 Pro
2391 623 2589 689 altero
2639 625 2743 708 qui
2787 627 2914 688 ante

560 728 944 792 multitudine
1002 735 1204 792 coacta
1259 728 1463 793 scribo
1526 746 1628 792 m:
1698 727 1993 806 „nullum
2055 729 2430 813 experiundi
2483 732 2582 795 ius
2626 729 2914 795 constitu-

559 839 698 899 tum
719 884 737 919 ‚
779 836 836 898 si
877 836 987 918 qui
1022 833 1338 899 obstiterit
1384 835 1648 898 armatis
1692 833 2096 919 hominibus,
2143 836 2213 900 vi
2258 834 2676 900 multitudine
2721 838 2917 901 coacta

557 960 685 1005 non
727 938 999 1006 introitu
1016 986 1035 1017 ,
1086 938 1195 1005 sed
1237 941 1497 1004 omnino
1541 939 1725 1004 aditu
1770 942 2140 1026 quempiam
2185 940 2643 1025 prohibuerit.’'

653 1152 762 1217 40.
827 1199 863 1229 „
873 1152 1005 1215 Hoc
1049 1160 1135 1216 est
1176 1151 1571 1234 periculosum
1584 1199 1603 1228 ,
1650 1152 1898 1217 dissolvi
1938 1155 2045 1217 hoc
2090 1155 2470 1218 interdictum
2487 1201 2505 1231 ,
2555 1159 2657 1220 est
2700 1156 2917 1239 captio·

561 1280 706 1324 sum
754 1259 1052 1323 omnibus
1095 1278 1228 1322 rem
1276 1256 1480 1322 ullam
1527 1260 1833 1323 constitui
1878 1259 2017 1323 eius
2062 1259 2269 1336 modi,
2317 1280 2511 1344 quae,
2554 1280 2704 1324 cum
2745 1261 2919 1324 armis

557 1369 744 1453 gesta
804 1366 919 1440 sit,
966 1363 1236 1428 rescindi
1280 1366 1419 1428 iure
1462 1385 1589 1428 non
1634 1366 1867 1449 possit:
1919 1385 2144 1430 verum
2192 1371 2405 1431 tamen
2453 1364 2619 1431 illud
2669 1372 2763 1431 est
2806 1370 2921 1429 tur·

562 1473 901 1556 pissimum
921 1467 976 1546 ,'’
1023 1467 1164 1533 rell.

651 1573 758 1639 Sic
804 1573 1290 1658 palimpsestus,
1337 1577 1406 1638 in
1453 1594 1579 1659 qua
1625 1573 1751 1639 loci
1795 1574 2001 1639 forma
2045 1573 2211 1640 clare
2251 1574 2459 1641 elucet
2497 1575 2919 1662 interpolatio:

560 1678 881 1766 glossema
941 1679 1021 1745 ad
1082 1680 1402 1763 captiosum
1463 1685 1594 1744 est:
1656 1681 1714 1743 h.
1741 1703 1787 1744 e.
1825 1680 2228 1763 periculosum
2244 1727 2262 1758 ,
2310 1682 2560 1748 dissolvi
2607 1684 2717 1747 boc
2759 1687 2921 1746 inter·

556 1784 798 1848 dictum.
891 1783 1370 1851 Animadvertit
1414 1784 1729 1873 glossator
1774 1791 2091 1868 captiosum
2146 1787 2212 1851 b.
2236 1785 2283 1852 l.
2340 1807 2474 1853 esse
2521 1788 2889 1853 damnosum
2907 1833 2921 1861 ,

559 1890 1004 1977 periculosum.
1070 1890 1286 1956 Multo
1327 1892 1446 1956 hoc
1484 1891 1873 1976 probabilius
1911 1911 2105 1976 quam
2138 1892 2306 1977 quod
2344 1892 2677 1980 Kayserus
2723 1892 2919 1959 dedit:

564 1996 724 2073 „hoc
786 2002 884 2061 est
943 1996 1397 2081 periculosum,
1467 1995 1783 2081 [dissolvi]
1847 1997 1966 2061 hoc
2028 1998 2493 2082 [interdictum]
2563 2005 2663 2065 est
2709 2001 2923 2084 captio·

558 2100 765 2166 sum.”
857 2101 1031 2166 Ante
1088 2103 1491 2184 cvr-pissimum
1552 2100 1825 2166 libenter
1887 2122 2037 2166 cum
2098 2103 2322 2168 eodem
2384 2104 2700 2170 caruerim
2749 2103 2921 2171 verbo

562 2207 984 2274 substantivo.

650 2420 758 2487 46.
825 2426 936 2499 „at
993 2440 1113 2507 ego
1172 2419 1292 2485 hoc
1350 2419 1524 2484 dico:
1574 2421 1632 2484 si
1680 2426 1754 2483 ut
1794 2420 1986 2503 primo
2033 2422 2100 2485 in
2146 2418 2730 2490 castello'Caecina
2776 2424 2923 2488 dixit

556 2527 874 2593 Aebutius
929 2547 997 2592 se
1055 2526 1345 2591 homines
1405 2528 1688 2612 coegisse
1750 2532 1816 2590 et
1873 2545 2148 2592 armasse
2209 2547 2412 2612 neque
2477 2550 2662 2609 eum,
2720 2533 2777 2595 si
2820 2528 2921 2596 illo

555 2636 949 2716 accessisset,
1013 2632 1339 2697 abiturum
1360 2679 1378 2716 ‚
1426 2633 1649 2695 statim
1698 2628 1965 2696 Caecina
2011 2630 2430 2710 discessisset,
2484 2634 2780 2701 dubitare
2823 2654 2922 2702 vos

552 2760 678 2805 non
740 2740 1031 2805 debuisse
1093 2740 1248 2823 quin
1315 2733 1623 2802 Caecinae
1686 2736 1854 2801 facta
1917 2738 2018 2802 vis
2075 2744 2274 2814 esset,
2321 2739 2376 2803 si
2423 2760 2572 2806 vero
2622 2740 2818 2806 simul
2861 2759 2922 2804 ac

553 2845 773 2931 procul
819 2842 1145 2929 conspexit
1191 2848 1504 2914 armatos,
1554 2843 1949 2925 recessisset,
2000 2862 2072 2907 eo
2118 2845 2332 2908 minus
2379 2843 2830 2911 dubitaretis.'’

642 2953 893 3018 Fucum
951 2950 1104 3015 fecit
1165 2947 1513 3012 editoribus
1574 2945 1648 3010 P.
1698 2946 1933 3023 Faber,
1981 2948 2364 3013 contendens
2399 2956 2597 3033 primo
2643 2972 2780 3018 esse
2823 2970 2921 3017 ve-

551 3080 698 3124 rum
718 3107 738 3143 ,
782 3078 934 3122 nam
981 3057 1037 3120 si
1076 3055 1275 3137 primo
1322 3050 1709 3139 significaret
1755 3052 1964 3136 initio,
2012 3053 2137 3119 alia
2182 3053 2594 3123 collocatione
2642 3078 2801 3142 opus
2842 3075 2921 3121 es·

550 3170 648 3230 set
696 3163 910 3248 (primo
955 3162 1048 3247 ut)
1069 3180 1086 3237 ;
1138 3168 1201 3223 et
1247 3161 1314 3222 in
1360 3158 1769 3243 sequentibus
1805 3156 1984 3222 nulla
2022 3162 2334 3244 oppositio
2370 3167 2468 3226 est
2509 3161 2648 3247 (per
2673 3163 2916 3247 postea»

550 3270 825 3352 denique
870 3268 1065 3332 etiam
1115 3262 1499 3331 vocabulum
1546 3268 1748 3327 statim
1810 3270 1875 3327 et
1934 3263 2245 3329 facillima
2308 3269 2534 3332 erroris
2594 3267 2918 3353 explicatio

550 3374 723 3459 (ante
770 3372 1065 3455 castelLo)
1116 3370 1357 3434 faciunt
1405 3389 1516 3454 pro
1558 3368 1839 3451 primum.
1928 3369 2001 3432 In
2048 3372 2386 3454 postremis
2431 3372 2596 3437 inest
2641 3371 2918 3438 anacolu-

550 3479 706 3543 thon
753 3477 1134 3563 (dubitaretis
1180 3495 1291 3560 pro
1338 3475 1616 3539 dubitare
1655 3475 1942 3557 debuisse)
1967 3477 2137 3539 satis
2176 3475 2448 3563 durum3
2489 3480 2917 3544 coniunctivae

545 3583 796 3649 defendi
843 3588 1052 3667 potest
1095 3580 1254 3646 locis
1291 3578 1453 3644 Sest.
1480 3580 1588 3663 24,
1619 3579 1704 3643 54
1758 3581 2273 3664 (commoverentur
2301 3609 2372 3643 =
2399 3586 2743 3648 commoveri
2764 3605 2917 3669 opor-

545 3691 729 3775 tebat)
800 3687 916 3752 Off.
979 3686 1091 3751 ΙΙΙ.
1158 3685 1266 3762 22,
1327 3684 1414 3750 88
1490 3686 1718 3772 &potius
1780 3687 2001 3751 diceret
2022 3707 2103 3741 =
2124 3688 2323 3751 dicere
2370 3690 2771 3775 conveniebat)
2817 3686 2916 3754 sed

546 3801 765 3861 tamen
810 3794 878 3857 in
924 3793 1042 3857 hac
1089 3794 1385 3855 iunctura
1431 3794 1584 3857 satis
1628 3790 1903 3856 insolens
1950 3797 2063 3858 est.
2158 3790 2322 3857 Vera
2365 3793 2493 3859 loci
2534 3796 2741 3860 forma
2777 3795 2916 3859 haec

544 3922 678 3969 esse
741 3899 1022 3965 videtur:
1096 3897 1192 3974 „si
1257 3917 1404 3962 vero
1465 3895 1665 3961 simul
1729 3917 1802 3962 ao
1847 3896 2069 3983 procul
2113 3902 2447 3984 conspexit
2493 3906 2801 3974 armatos,
2845 3918 2908 3964 eo

546 4004 829 4073 minus.'’
881 4002 1203 4087 Quidquid
1250 4002 1493 4067 accedit
1538 4008 1758 4068 onerat
1803 4005 2017 4088 potius
2063 4023 2256 4088 quam
2304 4011 2486 4071 ornat
2525 4008 2910 4072 sententiam.

640 4219 748 4284 49.
799 4220 983 4296 „iura
1026 4234 1152 4279 non
1196 4213 1482 4280 utilitate
1527 4216 1891 4290 communi,
1939 4215 2048 4280 sed
2094 4214 2328 4282 litteris
2375 4215 2739 4305 exprimis.”

639 4324 831 4415 „Iura
895 4319 1179 4387 utilitate
1225 4320 1554 4385 communi
1603 4321 1990 4405 exprimere''
2042 4326 2155 4387 aut
2199 4323 2446 4390 nullam
2494 4331 2607 4390 aut
2650 4323 2928 4390 alienam-
