3192 5017
1302 307 1734 363 Passennus.
2624 289 2711 360 25

324 483 453 552 128
517 485 813 552 homines
857 508 1055 553 novos
1098 507 1476 553 enumerans
1524 486 1626 552 Ti.
1672 484 2140 553 Coruncanium
2191 483 2471 570 appellat
2515 484 2714 550 homi-

322 615 457 657 nem
518 618 783 670 novum,
844 591 953 679 Sp.
1020 591 1377 660 Carvilium
1442 595 1711 681 equestri
1768 593 1895 658 loco
1958 604 2211 668 natum,
2263 590 2350 655 Μ.
2405 586 2715 655 Catonem

324 700 493 762 urbis
536 699 951 785 inquilinum,
992 698 1065 764 C.
1110 698 1390 764 Marium
1432 703 1674 784 iynotae
1711 701 1987 783 oriqinis.
2038 695 2272 761 Omnia
2310 697 2465 761 haec
2492 696 2714 762 eodem

321 825 509 869 sensu
583 805 887 870 dicuntur
951 807 1196 870 variata
1267 804 1592 893 eleganter
1662 807 1944 870 oratione
2013 810 2077 869 et
2145 807 2388 889 iqnotae
2457 806 2715 888 oriyinis

321 931 578 995 prorsus
625 910 800 976 idem
847 908 1167 998 significat
1214 924 1403 995 atque
1448 913 1718 998 equestri
1760 910 1885 976 loco
1929 922 2168 974 natum.
2263 910 2437 974 Audi
2500 912 2716 994 ipsum

321 1015 613 1081 Marium
672 1019 770 1082 ita
832 1017 1145 1082 dicentem
1210 1015 1394 1103 (Sall.
1458 1017 1600 1102 qu.
1667 1014 1858 1100 185):
1909 1019 2207 1102 imayines
2253 1039 2378 1080 non
2424 1017 2610 1081 habeo
2658 1029 2716 1082 et

322 1145 479 1186 nova
526 1122 685 1187 mihi
728 1122 1016 1188 nobilitas
1053 1136 1141 1188 est
1162 1172 1178 1201 ‚
1226 1147 1417 1210 quam
1462 1135 1617 1188 certe
1652 1125 1963 1211 peperisse
2008 1122 2224 1187 melius
2268 1146 2459 1210 quam
2505 1145 2714 1211 accep-

324 1241 455 1292 tam
519 1232 886 1317 corrupisse.
950 1237 1014 1294 et
1059 1237 1201 1315 post
1241 1250 1473 1315 pauca:
1523 1253 1648 1295 non
1685 1253 1941 1318 possum
1980 1232 2143 1318 fidei
2187 1254 2371 1295 causa
2417 1231 2716 1315 imayines

322 1357 509 1422 neque
555 1337 909 1424 triumphos
952 1349 1066 1401 aut
1110 1338 1460 1401 consulatus
1507 1340 1820 1402 maiorum
1859 1359 2134 1401 meorum
2171 1349 2491 1402 ostentare.
2541 1333 2716 1402 Haec

322 1448 385 1507 et
444 1442 551 1507 his
610 1442 856 1508 similis
915 1446 1130 1508 omnia
1178 1445 1452 1509 minime
1500 1441 1863 1531 significant
1908 1443 2236 1509 hominem
2284 1445 2717 1508 sordidissima

320 1552 517 1636 stirpe
598 1561 855 1626 natum,
942 1549 1050 1614 sed
1122 1569 1363 1614 novum
1433 1549 1764 1615 hominem
1838 1552 2073 1635 equitis
2143 1549 2419 1616 Romani
2487 1548 2715 1613 filium.

321 1651 605 1719 Catilina
660 1658 731 1718 in
795 1652 990 1720 Curia
1052 1655 1218 1719 dixit
1289 1653 1470 1728 (Sall.
1538 1655 1726 1722 Catil.
1796 1654 1948 1742 31):
2011 1679 2085 1721 ne
2129 1659 2555 1721 existimarent
2602 1658 2721 1722 sibi

318 1762 587 1847 patricio
634 1760 901 1837 homini,
948 1763 1120 1826 cuias
1166 1764 1364 1849 ipsius
1411 1775 1594 1850 atque
1642 1765 1955 1828 maiorum
1993 1762 2279 1851 plurima
2326 1763 2614 1851 beneficia
2650 1766 2718 1828 in
2753 1801 2756 1804 >

314 1866 625 1954 populum
686 1867 1047 1932 Romanum
1105 1881 1299 1933 essent
1317 1915 1333 1945 ‚
1390 1871 1648 1956 perdita
1721 1890 1851 1957 rep.
1917 1892 2072 1956 opus
2124 1892 2246 1934 esse
2265 1916 2281 1945 ‚
2340 1892 2533 1956 quum
2579 1891 2715 1933 eam

319 1987 591 2039 servaret
637 1973 735 2036 M
799 1974 1035 2039 Tullius
1081 1974 1421 2061 inquilinus
1470 1977 1615 2039 civis
1657 1975 1830 2039 urbis
1877 1974 2134 2040 Romae.
2228 1974 2475 2058 Ecquid
2519 1977 2718 2041 inter-

323 2102 456 2146 esse
526 2087 829 2166 putemus
898 2084 1065 2146 inter
1132 2081 1251 2146 hoc
1322 2082 1759 2169 arrogantium
1832 2081 2168 2147 hominum
2230 2081 2588 2147 convicium
2652 2087 2717 2148 et

323 2187 737 2251 humilitatem
796 2189 1034 2272 ρεπεν-ιζ,
1095 2194 1158 2251 et
1221 2190 1497 2273 iqnotam
1544 2185 1880 2275 originem?
1928 2188 2237 2255 Deridens
2284 2186 2507 2255 Cicero
2558 2188 2715 2277 (pro

326 2292 498 2379 Sylla
545 2291 691 2379 Vn)
741 2290 1133 2378 Torquatum
1153 2343 1170 2377 ,
1217 2294 1327 2378 qui
1376 2315 1521 2359 eum
1562 2297 1964 2382 peregrinum
2012 2317 2212 2382 reqem
2259 2295 2526 2372 dixerat,
2567 2297 2719 2360 scire

322 2421 395 2464 ex
443 2411 500 2463 te
539 2398 838 2486 pervelim
856 2446 872 2475 ‚
921 2401 1163 2484 inquit,
1212 2399 1610 2485 quamobrem
1653 2403 1765 2487 qai
1806 2424 1881 2466 ex
1925 2403 2280 2489 ”eunicipiis
2324 2404 2570 2466 veniant
2599 2424 2715 2489 pe-

324 2507 560 2591 reqrim‘
606 2505 719 2569 tibi
760 2527 882 2569 esse
928 2507 1275 2570 videantur.
1324 2505 1529 2571 Nemo
1576 2509 1741 2572 enim
1786 2508 1944 2573 istuc
1993 2509 2084 2572 M.
2133 2507 2231 2571 illi
2283 2505 2509 2572 Catoni
2551 2510 2683 2572 seni
2698 2558 2716 2591 ,

324 2635 516 2697 quum
568 2610 883 2698 plurimos
946 2611 1189 2677 haberet
1249 2614 1528 2677 inimicos
1546 2661 1561 2689 ,
1633 2636 1808 2679 nemo
1887 2614 1976 2679 Ti.
2055 2610 2445 2679 Coruncanio
2462 2662 2478 2691 ‚
2543 2636 2719 2679 nemo

328 2717 447 2781 Μ’.
508 2715 733 2793 Curio,
781 2739 956 2781 nemo
1001 2718 1141 2782 huic
1184 2721 1312 2806 ipsi
1354 2731 1565 2784 nostro
1625 2717 1697 2784 C.
1749 2719 2003 2798 Mario,
2052 2744 2245 2808 quum
2291 2723 2350 2785 ei
2391 2719 2577 2785 multi
2618 2723 2719 2785 in-

325 2825 634 2901 viderent,
683 2823 892 2888 obiecit
940 2847 1253 2911 umquam.
1353 2825 1420 2891 Si
1467 2825 1713 2891 Marius
1758 2829 2266 2893 contemtissimae
2309 2839 2369 2893 et
2415 2830 2717 2893 sordidis-

326 2932 517 2994 simae
586 2930 805 3016 stirpi-s
872 2929 1131 3008 fuisset,
1198 2953 1319 2996 non
1386 2944 1521 2997 erat
1583 2954 1695 2997 cur
1755 2932 2030 3010 nobiles,
2091 2935 2203 3018 qui
2249 2954 2398 2998 eum
2446 2936 2721 3020 pessime

330 3035 629 3112 oderant,
678 3038 885 3102 inviso
931 3038 1181 3102 homini
1224 3040 1571 3104 obiicerent
1619 3060 1767 3104 eum
1811 3060 1888 3105 ex
1936 3041 2288 3125 municipio
2335 3061 2489 3106 esse.

412 3247 494 3313 11.
570 3247 677 3313 17.
747 3248 816 3312 l:
865 3252 1059 3338 finito
1110 3289 1192 3300 —
1243 3250 1464 3317 Italico
1525 3252 1712 3336 bello,
1762 3276 1882 3340 quo
1930 3255 2176 3340 quidem
2226 3254 2504 3321 Romani
2548 3259 2722 3322 victis

322 3379 361 3418 a
349 3358 686 3442 fflietisque
754 3358 881 3444 ipsi
946 3361 1260 3423 exarmati
1319 3383 1509 3446 quam
1570 3361 1802 3445 inteqri
1861 3362 2160 3425 universis
2219 3363 2526 3428 civitatem
2572 3366 2724 3428 dare

323 3463 701 3528 maluerunt.

416 3569 540 3635 Pro
610 3573 836 3656 intem-1
902 3572 973 3635 in
1042 3571 1231 3637 unico
1299 3571 1533 3638 Codice
1604 3577 1741 3638 erat
1809 3575 2073 3658 intequs
2096 3621 2112 3651 ‚
2182 3577 2348 3659 quod
2416 3574 2725 3641 Heinsius

324 3677 726 3753 emendavit,
778 3676 885 3741 sed
935 3684 1180 3743 caetera
1224 3679 1633 3744 inemendata
1678 3699 1899 3745 omnes
1944 3679 2326 3766 relinquunt.
2405 3681 2726 3770 Pluygers

322 3780 538 3846 locum
601 3784 691 3847 sic
750 3783 1213 3849 constituebat:
1278 3808 1397 3871 quo
1459 3788 1705 3872 quide-m
1768 3786 2047 3852 Romani
2091 3790 2322 3874 afflicm
2369 3791 2497 3876 ipsi
2539 3812 2723 3854 exar-

324 3900 516 3954 mans
579 3910 769 3974 quam
830 3893 1058 3975 inteyri
1114 3893 1413 3956 universis
1477 3894 1783 3957 civitatem
1848 3895 1998 3958 dare
2058 3893 2431 3960 maluerunt.
2526 3894 2724 3961 Recte

325 3995 584 4078 quidem
634 4003 915 4074 caetera,
966 3997 1075 4062 sed
1124 3998 1291 4062 unde
1336 4014 1546 4063 vmms
1597 4036 1682 4047 —
1731 4017 1854 4074 Qun
1901 4007 2125 4064 natum
2178 4021 2311 4066 esse
2376 3999 2720 4087 putemus?

323 4098 623 4187 Suspicor
677 4102 833 4166 olim
900 4102 1127 4168 fuisse:
1183 4142 1263 4152 -
1316 4104 1595 4170 Romani
1653 4108 1796 4170 victi
1836 4108 2167 4192 afflictique
2213 4109 2340 4194 ipsi
2383 4110 2725 4173 exarmatis

325 4233 513 4295 quam
560 4212 788 4294 integri
834 4213 1134 4294 universis
1181 4217 1304 4276 cet.

378 4314 689 4412 ⁸Romani
726 4337 794 4381 re
840 4314 1011 4381 male
1056 4326 1239 4404 gesta
1286 4325 1351 4383 et
1398 4317 1687 4383 cladibus
1734 4321 2053 4384 continuis
2102 4320 2397 4385 exhausti
2444 4322 2559 4397 iis,
2612 4323 2725 4406 qui

328 4415 501 4487 arma
570 4421 878 4508 deponere
948 4422 1223 4500 vellent,
1297 4426 1632 4490 civitatem
1697 4425 2029 4493 dederunt.
2121 4424 2227 4491 Sic
2276 4438 2342 4492 et
2385 4431 2727 4493 exarmatis
