3192 5017
565 220 714 311 ‘280
1589 238 1950 287 nummum.

671 410 1051 496 Interpretes
1097 411 1211 477 diu
1256 432 1329 477 ac
1374 411 1654 477 multum
1702 415 1987 478 exercuit
2034 433 2132 478 vs.
2188 409 2350 477 113:

1033 516 1181 582 ὅταν
1229 516 1291 582 δὲ
1339 517 1550 591 νυκτὸς
1600 516 1780 595 ὄμμα
1828 518 2106 596 λυγαίας
2155 516 2353 599 μόλῃ,

1029 623 1367 701 τολμητέον
1414 646 1505 688 τοι
1551 621 1726 699 ξεςὸν
1774 623 1844 688 ἐκ
1891 628 2035 688 ναοῦ
2084 623 2310 702 λαβεῖν

1037 728 1321 808 ἄγαλμα
1368 728 1583 803 πιέσας
1634 729 2042 811 προσφέροντε
2089 730 2415 810 μηχανάς.

1044 832 1180 916 δ’ρα
1228 835 1307 900 δέ
1353 838 1421 914 γ’
1469 835 1651 901 εἵσω
1701 835 2063 917 τριγλύφων
2112 832 2244 901 ὅποι
2294 835 2461 901 κενὸν

1040 941 1234 1019 δέμας
1285 945 1578 1009 καθεῖναι.

585 1047 862 1115 Difficile
916 1054 1013 1115 est
1059 1050 1275 1114 omnia
1319 1051 1605 1115 virorum
1654 1049 1987 1115 doctorum
2034 1051 2367 1115 conamina
2412 1069 2778 1121 recensere.
2833 1047 2958 1132 qui-

585 1156 703 1221 bus
756 1154 1069 1220 laboranti
1132 1153 1269 1220 loco
1334 1155 1673 1221 subvenire
1735 1154 2098 1221 voluerunt.
2193 1154 2523 1240 Plerisque
2585 1154 2656 1220 id
2708 1150 2962 1219 mirifice

585 1260 829 1346 placuit
875 1260 1042 1346 quod
1091 1258 1509 1326 Blomfieldus
1555 1262 1836 1327 invenit:
1889 1258 1994 1340 ὅρα
2038 1261 2100 1326 δὲ
2136 1269 2328 1338 γεῖσα
2368 1260 2757 1340 τριγλύφων.
2812 1257 2962 1322 Hinc

583 1366 986 1454 Elmsleyus:
1036 1361 1143 1445 ὅρα
1192 1365 1254 1432 δὲ
1303 1367 1527 1444 γείσων
1573 1367 1939 1448 τριγλύφων
1986 1364 2133 1433 ὅπου
2186 1365 2373 1433 κενόν.
2422 1366 2802 1432 Nauokius:
2848 1359 2964 1430 ὅποι

582 1473 798 1554 χρεών.
847 1472 1252 1561 Madvigius:
1302 1473 1484 1553 πείρα
1528 1474 1591 1538 δέ
1640 1476 1706 1551 γ’
1748 1473 1885 1539 εἵσω
1927 1473 2289 1555 τριγλύφων
2328 1468 2476 1537 ὅπου
2520 1471 2704 1537 κενόν.
2757 1470 2967 1536 Heim·

589 1580 902 1646 soethius:
974 1576 1080 1659 ὅρα
1145 1582 1195 1645 δ’
1256 1582 1392 1645 ἐῶσι
1457 1580 1821 1661 τριγλύφων
1876 1579 2054 1646 τόποι
2102 1580 2281 1646 κενοί.
2332 1579 2749 1667 Koechlyus:
2803 1584 2966 1661 ρᾷςον

588 1684 654 1751 δέ
709 1688 776 1764 γ’
824 1684 980 1752 εἵσω.
1033 1685 1340 1752 Weilius:
1388 1684 1495 1767 ὅρα
1542 1689 1594 1752 δ’
1645 1687 1819 1757 ἔνεςι.
1869 1686 2281 1753 Hermannus
2328 1690 2395 1764 γ’
2441 1685 2583 1751 εἵσω
2630 1689 2873 1751 retinet
2914 1690 2966 1750 et

590 1794 818 1858 vertit:
891 1800 948 1857 et
1017 1794 1150 1857 vide
1206 1794 1412 1858 saltem
1481 1794 1585 1857 ubi
1646 1816 1891 1857 vacuum
1952 1799 2208 1877 spatium
2274 1798 2357 1857 eit
2418 1793 2650 1876 corpori
2703 1795 2867 1858 intro
2908 1815 2967 1855 ea·

592 1899 907 1985 mquphis
976 1899 1352 1964 demittendo.
1447 1897 1883 1965 Weckleinius
1954 1899 2223 1984 denique
2294 1901 2361 1964 in
2434 1897 2683 1964 Studiis
2762 1899 2962 1984 Eurip.

593 2027 656 2091 p.
727 2003 853 2070 391
926 2006 1182 2073 scribit:
1257 2006 1501 2085 Δωρικὰ
1567 2004 1628 2069 δὲ
1690 2014 1880 2083 γεῖσα
1941 2005 2298 2087 τριγλύφων
2364 2005 2522 2078 ὀπὰς
2571 2014 2745 2071 κενοῖ
2785 2004 2962 2082 δέμας

595 2112 892 2177 καθεῖναι.
987 2111 1194 2192 Quam
1266 2110 1430 2177 nihil
1489 2111 1646 2177 haec
1706 2115 1920 2178 omnia
1982 2111 2330 2196 sufficiant,
2396 2111 2749 2177 ostendisse
2819 2110 2960 2176 mihi

594 2217 852 2285 videtur
896 2217 1215 2305 Bergkins
1259 2219 1326 2282 in
1370 2217 1591 2284 Museo
1639 2218 1943 2284 Rhenano
1964 2216 2175 2285 -XVII
2222 2216 2377 2297 593,
2428 2240 2541 2284 nec
2588 2224 2815 2285 tamen
2850 2238 2963 2283 am-

593 2322 835 2410 plectar
879 2323 1045 2410 quod
1095 2325 1230 2409 ipse
1277 2324 1782 2391 commendavit:
1831 2322 2017 2404 ἄριςα
2065 2322 2117 2387 δ’
2163 2322 2324 2389 εἵσω.
2421 2323 2645 2390 obfuit
2693 2327 2819 2390 nisi
2860 2323 2958 2389 fal-

593 2431 724 2511 lor,
796 2430 965 2516 quod
1027 2433 1093 2494 in
1143 2428 1505 2516 apographo
1553 2430 1830 2515 quodam
1876 2430 2167 2495 Parisino
2214 2428 2458 2518 leg-itur
2502 2427 2623 2510 ὥρα
2670 2448 2961 2517 saepeque

594 2536 666 2603 fit
727 2544 799 2603 ut
861 2539 985 2603 viri
1031 2537 1204 2602 docti
1247 2537 1524 2621 recipere
1571 2556 1696 2601 non
1745 2536 2051 2613 audeant,
2101 2538 2155 2601 si
2202 2556 2326 2620 qua
2369 2536 2531 2602 forte
2579 2537 2749 2603 bona
2793 2536 2959 2603 lectio

592 2647 660 2710 in
706 2643 879 2711 malo
925 2642 1156 2709 Codice
1199 2644 1579 2709 inveniatur.
1642 2640 1767 2707 Sed
1814 2664 1981 2709 nunc
2029 2626 2277 2729 quoque
2322 2644 2569 2709 obtinet
2614 2645 2787 2730 quod
2836 2662 2960 2730 pro-

592 2752 811 2819 verbio
874 2751 1142 2816 dicitur:
1211 2747 1481 2814 πολλάκι
1546 2747 1620 2822 δὴ
1670 2748 1775 2814 καὶ
1823 2751 2016 2831 μωρὸς
2066 2750 2213 2829 ἀνὴρ
2260 2750 2451 2826 μάλα
2499 2750 2730 2830 καίριον
2779 2746 2953 2817 εἶπεν.

593 2858 984 2925 Contendere
1045 2859 1252 2922 ausim
1313 2876 1531 2922 veram
1593 2854 1930 2922 lectionem
1990 2876 2124 2922 esse
2186 2853 2303 2935 ὥρα
2325 2907 2343 2932 ,
2395 2856 2529 2923 sive
2576 2878 2651 2922 ea
2690 2856 2956 2937 librarii,

591 2967 700 3050 qui
761 2963 949 3030 illum
1008 2956 1306 3028 Codicem
1370 2964 1689 3037 exaravit,
1742 2963 2101 3028 coniectura
2147 2967 2278 3046 est,
2327 2965 2498 3039 sive,
2548 2964 2721 3049 quod
2772 2964 2957 3049 magis

593 3071 965 3137 crediderim
991 3117 1006 3147 ‚
1073 3089 1286 3135 merus
1348 3087 1519 3133 error
1576 3074 1709 3152 est,
1764 3089 1960 3152 quum
2011 3068 2166 3134 haec
2218 3068 2539 3133 vocabula
2573 3071 2769 3135 toties
2818 3071 2958 3134 inter

593 3200 659 3245 se
719 3176 1208 3244 confunduntur.
1285 3174 1464 3256 Quod
1515 3174 1592 3240 ad
1642 3195 1775 3240 rem
1824 3178 2081 3254 attinet,
2134 3176 2323 3241 audio
2366 3177 2433 3240 in
2481 3179 2758 3242 vetustis
2805 3175 2953 3243 delu-

594 3286 725 3351 bris
769 3287 936 3349 inter
983 3282 1344 3370 triglyphos
1392 3281 1548 3346 olim
1603 3302 1875 3347 vacuum
1922 3281 2134 3346 locum
2175 3282 2369 3347 fuisse
2405 3281 2737 3355 relictum.
2785 3300 2950 3369 quem

589 3396 881 3476 metopae
946 3394 1161 3474 postea
1223 3389 1612 3474 occuparint.
1707 3388 1837 3451 Das
1901 3388 2170 3452 dori-eche
2214 3389 2539 3469 Kraqwerk
2587 3390 2694 3453 der
2748 3389 2951 3472 1¹24qu-

577 3499 771 3582 pken,
837 3497 928 3561 ait
989 3492 1457 3571 WeckleiniuS‚
1517 3496 1578 3559 d.
1628 3496 1684 3558 h.
1735 3496 1832 3558 die
1879 3494 2282 3575 vorrayenden
2334 3494 2685 3580 Triqupkeu
2735 3497 2828 3561 bei
2866 3495 2951 3557 der

592 3603 902 3668 dorischen
963 3601 1458 3682 Sdulenordmmq
1520 3601 1716 3664 lassen
1763 3601 1971 3665 Laken
2020 3602 2171 3678 leer,
2224 3624 2319 3665 um
2365 3603 2490 3666 sich
2538 3603 2602 3664 in
2651 3603 2770 3667 den
2818 3602 2950 3666 Tem·

586 3710 690 3793 pel
729 3706 1198 3771 hinabzulassen.
1293 3706 1421 3769 Der
1472 3706 1671 3769 Baum
1715 3708 1994 3771 zwiscben
2042 3707 2157 3770 den
2210 3706 2579 3787 Querbalken
2604 3758 2619 3782 ‚
2672 3710 2803 3795 auf
2836 3709 2949 3773 vel·

586 3817 731 3879 chen
778 3815 884 3876 das
937 3811 1104 3875 Dack
1149 3813 1359 3896 ruhte,
1406 3814 1606 3876 warde
1652 3812 1719 3876 in
1766 3814 1871 3877 der
1917 3814 2182 3896 εἳίιθνεη,
2231 3813 2360 3876 also
2408 3814 2718 3878 besonden
2763 3820 2827 3878 in
2865 3813 2950 3876 der

588 3921 897 3985 dorice-hen
939 3918 1197 3994 Bauarb,
1223 3919 1653 4002 freiyelacsen,
1695 3926 1894 4002 spc’iter
1934 3920 2269 4003 ausqqfvillt
2307 3920 2429 4003 (die
2450 3919 2738 4006 Metope).
2767 3917 2945 3985 Dur-ck

585 4026 778 4090 colcha
839 4023 1046 4088 Duken
1111 4025 1374 4107 entfliehc
1419 4025 1526 4088 der
1572 4024 1839 4109 Phryqer
1889 4024 2094 4090 Orest.
2151 4023 2346 4092 1371.
2395 4025 2488 4091 Eo
2534 4028 2740 4114 igitur
2788 4025 2949 4114 pcrti-

589 4139 696 4200 net
754 4130 917 4197 illud
979 4126 1111 4195 ὅποι
1177 4129 1360 4195 κενόν.
1414 4129 1535 4195 Sed
1581 4136 1906 4215 praeterea
1955 4136 2095 4216 post
2140 4128 2262 4212 ὥρα
2311 4133 2579 4198 verbum
2626 4137 2942 4219 requiritur

585 4247 649 4308 et
712 4237 969 4324 quidem
1028 4237 1245 4302 futuro
1308 4242 1590 4321 tempore
1652 4257 1975 4323 quumque
2037 4262 2118 4317 γε
2179 4237 2495 4324 particula
2558 4238 2736 4305 nullo
2785 4237 2942 4306 modo

585 4345 820 4414 servari
866 4344 1102 4429 possit,
1152 4342 1469 4408 scribam:
