3192 5017
598 260 733 332 230
1596 283 1985 336 sornooms.

595 453 743 520 Duo
798 456 905 520 hic
958 462 1145 543 rogat
1200 458 1520 543 Antigone
1538 503 1555 532 ,
1600 458 1882 540 primum
1928 463 2004 524 ut
2048 479 2127 523 ne
2182 458 2376 523 frater
2420 457 2767 522 exercitum
2810 452 2954 520 'rhe-

594 560 710 626 bas
755 561 948 627 ducat
993 583 1151 627 neve
1195 568 1524 647 propterea
1569 584 1638 627 se
1683 566 1897 648 ipsum
1942 572 2046 629 eat
2091 564 2434 649 perditum.
2530 562 2716 642 Quod
2759 570 2952 627 autem

598 665 937 753 Polynices
982 668 1356 753 respondet:

1053 773 1209 838 ἀλλ’
1260 777 1383 854 οὐχ
1429 770 1544 839 οἶόν
1591 799 1694 839 τε·
1743 782 1868 847 πῶς
1916 777 2044 855 γὰρ
2095 775 2284 848 αὖθις
2325 775 2404 839 ἂν
2451 775 2646 840 πάλιν

1053 881 1353 959 &poia-suff
1399 878 1619 957 ἄγοιμ’
1666 882 2002 965 εὔτακτον,
2051 885 2138 954 εἷς
2186 880 2369 961 ἅπαξ
2414 883 2677 961 micam

598 985 893 1074 intelligo
950 986 1071 1076 hoc
1135 1008 1339 1051 unum
1384 1008 1660 1053 sororem
1706 991 1961 1073 petiisse
2009 1011 2085 1055 ne
2132 990 2328 1054 frater
2372 991 2617 1074 patriae
2665 987 2950 1052 nefarium

602 1090 846 1156 bellum
893 1092 1186 1168 inferret:
1234 1092 1384 1157 hinc
1430 1096 1832 1177 scripserim:

1054 1199 1280 1277 ςρέψαιι
1328 1199 1628 1276 epae-reule
1675 1200 1736 1271 ἒς
1777 1200 2011 1279 Ἀργος
2057 1204 2135 1272 ὥς
2182 1199 2433 1279 ‘mixta-02
2480 1225 2596 1278 γε,

1053 1306 1143 1376 ὥς
1191 1307 1280 1381 μὴ
1327 1304 1397 1368 σέ
1442 1308 1502 1369 τ’
1552 1306 1739 1370 αὐτὸν
1787 1307 1892 1369 καὶ
1941 1307 2121 1370 πόλιν
2166 1306 2483 1400 διεργάσῃ.

600 1407 902 1475 Ceterum
959 1431 1038 1475 ne
1101 1411 1254 1495 quid
1301 1411 1743 1489 dissimulem,
1791 1420 1888 1479 est
1934 1412 2109 1477 aliud
2156 1416 2348 1478 etiam
2403 1416 2471 1476 in
2521 1412 2742 1477 eodem
2787 1412 2956 1476 versi-

601 1515 781 1592 culo,
844 1537 969 1601 quo
1030 1538 1263 1604 magno
1323 1538 1509 1601 opere
1568 1518 1867 1584 offendor.
1932 1519 2132 1583 Novit
2191 1522 2515 1605 Antigone
2579 1521 2722 1603 quis
2777 1519 2961 1582 exitus

605 1621 757 1687 belli
806 1626 891 1687 sit
937 1623 1227 1700 futurus,
1273 1625 1521 1709 audivit
1568 1627 1741 1689 enim
1787 1628 1986 1710 patris
2035 1626 2411 1691 vaticinium
2460 1646 2554 1690 νε.
2619 1623 2815 1690 1372:

1584 1732 1649 1794 οὐ
1697 1733 1824 1810 γὰρ
1871 1729 2010 1796 ἔσθ’
2058 1731 2218 1802 ὅπως
2265 1730 2444 1795 πόλιν

1147 1836 1342 1910 κείνην
1390 1835 1684 1914 ἔρείψεις,
1736 1837 1913 1901 ἀλλὰ
1961 1835 2226 1916 πρόσθεν
2279 1835 2509 1915 αἵματι

1156 1951 1342 2007 πεσεῖ
1381 1941 1670 2020 μιανθεὶς
1719 1945 1816 2022 χῶ
1865 1943 2159 2024 ξύναιμος
2207 1941 2276 2018 ἐξ
2323 1942 2475 2007 ἴσου.

610 2048 894 2128 Quorum
943 2049 1283 2113 verborum
1331 2069 1472 2114 eam
1522 2070 1867 2115 memorem
1917 2050 2109 2115 fuisse
2158 2050 2454 2114 videmus
2499 2070 2592 2113 νε.
2652 2047 2851 2113 1425:

969 2156 1109 2236 ὁρᾷς
1155 2155 1240 2219 τοὶ
1290 2157 1450 2219 τοῦδ’
1499 2154 1593 2220 οὖν
1642 2159 1720 2223 ὥς
1773 2157 1831 2224 ἐς
1881 2153 2052 2233 ὀρθὸν
2107 2157 2386 2234 ἐκφέρεις

966 2259 1393 2337 μαντεύμαθ’,
1448 2257 1508 2331 ὃς
1558 2264 1732 2341 σφῷν
1782 2259 2055 2325 θάνατον
2104 2259 2172 2335 ἐξ
2219 2263 2459 2338 ἆμφοῖν
2508 2260 2696 2340 θροεῖ.

605 2365 826 2451 Itaque
895 2387 1019 2431 non
1079 2369 1288 2450 potuit
1348 2368 1666 2433 dehortari
1727 2368 1988 2432 fratrem
2051 2388 2129 2432 ne
2189 2368 2417 2432 urbem
2477 2368 2782 2443 dirueret,
2837 2386 2961 2430 nam

602 2475 784 2538 novit
840 2472 1097 2537 fratrem
1158 2474 1537 2556 parricidam
1594 2480 1741 2539 ante
1799 2476 2051 2538 moenia
2094 2473 2509 2538 interemtum
2559 2475 2660 2537 iri.
2759 2472 2960 2537 Malim

606 2581 935 2662 equidem:

1053 2687 1144 2756 ὥς
1191 2687 1278 2761 μὴ
1326 2685 1395 2748 σε’
1443 2688 1501 2748 τ’
1547 2685 1735 2749 αὐτὸν
1782 2685 1885 2749 καὶ
1935 2685 2173 2751 κάσιν
2219 2684 2535 2765 διεργάσῃ.

604 2791 748 2878 Ipsa
814 2790 1141 2878 Antigone
1203 2793 1501 2856 continuo
1558 2799 1731 2876 post,
1794 2813 1888 2857 νε.
1967 2791 2140 2856 1440
2162 2838 2179 2868 ,
2242 2792 2504 2856 fratrem
2564 2813 2757 2857 suum
2807 2790 2963 2855 κάσιν

607 2898 920 2983 appellat,
982 2904 1057 2963 ut
1114 2899 1192 2964 de
1240 2919 1360 2962 usu
1407 2899 1600 2962 huius
1643 2899 1922 2963 nominis
1965 2897 2146 2963 nulla
2189 2919 2510 2983 superesse
2558 2901 2760 2983 possit
2805 2898 2966 2962 dubi-

611 3006 787 3069 tatio.
883 3003 1025 3069 Non
1093 3010 1311 3069 metuo
1370 3010 1588 3069 autem
1651 3026 1729 3068 ne
1792 3008 1935 3089 quis
2001 3004 2167 3067 mihi
2214 3003 2473 3089 objiciat
2514 3025 2611 3068 vs.
2668 3004 2873 3068 1421:
2915 3001 2967 3065 τί

609 3134 701 3176 σοι
751 3108 996 3189 πάτραν
1045 3109 1541 3188 κατασκάψαντα
1589 3111 1784 3187 κέρδος
1834 3112 2132 3189 ἔρχεταις
2176 3131 2326 3174 cum
2366 3110 2486 3175 hoc
2525 3110 2696 3174 dicat
2740 3109 2964 3195 puella:

608 3217 759 3302 quid
800 3217 910 3281 tibi
944 3217 1260 3300 proderit,
1312 3216 1565 3281 etiamsi
1607 3222 1868 3299 patriam
1915 3215 2244 3282 everteris?

699 3426 1031 3515 Significat
1116 3427 1398 3513 Oedipus
1482 3428 1603 3492 sibi
1687 3430 1922 3491 instare
1991 3425 2180 3491 finem
2255 3428 2461 3505 vitae;
2534 3432 2678 3491 tum
2748 3423 2970 3492 Chorus

613 3558 704 3601 νε
758 3534 968 3599 1474:

973 3647 1101 3711 πῶς
1149 3636 1365 3717 οἶσθας
1418 3642 1500 3719 τῷ
1551 3639 1615 3702 δὲ
1661 3644 1839 3702 τοῦτο
1887 3640 2344 3715 συμβαλὼν
2391 3637 2599 3719 ἔχειςς

606 3749 775 3814 Nota
819 3767 894 3811 ea
940 3747 1321 3811 constructio
1368 3754 1494 3829 est,
1546 3767 1736 3831 quam
1788 3744 2127 3828 Sophocles
2165 3748 2231 3808 in
2272 3744 2519 3810 deliciis
2556 3746 2771 3810 habet.
2819 3740 2965 3823 Quid
3107 3746 3108 3813 1

607 3861 823 3920 autem
875 3850 1194 3938 significat
1240 3851 1586 3927 συμβαλὼν
1634 3847 1844 3931 {xa-5?
1893 3849 2140 3933 Nempe
2188 3852 2359 3913 idem
2407 3849 2573 3934 quod
2621 3851 2964 3927 συνέβαλες.
3107 3842 3108 3849 '

608 3962 736 4027 Hic
782 3968 998 4026 autem
1046 3961 1169 4023 nisi
1215 3958 1401 4023 fallor
1444 3960 1822 4044 requiritur:
1874 3957 2349 4035 συμβαλεῖν
2398 3958 2588 4036 ἔχεις.
2637 3958 2965 4024 Discrimen

602 4068 669 4131 in
731 4067 940 4153 aprico
998 4068 1273 4149 positum
1340 4070 1457 4129 est.
1551 4064 1791 4129 Eodem
1854 4063 2043 4129 modo
2105 4062 2451 4150 Seyffertus
2510 4067 2780 4130 correxit
2826 4058 2958 4127 Oed.

607 4173 757 4260 Tyr.
814 4171 964 4239 702.

696 4386 865 4453 Nota
912 4408 1009 4451 res
1058 4392 1153 4451 est
1201 4386 1682 4471 participiorum
1733 4384 1987 4449 dualem
2031 4406 2370 4450 numerum
2411 4385 2720 4450 feminino
2757 4400 2960 4472 genere
