<?xml version="1.0" encoding="UTF-8"?>
<!DOCTYPE html PUBLIC "-//W3C//DTD XHTML 1.0 Transitional//EN"
    "http://www.w3.org/TR/xhtml1/DTD/xhtml1-transitional.dtd">
<html xmlns="http://www.w3.org/1999/xhtml" xml:lang="en" lang="en">
 <head>
  <title>
</title>
<meta http-equiv="Content-Type" content="text/html;charset=utf-8" />
  <meta name='ocr-system' content='tesseract 3.04.00' />
  <meta name='ocr-capabilities' content='ocr_page ocr_carea ocr_par ocr_line ocrx_word'/>
</head>
<body>
  <div class='ocr_page' id='page_1' title='image "./mnemosynebiblio14servgoog_0296.png"; bbox 0 0 3192 5017; ppageno 0'>
   <div class='ocr_carea' id='block_1_1' title="bbox 639 320 2276 388">
    <p class='ocr_par' dir='ltr' id='par_1_1' title="bbox 639 320 2276 388">
     <span class='ocr_line' id='line_1_1' title="bbox 639 320 2276 388; baseline 0.001 -1"><span class='ocrx_word' id='word_1_1' title='bbox 639 320 771 387; x_wconf 81' lang='lat'><strong>292</strong></span> <span class='ocrx_word' id='word_1_2' title='bbox 1383 337 1470 384; x_wconf 80' lang='lat' dir='ltr'><strong>AD</strong></span> <span class='ocrx_word' id='word_1_3' title='bbox 1516 337 1737 385; x_wconf 69' lang='lat' dir='ltr'><strong>novun</strong></span> <span class='ocrx_word' id='word_1_4' title='bbox 1784 337 2276 388; x_wconf 61' lang='lat' dir='ltr'><strong>neumarum.</strong></span> 
     </span>
    </p>
   </div>
   <div class='ocr_carea' id='block_1_2' title="bbox 629 509 3007 2301">
    <p class='ocr_par' dir='ltr' id='par_1_2' title="bbox 629 509 3007 2301">
     <span class='ocr_line' id='line_1_2' title="bbox 638 509 3002 600; baseline 0 -24"><span class='ocrx_word' id='word_1_5' title='bbox 638 513 823 576; x_wconf 88' lang='lat' dir='ltr'><strong>unice</strong></span> <span class='ocrx_word' id='word_1_6' title='bbox 880 509 1363 577; x_wconf 89' lang='lat' dir='ltr'><strong>commendatur</strong></span> <span class='ocrx_word' id='word_1_7' title='bbox 1424 514 1488 574; x_wconf 88' lang='lat' dir='ltr'><strong>et</strong></span> <span class='ocrx_word' id='word_1_8' title='bbox 1533 509 1857 576; x_wconf 82' lang='lat' dir='ltr'><strong>malesana</strong></span> <span class='ocrx_word' id='word_1_9' title='bbox 1904 517 2000 577; x_wconf 84' lang='lat' dir='ltr'><strong>est</strong></span> <span class='ocrx_word' id='word_1_10' title='bbox 2046 515 2403 600; x_wconf 85' lang='lat' dir='ltr'><strong>conjectura</strong></span> <span class='ocrx_word' id='word_1_11' title='bbox 2449 536 2672 581; x_wconf 88' lang='lat' dir='ltr'><strong>eorum</strong></span> <span class='ocrx_word' id='word_1_12' title='bbox 2721 516 2834 599; x_wconf 81' lang='lat' dir='ltr'><strong>qui</strong></span> <span class='ocrx_word' id='word_1_13' title='bbox 2877 523 3002 593; x_wconf 82' lang='grc' dir='ltr'><strong><em>Χρι-</em></strong></span> 
     </span>
     <span class='ocr_line' id='line_1_3' title="bbox 634 612 3000 706; baseline 0 -22"><span class='ocrx_word' id='word_1_14' title='bbox 634 616 838 685; x_wconf 76' lang='grc' dir='ltr'><strong><em>ςιανὸν</em></strong></span> <span class='ocrx_word' id='word_1_15' title='bbox 907 612 1205 693; x_wconf 72' lang='grc' dir='ltr'><strong>γενέσθαι</strong></span> <span class='ocrx_word' id='word_1_16' title='bbox 1275 621 1707 699; x_wconf 88' lang='lat' dir='ltr'><strong>reposuerunt.</strong></span> <span class='ocrx_word' id='word_1_17' title='bbox 1809 617 1977 696; x_wconf 79' lang='lat' dir='ltr'><strong>Quid</strong></span> <span class='ocrx_word' id='word_1_18' title='bbox 2035 621 2244 706; x_wconf 89' lang='lat' dir='ltr'><strong>igitur</strong></span> <span class='ocrx_word' id='word_1_19' title='bbox 2307 618 2654 687; x_wconf 74' lang='lat' dir='ltr'><strong>faciemus?</strong></span> <span class='ocrx_word' id='word_1_20' title='bbox 2722 621 3000 687; x_wconf 89' lang='lat' dir='ltr'><strong>Primum</strong></span> 
     </span>
     <span class='ocr_line' id='line_1_4' title="bbox 636 720 3004 812; baseline 0.002 -26"><span class='ocrx_word' id='word_1_21' title='bbox 636 720 906 788; x_wconf 90' lang='lat' dir='ltr'><strong>firmiter</strong></span> <span class='ocrx_word' id='word_1_22' title='bbox 961 721 1356 797; x_wconf 78' lang='lat' dir='ltr'><strong>tenebimus,</strong></span> <span class='ocrx_word' id='word_1_23' title='bbox 1408 721 1467 784; x_wconf 82' lang='grc' dir='ltr'><strong>ἐν</strong></span> <span class='ocrx_word' id='word_1_24' title='bbox 1514 721 1705 802; x_wconf 80' lang='grc' dir='ltr'><em>ὀλίγῳ</em></span> <span class='ocrx_word' id='word_1_25' title='bbox 1752 743 1877 788; x_wconf 90' lang='grc'><strong>11011</strong></span> <span class='ocrx_word' id='word_1_26' title='bbox 1923 724 2280 811; x_wconf 85' lang='lat' dir='ltr'><strong>significare</strong></span> <span class='ocrx_word' id='word_1_27' title='bbox 2327 726 2395 792; x_wconf 91' lang='lat' dir='ltr'><strong>id</strong></span> <span class='ocrx_word' id='word_1_28' title='bbox 2441 728 2608 812; x_wconf 90' lang='lat' dir='ltr'><strong>quod</strong></span> <span class='ocrx_word' id='word_1_29' title='bbox 2656 726 2849 793; x_wconf 88' lang='lat' dir='ltr'><strong>hodie</strong></span> <span class='ocrx_word' id='word_1_30' title='bbox 2892 724 3004 811; x_wconf 85' lang='lat' dir='ltr'><strong>ple·</strong></span> 
     </span>
     <span class='ocr_line' id='line_1_5' title="bbox 634 829 3004 913; baseline 0.001 -20"><span class='ocrx_word' id='word_1_31' title='bbox 634 831 844 913; x_wconf 87' lang='lat' dir='ltr'><strong>risque</strong></span> <span class='ocrx_word' id='word_1_32' title='bbox 910 829 1365 912; x_wconf 79' lang='lat' dir='ltr'><strong>interpretibus</strong></span> <span class='ocrx_word' id='word_1_33' title='bbox 1435 833 1500 893; x_wconf 90' lang='lat' dir='ltr'><strong>et</strong></span> <span class='ocrx_word' id='word_1_34' title='bbox 1569 832 2116 896; x_wconf 75' lang='lat' dir='ltr'><strong>concionatoribus</strong></span> <span class='ocrx_word' id='word_1_35' title='bbox 2178 832 2434 898; x_wconf 79' lang='lat' dir='ltr'><strong>videtur</strong></span> <span class='ocrx_word' id='word_1_36' title='bbox 2459 883 2475 910; x_wconf 89' lang='lat'><strong>,</strong></span> <span class='ocrx_word' id='word_1_37' title='bbox 2542 834 2776 900; x_wconf 89' lang='lat' dir='ltr'><strong>deinde</strong></span> <span class='ocrx_word' id='word_1_38' title='bbox 2837 834 3004 896; x_wconf 88' lang='lat' dir='ltr'><strong>utin</strong></span> 
     </span>
     <span class='ocr_line' id='line_1_6' title="bbox 636 934 3007 1026; baseline 0.001 -26"><span class='ocrx_word' id='word_1_39' title='bbox 636 935 964 1020; x_wconf 89' lang='lat' dir='ltr'><strong>desperata</strong></span> <span class='ocrx_word' id='word_1_40' title='bbox 1023 955 1091 999; x_wconf 88' lang='lat' dir='ltr'><strong>re</strong></span> <span class='ocrx_word' id='word_1_41' title='bbox 1147 934 1388 1019; x_wconf 78' lang='lat' dir='ltr'><strong>ahquid</strong></span> <span class='ocrx_word' id='word_1_42' title='bbox 1448 935 1814 1000; x_wconf 88' lang='lat' dir='ltr'><strong>audendum</strong></span> <span class='ocrx_word' id='word_1_43' title='bbox 1863 944 1976 1001; x_wconf 89' lang='lat' dir='ltr'><strong>est.</strong></span> <span class='ocrx_word' id='word_1_44' title='bbox 2072 937 2420 1024; x_wconf 87' lang='lat' dir='ltr'><strong>Postquam</strong></span> <span class='ocrx_word' id='word_1_45' title='bbox 2483 939 2733 1006; x_wconf 88' lang='lat' dir='ltr'><strong>Paulus</strong></span> <span class='ocrx_word' id='word_1_46' title='bbox 2796 959 3007 1026; x_wconf 83' lang='lat' dir='ltr'><strong>magna</strong></span> 
     </span>
     <span class='ocr_line' id='line_1_7' title="bbox 636 1043 3004 1119; baseline 0 -12"><span class='ocrx_word' id='word_1_47' title='bbox 636 1062 783 1107; x_wconf 92' lang='lat' dir='ltr'><strong>cum</strong></span> <span class='ocrx_word' id='word_1_48' title='bbox 849 1043 1308 1107; x_wconf 78' lang='lat' dir='ltr'><strong>asseveratione</strong></span> <span class='ocrx_word' id='word_1_49' title='bbox 1370 1047 1434 1106; x_wconf 90' lang='lat' dir='ltr'><strong>et</strong></span> <span class='ocrx_word' id='word_1_50' title='bbox 1494 1063 1751 1108; x_wconf 89' lang='lat' dir='ltr'><strong>summa</strong></span> <span class='ocrx_word' id='word_1_51' title='bbox 1810 1045 1979 1109; x_wconf 86' lang='lat' dir='ltr'><strong>vocis</strong></span> <span class='ocrx_word' id='word_1_52' title='bbox 2025 1048 2425 1112; x_wconf 76' lang='lat' dir='ltr'><strong>contentione</strong></span> <span class='ocrx_word' id='word_1_53' title='bbox 2466 1046 2666 1112; x_wconf 83' lang='lat' dir='ltr'><strong>dixit:</strong></span> <span class='ocrx_word' id='word_1_54' title='bbox 2719 1046 3004 1119; x_wconf 75' lang='grc' dir='ltr'><strong><em>πιςεύεις,</em></strong></span> 
     </span>
     <span class='ocr_line' id='line_1_8' title="bbox 632 1145 3005 1236; baseline 0.002 -25"><span class='ocrx_word' id='word_1_55' title='bbox 632 1147 905 1225; x_wconf 81' lang='grc' dir='ltr'><strong>βασιλεῦ</strong></span> <span class='ocrx_word' id='word_1_56' title='bbox 982 1145 1348 1226; x_wconf 78' lang='grc' dir='ltr'><strong>Ἀγρίππα,</strong></span> <span class='ocrx_word' id='word_1_57' title='bbox 1419 1156 1544 1219; x_wconf 80' lang='grc' dir='ltr'><strong>τοῖς</strong></span> <span class='ocrx_word' id='word_1_58' title='bbox 1620 1151 2004 1227; x_wconf 73' lang='grc' dir='ltr'><strong><em>προφήταις·</em></strong></span> <span class='ocrx_word' id='word_1_59' title='bbox 2076 1145 2218 1214; x_wconf 79' lang='grc' dir='ltr'><strong>οἶδα</strong></span> <span class='ocrx_word' id='word_1_60' title='bbox 2283 1146 2373 1216; x_wconf 75' lang='grc' dir='ltr'><strong>ὅτι</strong></span> <span class='ocrx_word' id='word_1_61' title='bbox 2442 1151 2760 1236; x_wconf 79' lang='grc' dir='ltr'><strong><em>πιςεύεις,</em></strong></span> <span class='ocrx_word' id='word_1_62' title='bbox 2814 1152 3005 1216; x_wconf 86' lang='lat' dir='ltr'><strong>ridens</strong></span> 
     </span>
     <span class='ocr_line' id='line_1_9' title="bbox 634 1254 3007 1339; baseline -0.001 -18"><span class='ocrx_word' id='word_1_63' title='bbox 634 1276 743 1321; x_wconf 82' lang='lat' dir='ltr'><strong>rex</strong></span> <span class='ocrx_word' id='word_1_64' title='bbox 762 1302 778 1331; x_wconf 93' lang='lat'><strong><em>,</em></strong></span> <span class='ocrx_word' id='word_1_65' title='bbox 828 1254 1019 1317; x_wconf 77' lang='lat' dir='ltr'><strong>nimia</strong></span> <span class='ocrx_word' id='word_1_66' title='bbox 1066 1260 1149 1317; x_wconf 73' lang='lat' dir='ltr'><strong>est</strong></span> <span class='ocrx_word' id='word_1_67' title='bbox 1194 1259 1301 1316; x_wconf 77' lang='lat' dir='ltr'><strong>tua</strong></span> <span class='ocrx_word' id='word_1_68' title='bbox 1347 1255 1710 1337; x_wconf 77' lang='lat' dir='ltr'><strong>confidentia</strong></span> <span class='ocrx_word' id='word_1_69' title='bbox 1734 1304 1750 1331; x_wconf 93' lang='lat'>,</span> <span class='ocrx_word' id='word_1_70' title='bbox 1802 1257 2048 1339; x_wconf 87' lang='lat' dir='ltr'><strong>inquit,</strong></span> <span class='ocrx_word' id='word_1_71' title='bbox 2097 1262 2154 1318; x_wconf 75' lang='lat' dir='ltr'><strong>ei</strong></span> <span class='ocrx_word' id='word_1_72' title='bbox 2187 1257 2382 1321; x_wconf 72' lang='lat' dir='ltr'><strong>credie</strong></span> <span class='ocrx_word' id='word_1_73' title='bbox 2419 1266 2541 1321; x_wconf 76' lang='lat' dir='ltr'><strong>tam</strong></span> <span class='ocrx_word' id='word_1_74' title='bbox 2584 1264 2703 1323; x_wconf 72' lang='lat' dir='ltr'><strong>cito</strong></span> <span class='ocrx_word' id='word_1_75' title='bbox 2744 1282 2833 1322; x_wconf 80' lang='lat' dir='ltr'><strong>me</strong></span> <span class='ocrx_word' id='word_1_76' title='bbox 2867 1257 3007 1320; x_wconf 68' lang='lat' dir='ltr'><strong>vinci</strong></span> 
     </span>
     <span class='ocr_line' id='line_1_10' title="bbox 629 1358 3001 1446; baseline 0.002 -20"><span class='ocrx_word' id='word_1_77' title='bbox 629 1383 796 1444; x_wconf 73' lang='lat' dir='ltr'><strong>posse</strong></span> <span class='ocrx_word' id='word_1_78' title='bbox 844 1359 1220 1443; x_wconf 83' lang='lat' dir='ltr'><strong>videturque</strong></span> <span class='ocrx_word' id='word_1_79' title='bbox 1256 1359 1375 1424; x_wconf 89' lang='lat' dir='ltr'><strong>hoc</strong></span> <span class='ocrx_word' id='word_1_80' title='bbox 1414 1361 1505 1426; x_wconf 92' lang='lat' dir='ltr'><strong>sic</strong></span> <span class='ocrx_word' id='word_1_81' title='bbox 1545 1360 1780 1426; x_wconf 81' lang='lat' dir='ltr'><strong>dixisse</strong></span> <span class='ocrx_word' id='word_1_82' title='bbox 1819 1358 2093 1427; x_wconf 79' lang='lat' dir='ltr'><strong>Graece:</strong></span> <span class='ocrx_word' id='word_1_83' title='bbox 2136 1364 2196 1426; x_wconf 80' lang='grc' dir='ltr'><strong>ἐν</strong></span> <span class='ocrx_word' id='word_1_84' title='bbox 2237 1364 2428 1446; x_wconf 72' lang='grc' dir='ltr'><em>ὀλίγῳ</em></span> <span class='ocrx_word' id='word_1_85' title='bbox 2469 1389 2552 1442; x_wconf 80' lang='grc' dir='ltr'><strong>με</strong></span> <span class='ocrx_word' id='word_1_86' title='bbox 2603 1361 3001 1431; x_wconf 70' lang='grc' dir='ltr'><strong>πέποιθας</strong></span> 
     </span>
     <span class='ocr_line' id='line_1_11' title="bbox 638 1463 3004 1557; baseline 0 -26"><span class='ocrx_word' id='word_1_87' title='bbox 638 1464 948 1546; x_wconf 78' lang='grc' dir='ltr'><strong><em>Χρισιανὸν</em></strong></span> <span class='ocrx_word' id='word_1_88' title='bbox 996 1472 1263 1538; x_wconf 75' lang='grc' dir='ltr'><strong>ποιῆσαι.</strong></span> <span class='ocrx_word' id='word_1_89' title='bbox 1316 1463 1439 1530; x_wconf 83' lang='lat' dir='ltr'><strong>Oui</strong></span> <span class='ocrx_word' id='word_1_90' title='bbox 1486 1465 1764 1550; x_wconf 89' lang='lat' dir='ltr'><strong>Paulus,</strong></span> <span class='ocrx_word' id='word_1_91' title='bbox 1815 1466 2223 1554; x_wconf 76' lang='lat' dir='ltr'><strong>intelligebat</strong></span> <span class='ocrx_word' id='word_1_92' title='bbox 2270 1471 2443 1536; x_wconf 89' lang='lat' dir='ltr'><strong>enim</strong></span> <span class='ocrx_word' id='word_1_93' title='bbox 2476 1472 2780 1557; x_wconf 89' lang='lat' dir='ltr'><strong>jocatum</strong></span> <span class='ocrx_word' id='word_1_94' title='bbox 2829 1469 3004 1534; x_wconf 83' lang='lat' dir='ltr'><strong>fuisse</strong></span> 
     </span>
     <span class='ocr_line' id='line_1_12' title="bbox 637 1570 3002 1661; baseline -0.002 -22"><span class='ocrx_word' id='word_1_95' title='bbox 637 1592 864 1659; x_wconf 33' lang='lat' dir='ltr'><strong>regem·</strong></span> <span class='ocrx_word' id='word_1_96' title='bbox 904 1592 1018 1636; x_wconf 88' lang='lat' dir='ltr'><strong>nec</strong></span> <span class='ocrx_word' id='word_1_97' title='bbox 1065 1572 1190 1636; x_wconf 90' lang='lat' dir='ltr'><strong>sibi</strong></span> <span class='ocrx_word' id='word_1_98' title='bbox 1235 1571 1406 1636; x_wconf 88' lang='lat' dir='ltr'><strong>male</strong></span> <span class='ocrx_word' id='word_1_99' title='bbox 1450 1570 1648 1638; x_wconf 85' lang='lat' dir='ltr'><strong>velle:</strong></span> <span class='ocrx_word' id='word_1_100' title='bbox 1703 1571 2007 1651; x_wconf 74' lang='grc' dir='ltr'><strong>εὐξαίμην</strong></span> <span class='ocrx_word' id='word_1_101' title='bbox 2052 1571 2165 1659; x_wconf 75' lang='grc' dir='ltr'><strong>ἄν,</strong></span> <span class='ocrx_word' id='word_1_102' title='bbox 2214 1576 2459 1661; x_wconf 85' lang='lat' dir='ltr'><strong>inquit,</strong></span> <span class='ocrx_word' id='word_1_103' title='bbox 2505 1579 2592 1655; x_wconf 76' lang='grc' dir='ltr'><strong>τῷ</strong></span> <span class='ocrx_word' id='word_1_104' title='bbox 2644 1575 2774 1656; x_wconf 67' lang='grc' dir='ltr'><strong>θεῷ</strong></span> <span class='ocrx_word' id='word_1_105' title='bbox 2822 1576 2919 1639; x_wconf 73' lang='grc' dir='ltr'><strong>καὶ</strong></span> <span class='ocrx_word' id='word_1_106' title='bbox 2952 1572 3002 1635; x_wconf 69' lang='grc' dir='ltr'><strong>ἕν</strong></span> 
     </span>
     <span class='ocr_line' id='line_1_13' title="bbox 640 1676 3003 1757; baseline 0 -15"><span class='ocrx_word' id='word_1_107' title='bbox 640 1678 832 1757; x_wconf 71' lang='grc' dir='ltr'><em>ὀλίγῳ</em></span> <span class='ocrx_word' id='word_1_108' title='bbox 880 1678 984 1741; x_wconf 80' lang='grc' dir='ltr'><strong>καὶ</strong></span> <span class='ocrx_word' id='word_1_109' title='bbox 1035 1677 1094 1740; x_wconf 83' lang='grc' dir='ltr'><strong>ἕν</strong></span> <span class='ocrx_word' id='word_1_110' title='bbox 1143 1676 1411 1757; x_wconf 70' lang='grc' dir='ltr'><em>μεγάλῳ</em></span> <span class='ocrx_word' id='word_1_111' title='bbox 1458 1677 1524 1742; x_wconf 80' lang='grc' dir='ltr'><strong>οὐ</strong></span> <span class='ocrx_word' id='word_1_112' title='bbox 1571 1677 1748 1755; x_wconf 77' lang='grc' dir='ltr'><strong><em>μόνον</em></strong></span> <span class='ocrx_word' id='word_1_113' title='bbox 1797 1680 1866 1744; x_wconf 77' lang='grc' dir='ltr'><strong>σὲ</strong></span> <span class='ocrx_word' id='word_1_114' title='bbox 1912 1681 2090 1745; x_wconf 68' lang='grc' dir='ltr'><strong><em>ἀλλὰ</em></strong></span> <span class='ocrx_word' id='word_1_115' title='bbox 2138 1681 2244 1744; x_wconf 79' lang='grc' dir='ltr'><strong>καὶ</strong></span> <span class='ocrx_word' id='word_1_116' title='bbox 2295 1682 2540 1755; x_wconf 71' lang='grc' dir='ltr'><strong><em>πάντας</em></strong></span> <span class='ocrx_word' id='word_1_117' title='bbox 2591 1685 2739 1757; x_wconf 82' lang='grc' dir='ltr'><strong>τοὺς</strong></span> <span class='ocrx_word' id='word_1_118' title='bbox 2788 1681 3003 1748; x_wconf 69' lang='grc' dir='ltr'><strong><em>ἀκούον-</em></strong></span> 
     </span>
     <span class='ocr_line' id='line_1_14' title="bbox 641 1781 3002 1868; baseline -0 -18"><span class='ocrx_word' id='word_1_119' title='bbox 641 1782 760 1856; x_wconf 76' lang='grc' dir='ltr'><strong>τοὶς</strong></span> <span class='ocrx_word' id='word_1_120' title='bbox 807 1807 925 1862; x_wconf 77' lang='grc' dir='ltr'><strong>μου</strong></span> <span class='ocrx_word' id='word_1_121' title='bbox 974 1783 1230 1863; x_wconf 74' lang='grc' dir='ltr'><strong>σήμερον</strong></span> <span class='ocrx_word' id='word_1_122' title='bbox 1277 1781 1574 1862; x_wconf 71' lang='grc' dir='ltr'><strong>γενέσθαι</strong></span> <span class='ocrx_word' id='word_1_123' title='bbox 1626 1784 1925 1856; x_wconf 78' lang='grc' dir='ltr'><strong><em>τοιούτους</em></strong></span> <span class='ocrx_word' id='word_1_124' title='bbox 1975 1786 2172 1856; x_wconf 78' lang='grc' dir='ltr'><strong>ὁποῖος</strong></span> <span class='ocrx_word' id='word_1_125' title='bbox 2223 1789 2326 1852; x_wconf 81' lang='grc' dir='ltr'><strong>καὶ</strong></span> <span class='ocrx_word' id='word_1_126' title='bbox 2378 1791 2499 1865; x_wconf 76' lang='grc' dir='ltr'><strong>ἐγώ</strong></span> <span class='ocrx_word' id='word_1_127' title='bbox 2554 1790 2686 1867; x_wconf 75' lang='grc' dir='ltr'><strong>εἰμι</strong></span> <span class='ocrx_word' id='word_1_128' title='bbox 2727 1787 3002 1868; x_wconf 72' lang='grc' dir='ltr'><strong>παρεκτὸς</strong></span> 
     </span>
     <span class='ocr_line' id='line_1_15' title="bbox 641 1889 3000 1980; baseline 0.001 -25"><span class='ocrx_word' id='word_1_129' title='bbox 641 1897 755 1956; x_wconf 81' lang='grc' dir='ltr'><strong>τῶν</strong></span> <span class='ocrx_word' id='word_1_130' title='bbox 803 1890 1039 1967; x_wconf 80' lang='grc' dir='ltr'><em>δεσμῶν</em></span> <span class='ocrx_word' id='word_1_131' title='bbox 1086 1889 1334 1954; x_wconf 75' lang='grc' dir='ltr'><strong>τούτων.</strong></span> <span class='ocrx_word' id='word_1_132' title='bbox 1383 1889 1525 1954; x_wconf 91' lang='lat' dir='ltr'><strong>Hoc</strong></span> <span class='ocrx_word' id='word_1_133' title='bbox 1563 1889 1750 1975; x_wconf 89' lang='lat' dir='ltr'><strong>plane</strong></span> <span class='ocrx_word' id='word_1_134' title='bbox 1791 1895 2085 1957; x_wconf 86' lang='lat' dir='ltr'><strong>convenit</strong></span> <span class='ocrx_word' id='word_1_135' title='bbox 2124 1915 2272 1958; x_wconf 91' lang='lat' dir='ltr'><strong>cum</strong></span> <span class='ocrx_word' id='word_1_136' title='bbox 2309 1896 2391 1959; x_wconf 91' lang='lat' dir='ltr'><strong>iis</strong></span> <span class='ocrx_word' id='word_1_137' title='bbox 2425 1916 2587 1980; x_wconf 88' lang='lat' dir='ltr'><strong>quae</strong></span> <span class='ocrx_word' id='word_1_138' title='bbox 2626 1917 2744 1960; x_wconf 85' lang='lat' dir='ltr'><strong>rex</strong></span> <span class='ocrx_word' id='word_1_139' title='bbox 2783 1894 3000 1960; x_wconf 76' lang='lat' dir='ltr'><strong>dixerat</strong></span> 
     </span>
     <span class='ocr_line' id='line_1_16' title="bbox 639 1996 3000 2084; baseline -0.001 -22"><span class='ocrx_word' id='word_1_140' title='bbox 639 2020 753 2063; x_wconf 89' lang='lat' dir='ltr'><strong>nec</strong></span> <span class='ocrx_word' id='word_1_141' title='bbox 800 1996 1067 2062; x_wconf 84' lang='lat' dir='ltr'><strong>fortasse</strong></span> <span class='ocrx_word' id='word_1_142' title='bbox 1114 1996 1613 2082; x_wconf 82' lang='lat' dir='ltr'><strong>Bakhuyzenius</strong></span> <span class='ocrx_word' id='word_1_143' title='bbox 1660 2004 1885 2084; x_wconf 79' lang='lat' dir='ltr'><strong>perget</strong></span> <span class='ocrx_word' id='word_1_144' title='bbox 1930 2000 2305 2065; x_wconf 88' lang='lat' dir='ltr'><strong>contendere</strong></span> <span class='ocrx_word' id='word_1_145' title='bbox 2352 2003 2676 2067; x_wconf 88' lang='lat' dir='ltr'><strong>incertum</strong></span> <span class='ocrx_word' id='word_1_146' title='bbox 2726 2021 2858 2067; x_wconf 85' lang='lat' dir='ltr'><strong>esse</strong></span> <span class='ocrx_word' id='word_1_147' title='bbox 2899 2016 3000 2083; x_wconf 88' lang='lat' dir='ltr'><strong>quo</strong></span> 
     </span>
     <span class='ocr_line' id='line_1_17' title="bbox 643 2102 2997 2185; baseline 0 -17"><span class='ocrx_word' id='word_1_148' title='bbox 643 2123 829 2168; x_wconf 85' lang='lat' dir='ltr'><strong>sensu</strong></span> <span class='ocrx_word' id='word_1_149' title='bbox 892 2104 951 2166; x_wconf 79' lang='grc' dir='ltr'><strong>ἐν</strong></span> <span class='ocrx_word' id='word_1_150' title='bbox 1017 2102 1209 2182; x_wconf 72' lang='grc' dir='ltr'><em>ὀλίγῳ</em></span> <span class='ocrx_word' id='word_1_151' title='bbox 1270 2102 1377 2165; x_wconf 82' lang='grc' dir='ltr'><strong>καὶ</strong></span> <span class='ocrx_word' id='word_1_152' title='bbox 1429 2102 1488 2165; x_wconf 80' lang='grc' dir='ltr'><strong>ἕν</strong></span> <span class='ocrx_word' id='word_1_153' title='bbox 1534 2102 1804 2183; x_wconf 74' lang='grc' dir='ltr'><em>μεγάλῳ</em></span> <span class='ocrx_word' id='word_1_154' title='bbox 1851 2104 2099 2169; x_wconf 87' lang='lat' dir='ltr'><strong>dictum</strong></span> <span class='ocrx_word' id='word_1_155' title='bbox 2148 2107 2252 2170; x_wconf 87' lang='lat' dir='ltr'><strong>sit.</strong></span> <span class='ocrx_word' id='word_1_156' title='bbox 2347 2106 2804 2173; x_wconf 87' lang='lat' dir='ltr'><strong>Lachmannus</strong></span> <span class='ocrx_word' id='word_1_157' title='bbox 2848 2105 2997 2185; x_wconf 64' lang='grc' dir='ltr'><strong><em>πείθῃ</em></strong></span> 
     </span>
     <span class='ocr_line' id='line_1_18' title="bbox 637 2206 2381 2301; baseline 0.001 -25"><span class='ocrx_word' id='word_1_158' title='bbox 637 2211 973 2294; x_wconf 78' lang='lat' dir='ltr'><strong>scripserat</strong></span> <span class='ocrx_word' id='word_1_159' title='bbox 988 2255 1003 2285; x_wconf 91' lang='lat'><strong>‚</strong></span> <span class='ocrx_word' id='word_1_160' title='bbox 1060 2209 1170 2273; x_wconf 92' lang='lat' dir='ltr'><strong>sed</strong></span> <span class='ocrx_word' id='word_1_161' title='bbox 1217 2228 1438 2273; x_wconf 91' lang='lat' dir='ltr'><strong>meum</strong></span> <span class='ocrx_word' id='word_1_162' title='bbox 1488 2206 1798 2283; x_wconf 68' lang='grc' dir='ltr'><strong>πέποιθας</strong></span> <span class='ocrx_word' id='word_1_163' title='bbox 1845 2209 2036 2301; x_wconf 81' lang='lat' dir='ltr'><strong>longe</strong></span> <span class='ocrx_word' id='word_1_164' title='bbox 2080 2212 2381 2297; x_wconf 88' lang='lat' dir='ltr'><strong>praefero.</strong></span> 
     </span>
    </p>
   </div>
   <div class='ocr_carea' id='block_1_3' title="bbox 629 2418 2995 3020">
    <p class='ocr_par' dir='ltr' id='par_1_3' title="bbox 629 2418 2995 3020">
     <span class='ocr_line' id='line_1_19' title="bbox 730 2418 2995 2512; baseline 0 -27"><span class='ocrx_word' id='word_1_165' title='bbox 730 2418 986 2485; x_wconf 89' lang='lat' dir='ltr'><strong>XLVII.</strong></span> <span class='ocrx_word' id='word_1_166' title='bbox 1053 2419 1197 2485; x_wconf 90' lang='lat' dir='ltr'><strong>Non</strong></span> <span class='ocrx_word' id='word_1_167' title='bbox 1256 2419 1511 2485; x_wconf 70' lang='lat' dir='ltr'><strong>ferenda</strong></span> <span class='ocrx_word' id='word_1_168' title='bbox 1576 2425 1673 2486; x_wconf 91' lang='lat' dir='ltr'><strong>est</strong></span> <span class='ocrx_word' id='word_1_169' title='bbox 1716 2422 2016 2486; x_wconf 90' lang='lat' dir='ltr'><strong>orationis</strong></span> <span class='ocrx_word' id='word_1_170' title='bbox 2067 2422 2397 2488; x_wconf 86' lang='lat' dir='ltr'><strong>scabrities</strong></span> <span class='ocrx_word' id='word_1_171' title='bbox 2443 2425 2586 2490; x_wconf 89' lang='lat' dir='ltr'><strong>Act.</strong></span> <span class='ocrx_word' id='word_1_172' title='bbox 2637 2427 2861 2512; x_wconf 87' lang='lat' dir='ltr'><strong>Apost.</strong></span> <span class='ocrx_word' id='word_1_173' title='bbox 2905 2419 2995 2488; x_wconf 83' lang='lat'><strong>27.</strong></span> 
     </span>
     <span class='ocr_line' id='line_1_20' title="bbox 639 2523 2994 2609; baseline 0 -17"><span class='ocrx_word' id='word_1_174' title='bbox 639 2528 759 2592; x_wconf 86' lang='lat'><strong>10:</strong></span> <span class='ocrx_word' id='word_1_175' title='bbox 820 2524 1066 2609; x_wconf 72' lang='grc' dir='ltr'><strong>ἄνδρες,</strong></span> <span class='ocrx_word' id='word_1_176' title='bbox 1131 2530 1316 2605; x_wconf 69' lang='grc' dir='ltr'><strong><em>θεωρῶ</em></strong></span> <span class='ocrx_word' id='word_1_177' title='bbox 1371 2523 1464 2590; x_wconf 74' lang='grc' dir='ltr'><strong>ὅτι</strong></span> <span class='ocrx_word' id='word_1_178' title='bbox 1511 2527 1681 2603; x_wconf 71' lang='grc' dir='ltr'><strong>μετὰ</strong></span> <span class='ocrx_word' id='word_1_179' title='bbox 1729 2524 1958 2606; x_wconf 76' lang='grc' dir='ltr'><strong><em>ὕβρεως</em></strong></span> <span class='ocrx_word' id='word_1_180' title='bbox 2011 2527 2115 2592; x_wconf 83' lang='grc' dir='ltr'><strong>καὶ</strong></span> <span class='ocrx_word' id='word_1_181' title='bbox 2165 2536 2402 2603; x_wconf 77' lang='grc' dir='ltr'><strong>πολλῆς</strong></span> <span class='ocrx_word' id='word_1_182' title='bbox 2453 2526 2686 2609; x_wconf 78' lang='grc' dir='ltr'><strong><em>ζημίας</em></strong></span> <span class='ocrx_word' id='word_1_183' title='bbox 2736 2533 2802 2596; x_wconf 83' lang='grc' dir='ltr'><strong>οὐ</strong></span> <span class='ocrx_word' id='word_1_184' title='bbox 2846 2528 2994 2607; x_wconf 77' lang='grc' dir='ltr'><strong><em>μόνον</em></strong></span> 
     </span>
     <span class='ocr_line' id='line_1_21' title="bbox 639 2632 2991 2717; baseline -0.002 -19"><span class='ocrx_word' id='word_1_185' title='bbox 639 2638 745 2698; x_wconf 79' lang='grc' dir='ltr'><strong>τοῦ</strong></span> <span class='ocrx_word' id='word_1_186' title='bbox 789 2632 1036 2713; x_wconf 78' lang='grc' dir='ltr'><strong>Φορτίου</strong></span> <span class='ocrx_word' id='word_1_187' title='bbox 1077 2633 1179 2697; x_wconf 75' lang='grc' dir='ltr'><strong>καὶ</strong></span> <span class='ocrx_word' id='word_1_188' title='bbox 1222 2636 1328 2697; x_wconf 80' lang='grc' dir='ltr'><strong>τοῦ</strong></span> <span class='ocrx_word' id='word_1_189' title='bbox 1372 2632 1584 2697; x_wconf 79' lang='grc' dir='ltr'><strong>πλοίου</strong></span> <span class='ocrx_word' id='word_1_190' title='bbox 1626 2633 1803 2697; x_wconf 72' lang='grc' dir='ltr'><strong><em>ἀλλὰ</em></strong></span> <span class='ocrx_word' id='word_1_191' title='bbox 1851 2633 1956 2698; x_wconf 76' lang='grc' dir='ltr'><strong>καὶ</strong></span> <span class='ocrx_word' id='word_1_192' title='bbox 2016 2640 2132 2697; x_wconf 81' lang='grc' dir='ltr'><strong>τῶν</strong></span> <span class='ocrx_word' id='word_1_193' title='bbox 2184 2638 2404 2715; x_wconf 81' lang='grc' dir='ltr'><em>ψυχῶν</em></span> <span class='ocrx_word' id='word_1_194' title='bbox 2461 2637 2627 2714; x_wconf 75' lang='grc' dir='ltr'><strong>ἡμῶν</strong></span> <span class='ocrx_word' id='word_1_195' title='bbox 2681 2637 2991 2717; x_wconf 77' lang='grc' dir='ltr'><em>μέλλειν</em></span> 
     </span>
     <span class='ocr_line' id='line_1_22' title="bbox 636 2736 2992 2831; baseline -0.001 -26"><span class='ocrx_word' id='word_1_196' title='bbox 636 2736 984 2806; x_wconf 72' lang='grc' dir='ltr'><strong><em>ἔσεσθαι</em></strong></span> <span class='ocrx_word' id='word_1_197' title='bbox 1046 2741 1150 2803; x_wconf 79' lang='grc' dir='ltr'><strong>τὸν</strong></span> <span class='ocrx_word' id='word_1_198' title='bbox 1197 2742 1412 2803; x_wconf 81' lang='grc' dir='ltr'><strong>πλοῦν.</strong></span> <span class='ocrx_word' id='word_1_199' title='bbox 1459 2737 1630 2804; x_wconf 84' lang='lat' dir='ltr'><strong>Fieri</strong></span> <span class='ocrx_word' id='word_1_200' title='bbox 1676 2744 1885 2824; x_wconf 90' lang='lat' dir='ltr'><strong>potest</strong></span> <span class='ocrx_word' id='word_1_201' title='bbox 1932 2745 2005 2804; x_wconf 97' lang='lat' dir='ltr'><strong>ut</strong></span> <span class='ocrx_word' id='word_1_202' title='bbox 2051 2742 2412 2826; x_wconf 82' lang='lat' dir='ltr'><strong>conjunctio</strong></span> <span class='ocrx_word' id='word_1_203' title='bbox 2460 2738 2550 2806; x_wconf 76' lang='grc' dir='ltr'><strong>ὅτι</strong></span> <span class='ocrx_word' id='word_1_204' title='bbox 2602 2738 2992 2831; x_wconf 83' lang='lat' dir='ltr'><strong>expungenda</strong></span> 
     </span>
     <span class='ocr_line' id='line_1_23' title="bbox 641 2841 2992 2930; baseline -0.003 -18"><span class='ocrx_word' id='word_1_205' title='bbox 641 2849 763 2924; x_wconf 83' lang='lat' dir='ltr'><strong>sit,</strong></span> <span class='ocrx_word' id='word_1_206' title='bbox 811 2846 920 2912; x_wconf 91' lang='lat' dir='ltr'><strong>sed</strong></span> <span class='ocrx_word' id='word_1_207' title='bbox 968 2844 1190 2911; x_wconf 89' lang='lat' dir='ltr'><strong>malim</strong></span> <span class='ocrx_word' id='word_1_208' title='bbox 1240 2844 1567 2930; x_wconf 87' lang='lat' dir='ltr'><strong>equidem:</strong></span> <span class='ocrx_word' id='word_1_209' title='bbox 1618 2842 1821 2923; x_wconf 74' lang='grc' dir='ltr'><strong><em>θεωρῶ</em></strong></span> <span class='ocrx_word' id='word_1_210' title='bbox 1868 2841 1957 2910; x_wconf 73' lang='grc' dir='ltr'><strong>ὅτι</strong></span> <span class='ocrx_word' id='word_1_211' title='bbox 2011 2882 2094 2894; x_wconf 91' lang='grc'>-</span> <span class='ocrx_word' id='word_1_212' title='bbox 2144 2845 2508 2921; x_wconf 78' lang='grc' dir='ltr'><em>μέλλετε</em></span> <span class='ocrx_word' id='word_1_213' title='bbox 2554 2844 2992 2917; x_wconf 57' lang='lat' dir='ltr'><strong>cumaeam</strong></span> 
     </span>
     <span class='ocr_line' id='line_1_24' title="bbox 629 2954 992 3020; baseline -0.011 -1"><span class='ocrx_word' id='word_1_214' title='bbox 629 2954 734 3019; x_wconf 78' lang='grc' dir='ltr'><strong>τὸν</strong></span> <span class='ocrx_word' id='word_1_215' title='bbox 782 2956 992 3020; x_wconf 80' lang='grc' dir='ltr'><strong>πλοῦν.</strong></span> 
     </span>
    </p>
   </div>
   <div class='ocr_carea' id='block_1_4' title="bbox 624 3161 2989 4532">
    <p class='ocr_par' dir='ltr' id='par_1_4' title="bbox 624 3161 2989 4532">
     <span class='ocr_line' id='line_1_25' title="bbox 728 3161 2989 3255; baseline -0.003 -22"><span class='ocrx_word' id='word_1_216' title='bbox 728 3166 1014 3234; x_wconf 86' lang='lat' dir='ltr'><strong>XLVIII.</strong></span> <span class='ocrx_word' id='word_1_217' title='bbox 1079 3166 1251 3232; x_wconf 90' lang='lat' dir='ltr'><strong>Olim</strong></span> <span class='ocrx_word' id='word_1_218' title='bbox 1315 3167 1487 3234; x_wconf 90' lang='lat' dir='ltr'><strong>male</strong></span> <span class='ocrx_word' id='word_1_219' title='bbox 1548 3168 1791 3234; x_wconf 83' lang='lat' dir='ltr'><strong>tentavi</strong></span> <span class='ocrx_word' id='word_1_220' title='bbox 1854 3170 1993 3234; x_wconf 88' lang='lat' dir='ltr'><strong>Act.</strong></span> <span class='ocrx_word' id='word_1_221' title='bbox 2057 3170 2276 3255; x_wconf 89' lang='lat' dir='ltr'><strong>Apost.</strong></span> <span class='ocrx_word' id='word_1_222' title='bbox 2337 3167 2444 3237; x_wconf 83' lang='lat'><strong>2¹7.</strong></span> <span class='ocrx_word' id='word_1_223' title='bbox 2499 3166 2614 3235; x_wconf 75' lang='lat'><strong>21:</strong></span> <span class='ocrx_word' id='word_1_224' title='bbox 2671 3175 2901 3241; x_wconf 67' lang='grc' dir='ltr'><strong>πολλῆς</strong></span> <span class='ocrx_word' id='word_1_225' title='bbox 2939 3161 2989 3226; x_wconf 72' lang='grc' dir='ltr'><strong>δὲ</strong></span> 
     </span>
     <span class='ocr_line' id='line_1_26' title="bbox 630 3272 2984 3361; baseline 0 -22"><span class='ocrx_word' id='word_1_226' title='bbox 630 3274 866 3339; x_wconf 66' lang='lat' dir='ltr'><strong>aio-erl</strong></span> <span class='ocrx_word' id='word_1_227' title='bbox 879 3299 970 3346; x_wconf 87' lang='grc' dir='ltr'><strong>ας</strong></span> <span class='ocrx_word' id='word_1_228' title='bbox 1032 3274 1447 3356; x_wconf 73' lang='grc' dir='ltr'><strong>ὑπαρχούσης.</strong></span> <span class='ocrx_word' id='word_1_229' title='bbox 1541 3274 1619 3339; x_wconf 92' lang='lat' dir='ltr'><strong>Id</strong></span> <span class='ocrx_word' id='word_1_230' title='bbox 1668 3274 1927 3360; x_wconf 88' lang='lat' dir='ltr'><strong>quidem</strong></span> <span class='ocrx_word' id='word_1_231' title='bbox 1972 3295 2099 3340; x_wconf 90' lang='lat' dir='ltr'><strong>non</strong></span> <span class='ocrx_word' id='word_1_232' title='bbox 2146 3276 2516 3360; x_wconf 81' lang='lat' dir='ltr'><strong>dubitatur,</strong></span> <span class='ocrx_word' id='word_1_233' title='bbox 2561 3279 2721 3361; x_wconf 90' lang='lat' dir='ltr'><strong>quin</strong></span> <span class='ocrx_word' id='word_1_234' title='bbox 2767 3272 2984 3341; x_wconf 67' lang='grc' dir='ltr'><strong><em>α’σιτίας</em></strong></span> 
     </span>
     <span class='ocr_line' id='line_1_27' title="bbox 631 3380 2987 3470; baseline -0 -24"><span class='ocrx_word' id='word_1_235' title='bbox 631 3383 873 3446; x_wconf 83' lang='lat' dir='ltr'><strong>servari</strong></span> <span class='ocrx_word' id='word_1_236' title='bbox 930 3401 1057 3446; x_wconf 89' lang='lat' dir='ltr'><strong>non</strong></span> <span class='ocrx_word' id='word_1_237' title='bbox 1122 3380 1378 3455; x_wconf 89' lang='lat' dir='ltr'><strong>debeat,</strong></span> <span class='ocrx_word' id='word_1_238' title='bbox 1442 3380 1550 3445; x_wconf 92' lang='lat' dir='ltr'><strong>sed</strong></span> <span class='ocrx_word' id='word_1_239' title='bbox 1595 3381 1785 3446; x_wconf 87' lang='lat' dir='ltr'><strong>hodie</strong></span> <span class='ocrx_word' id='word_1_240' title='bbox 1833 3401 1957 3447; x_wconf 92' lang='lat' dir='ltr'><strong>non</strong></span> <span class='ocrx_word' id='word_1_241' title='bbox 2004 3382 2229 3448; x_wconf 85' lang='lat' dir='ltr'><strong>tuebor</strong></span> <span class='ocrx_word' id='word_1_242' title='bbox 2275 3383 2442 3467; x_wconf 90' lang='lat' dir='ltr'><strong>quod</strong></span> <span class='ocrx_word' id='word_1_243' title='bbox 2492 3390 2646 3449; x_wconf 91' lang='lat' dir='ltr'><strong>tunc</strong></span> <span class='ocrx_word' id='word_1_244' title='bbox 2695 3382 2987 3470; x_wconf 76' lang='lat' dir='ltr'><strong>placuerat</strong></span> 
     </span>
     <span class='ocr_line' id='line_1_28' title="bbox 631 3483 2984 3575; baseline 0 -26"><span class='ocrx_word' id='word_1_245' title='bbox 631 3485 961 3559; x_wconf 73' lang='grc' dir='ltr'><strong>ὥελπτίας.</strong></span> <span class='ocrx_word' id='word_1_246' title='bbox 1059 3485 1273 3551; x_wconf 84' lang='lat' dir='ltr'><strong>Etiam</strong></span> <span class='ocrx_word' id='word_1_247' title='bbox 1323 3485 1809 3552; x_wconf 86' lang='lat' dir='ltr'><strong>Straatmannus</strong></span> <span class='ocrx_word' id='word_1_248' title='bbox 1856 3493 1920 3552; x_wconf 88' lang='lat' dir='ltr'><strong>et</strong></span> <span class='ocrx_word' id='word_1_249' title='bbox 1974 3485 2472 3575; x_wconf 83' lang='lat' dir='ltr'><strong>Bakhuyzenius</strong></span> <span class='ocrx_word' id='word_1_250' title='bbox 2495 3538 2512 3567; x_wconf 92' lang='lat'><strong>,</strong></span> <span class='ocrx_word' id='word_1_251' title='bbox 2581 3495 2826 3556; x_wconf 84' lang='lat' dir='ltr'><strong>veteres</strong></span> <span class='ocrx_word' id='word_1_252' title='bbox 2882 3483 2984 3549; x_wconf 81' lang='lat' dir='ltr'><strong>mei</strong></span> 
     </span>
     <span class='ocr_line' id='line_1_29' title="bbox 625 3591 2982 3677; baseline -0.001 -20"><span class='ocrx_word' id='word_1_253' title='bbox 625 3591 1133 3662; x_wconf 86' lang='lat' dir='ltr'><strong>commilitones</strong></span> <span class='ocrx_word' id='word_1_254' title='bbox 1201 3612 1347 3658; x_wconf 89' lang='lat' dir='ltr'><strong>nam</strong></span> <span class='ocrx_word' id='word_1_255' title='bbox 1408 3594 1619 3658; x_wconf 90' lang='lat' dir='ltr'><strong>nescio</strong></span> <span class='ocrx_word' id='word_1_256' title='bbox 1665 3613 1790 3677; x_wconf 89' lang='lat' dir='ltr'><strong>quo</strong></span> <span class='ocrx_word' id='word_1_257' title='bbox 1838 3593 2025 3658; x_wconf 92' lang='lat' dir='ltr'><strong>modo</strong></span> <span class='ocrx_word' id='word_1_258' title='bbox 2072 3615 2238 3660; x_wconf 93' lang='lat' dir='ltr'><strong>nunc</strong></span> <span class='ocrx_word' id='word_1_259' title='bbox 2286 3595 2472 3661; x_wconf 88' lang='lat' dir='ltr'><strong>redeo</strong></span> <span class='ocrx_word' id='word_1_260' title='bbox 2517 3598 2585 3659; x_wconf 92' lang='lat' dir='ltr'><strong>in</strong></span> <span class='ocrx_word' id='word_1_261' title='bbox 2635 3593 2982 3662; x_wconf 84' lang='lat' dir='ltr'><strong>memoriam</strong></span> 
     </span>
     <span class='ocr_line' id='line_1_30' title="bbox 632 3696 2982 3787; baseline -0.001 -24"><span class='ocrx_word' id='word_1_262' title='bbox 632 3698 813 3764; x_wconf 91' lang='lat' dir='ltr'><strong>illius</strong></span> <span class='ocrx_word' id='word_1_263' title='bbox 872 3700 1210 3783; x_wconf 88' lang='lat' dir='ltr'><strong>temporis,</strong></span> <span class='ocrx_word' id='word_1_264' title='bbox 1259 3719 1530 3785; x_wconf 88' lang='lat' dir='ltr'><strong>quum,</strong></span> <span class='ocrx_word' id='word_1_265' title='bbox 1531 3696 1853 3773; x_wconf 85' lang='lat' dir='ltr'><strong>,Pallados</strong></span> <span class='ocrx_word' id='word_1_266' title='bbox 1899 3697 2210 3787; x_wconf 85' lang='lat' dir='ltr'><strong>Haganae</strong></span> <span class='ocrx_word' id='word_1_267' title='bbox 2258 3698 2528 3766; x_wconf 83' lang='lat' dir='ltr'><strong>Sedem&#39;&#39;</strong></span> <span class='ocrx_word' id='word_1_268' title='bbox 2575 3697 2982 3787; x_wconf 81' lang='lat' dir='ltr'><strong>frequentaba-</strong></span> 
     </span>
     <span class='ocr_line' id='line_1_31' title="bbox 630 3799 2983 3892; baseline 0.001 -20"><span class='ocrx_word' id='word_1_269' title='bbox 630 3827 778 3872; x_wconf 85' lang='lat' dir='ltr'><strong>mus</strong></span> <span class='ocrx_word' id='word_1_270' title='bbox 836 3810 902 3871; x_wconf 90' lang='lat' dir='ltr'><strong>et</strong></span> <span class='ocrx_word' id='word_1_271' title='bbox 961 3804 1300 3890; x_wconf 86' lang='lat' dir='ltr'><strong>disciplina</strong></span> <span class='ocrx_word' id='word_1_272' title='bbox 1360 3805 1704 3869; x_wconf 90' lang='lat' dir='ltr'><strong>utebamur</strong></span> <span class='ocrx_word' id='word_1_273' title='bbox 1756 3807 1989 3892; x_wconf 89' lang='lat' dir='ltr'><strong>optimi</strong></span> <span class='ocrx_word' id='word_1_274' title='bbox 2035 3809 2236 3883; x_wconf 87' lang='lat' dir='ltr'><strong>senis,</strong></span> <span class='ocrx_word' id='word_1_275' title='bbox 2288 3809 2392 3873; x_wconf 90' lang='lat' dir='ltr'><strong>cui</strong></span> <span class='ocrx_word' id='word_1_276' title='bbox 2439 3807 2803 3874; x_wconf 86' lang='lat' dir='ltr'><strong>scholarum</strong></span> <span class='ocrx_word' id='word_1_277' title='bbox 2848 3799 2983 3887; x_wconf 86' lang='grc' dir='ltr'><strong>1·εεί-</strong></span> 
     </span>
     <span class='ocr_line' id='line_1_32' title="bbox 633 3908 2980 4000; baseline -0.002 -21"><span class='ocrx_word' id='word_1_278' title='bbox 633 3934 783 3979; x_wconf 90' lang='lat' dir='ltr'><strong>men</strong></span> <span class='ocrx_word' id='word_1_279' title='bbox 826 3909 1199 3976; x_wconf 90' lang='lat' dir='ltr'><strong>mandatum</strong></span> <span class='ocrx_word' id='word_1_280' title='bbox 1243 3914 1412 3992; x_wconf 88' lang='lat' dir='ltr'><strong>erat,</strong></span> <span class='ocrx_word' id='word_1_281' title='bbox 1452 3908 1730 3975; x_wconf 83' lang='lat' dir='ltr'><strong>Baxium</strong></span> <span class='ocrx_word' id='word_1_282' title='bbox 1770 3911 1943 3995; x_wconf 91' lang='lat' dir='ltr'><strong>dico,</strong></span> <span class='ocrx_word' id='word_1_283' title='bbox 1988 3933 2175 3997; x_wconf 89' lang='lat' dir='ltr'><strong>quem</strong></span> <span class='ocrx_word' id='word_1_284' title='bbox 2215 3920 2359 3994; x_wconf 88' lang='lat' dir='ltr'><strong>post</strong></span> <span class='ocrx_word' id='word_1_285' title='bbox 2398 3914 2651 3979; x_wconf 87' lang='lat' dir='ltr'><strong>obitum</strong></span> <span class='ocrx_word' id='word_1_286' title='bbox 2693 3913 2980 4000; x_wconf 80' lang='lat' dir='ltr'><strong>pergimus</strong></span> 
     </span>
     <span class='ocr_line' id='line_1_33' title="bbox 633 4008 2980 4105; baseline -0 -22"><span class='ocrx_word' id='word_1_287' title='bbox 633 4021 737 4104; x_wconf 91' lang='lat' dir='ltr'><strong>pie</strong></span> <span class='ocrx_word' id='word_1_288' title='bbox 783 4016 1017 4092; x_wconf 86' lang='lat' dir='ltr'><strong>colere,</strong></span> <span class='ocrx_word' id='word_1_289' title='bbox 1067 4015 1260 4079; x_wconf 87' lang='lat' dir='ltr'><strong>sicuti</strong></span> <span class='ocrx_word' id='word_1_290' title='bbox 1306 4014 1534 4080; x_wconf 82' lang='lat' dir='ltr'><strong>vivum</strong></span> <span class='ocrx_word' id='word_1_291' title='bbox 1583 4017 2084 4101; x_wconf 86' lang='lat' dir='ltr'><strong>suspiciebamus</strong></span> <span class='ocrx_word' id='word_1_292' title='bbox 2119 4039 2194 4083; x_wconf 85' lang='lat' dir='ltr'><strong>ac</strong></span> <span class='ocrx_word' id='word_1_293' title='bbox 2237 4023 2566 4104; x_wconf 88' lang='lat' dir='ltr'><strong>tamquam</strong></span> <span class='ocrx_word' id='word_1_294' title='bbox 2609 4026 2847 4105; x_wconf 89' lang='lat' dir='ltr'><strong>patrem</strong></span> <span class='ocrx_word' id='word_1_295' title='bbox 2881 4008 2980 4075; x_wconf 78' lang='lat' dir='ltr'><strong>filii</strong></span> 
     </span>
     <span class='ocr_line' id='line_1_34' title="bbox 632 4117 2980 4209; baseline -0.002 -20"><span class='ocrx_word' id='word_1_296' title='bbox 632 4125 1008 4189; x_wconf 86' lang='lat' dir='ltr'><strong>amabamus</strong></span> <span class='ocrx_word' id='word_1_297' title='bbox 1026 4141 1043 4199; x_wconf 89' lang='lat'>;</span> <span class='ocrx_word' id='word_1_298' title='bbox 1109 4119 1596 4186; x_wconf 81' lang='lat' dir='ltr'><strong>Straatmannus</strong></span> <span class='ocrx_word' id='word_1_299' title='bbox 1645 4124 1849 4209; x_wconf 87' lang='lat' dir='ltr'><strong>igitur</strong></span> <span class='ocrx_word' id='word_1_300' title='bbox 1892 4144 2188 4208; x_wconf 89' lang='lat' dir='ltr'><strong>reponere</strong></span> <span class='ocrx_word' id='word_1_301' title='bbox 2236 4123 2445 4189; x_wconf 84' lang='lat' dir='ltr'><strong>voluit</strong></span> <span class='ocrx_word' id='word_1_302' title='bbox 2490 4125 2795 4202; x_wconf 72' lang='grc' dir='ltr'><strong>ἀθυμίας,</strong></span> <span class='ocrx_word' id='word_1_303' title='bbox 2842 4117 2980 4185; x_wconf 78' lang='lat' dir='ltr'><strong>Bak-</strong></span> 
     </span>
     <span class='ocr_line' id='line_1_35' title="bbox 631 4226 2978 4319; baseline -0.001 -25"><span class='ocrx_word' id='word_1_304' title='bbox 631 4230 985 4315; x_wconf 86' lang='lat' dir='ltr'><strong>huyzenius</strong></span> <span class='ocrx_word' id='word_1_305' title='bbox 1031 4226 1263 4298; x_wconf 77' lang='grc' dir='ltr'><strong>δειλίας</strong></span> <span class='ocrx_word' id='word_1_306' title='bbox 1310 4233 1499 4312; x_wconf 87' lang='lat' dir='ltr'><strong>atque</strong></span> <span class='ocrx_word' id='word_1_307' title='bbox 1545 4226 1809 4294; x_wconf 86' lang='lat' dir='ltr'><strong>Bootius</strong></span> <span class='ocrx_word' id='word_1_308' title='bbox 1855 4230 2013 4294; x_wconf 89' lang='lat' dir='ltr'><strong>mihi</strong></span> <span class='ocrx_word' id='word_1_309' title='bbox 2060 4250 2172 4314; x_wconf 89' lang='lat' dir='ltr'><strong>per</strong></span> <span class='ocrx_word' id='word_1_310' title='bbox 2217 4229 2434 4296; x_wconf 83' lang='lat' dir='ltr'><strong>literas</strong></span> <span class='ocrx_word' id='word_1_311' title='bbox 2481 4231 2885 4319; x_wconf 79' lang='lat' dir='ltr'><strong>significavit,</strong></span> <span class='ocrx_word' id='word_1_312' title='bbox 2924 4240 2978 4286; x_wconf 73' lang='grc' dir='ltr'><strong>ΒΘ</strong></span> 
     </span>
     <span class='ocr_line' id='line_1_36' title="bbox 631 4332 2977 4419; baseline 0 -20"><span class='ocrx_word' id='word_1_313' title='bbox 631 4354 876 4419; x_wconf 89' lang='lat' dir='ltr'><strong>quoque</strong></span> <span class='ocrx_word' id='word_1_314' title='bbox 920 4336 988 4398; x_wconf 91' lang='grc'><strong>111</strong></span> <span class='ocrx_word' id='word_1_315' title='bbox 1040 4332 1306 4399; x_wconf 87' lang='lat' dir='ltr'><strong>eandem</strong></span> <span class='ocrx_word' id='word_1_316' title='bbox 1352 4335 1776 4418; x_wconf 83' lang='lat' dir='ltr'><strong>suspicionem</strong></span> <span class='ocrx_word' id='word_1_317' title='bbox 1824 4336 2143 4401; x_wconf 88' lang='lat' dir='ltr'><strong>incidisse.</strong></span> <span class='ocrx_word' id='word_1_318' title='bbox 2234 4336 2482 4403; x_wconf 89' lang='lat' dir='ltr'><strong>Neutra</strong></span> <span class='ocrx_word' id='word_1_319' title='bbox 2529 4344 2746 4404; x_wconf 89' lang='lat' dir='ltr'><strong>tamen</strong></span> <span class='ocrx_word' id='word_1_320' title='bbox 2778 4333 2977 4417; x_wconf 76' lang='lat' dir='ltr'><strong>conjec-</strong></span> 
     </span>
     <span class='ocr_line' id='line_1_37' title="bbox 624 4439 2964 4532; baseline -0.002 -28"><span class='ocrx_word' id='word_1_321' title='bbox 624 4446 776 4532; x_wconf 26' lang='lat' dir='ltr'><strong>tura·</strong></span> <span class='ocrx_word' id='word_1_322' title='bbox 828 4440 1167 4526; x_wconf 44' lang='lat' dir='ltr'><strong>eiusmodi⁴¹</strong></span> <span class='ocrx_word' id='word_1_323' title='bbox 1206 4446 1302 4503; x_wconf 88' lang='lat' dir='ltr'><strong>est</strong></span> <span class='ocrx_word' id='word_1_324' title='bbox 1323 4486 1339 4515; x_wconf 91' lang='lat'>,</span> <span class='ocrx_word' id='word_1_325' title='bbox 1404 4444 1480 4503; x_wconf 87' lang='lat' dir='ltr'><strong>ut</strong></span> <span class='ocrx_word' id='word_1_326' title='bbox 1527 4460 1854 4505; x_wconf 88' lang='lat' dir='ltr'><strong>assensum</strong></span> <span class='ocrx_word' id='word_1_327' title='bbox 1904 4447 2294 4527; x_wconf 82' lang='lat' dir='ltr'><strong>extorqueat.</strong></span> <span class='ocrx_word' id='word_1_328' title='bbox 2387 4443 2577 4510; x_wconf 89' lang='lat' dir='ltr'><strong>Nunc</strong></span> <span class='ocrx_word' id='word_1_329' title='bbox 2629 4439 2964 4511; x_wconf 86' lang='lat' dir='ltr'><strong>crediderim</strong></span> 
     </span>
    </p>
   </div>
   <div class='ocr_carea' id='block_1_5' title="bbox 3107 1 3125 2470">
    <p class='ocr_par' dir='ltr' id='par_1_5' title="bbox 3107 1 3125 2470">
     <span class='ocr_line' id='line_1_38' title="bbox 3107 1 3125 2470; baseline 0 0"><span class='ocrx_word' id='word_1_330' title='bbox 3107 1 3125 2470; x_wconf 95' lang='lat' dir='ltr'><strong> </strong></span> 
     </span>
    </p>
   </div>
   <div class='ocr_carea' id='block_1_6' title="bbox 3110 2625 3122 3956">
    <p class='ocr_par' dir='ltr' id='par_1_6' title="bbox 3110 2625 3122 3956">
     <span class='ocr_line' id='line_1_39' title="bbox 3110 2625 3122 3956; baseline 0 0"><span class='ocrx_word' id='word_1_331' title='bbox 3110 2625 3122 3956; x_wconf 95' lang='lat' dir='ltr'><strong> </strong></span> 
     </span>
    </p>
   </div>
  </div>
 </body>
</html>
