3192 5017
1207 230 1690 284 mammem.
2510 228 2639 299 391

236 405 455 471 Huius
502 404 875 471 heterocliti
918 404 1176 472 nullum
1224 407 1376 472 novi
1424 403 1814 490 exemplum.
1908 403 2197 472 Fortasse
2246 423 2396 470 vero
2438 406 2534 469 est
2571 403 2641 468 in

233 511 448 598 lapide
522 512 963 578 barbarismus
1030 512 1157 578 ista
1226 516 1432 579 aetate
1502 510 1676 577 haud
1746 510 2042 578 insolitus
2120 536 2162 577 a
2179 512 2197 576 ἲ
2217 510 2296 576 δέ
2311 535 2341 591 ρ
2362 533 2406 575 οι
2423 533 2453 574 ν
2470 558 2487 590 ,
2562 515 2637 575 ut

232 616 551 706 leguntur
605 619 774 703 apud
821 617 938 685 hos
976 624 1326 704 poetastros
1370 617 1742 699 χάρη-αν,
1792 618 2178 697 λιμένων,
2226 616 2637 699 πατέραν,

234 723 674 802 νεότητοςν,
727 723 856 791 alia
900 724 1184 792 fortasse.

323 936 486 1025 339,
538 937 608 1003 2.
657 936 800 1020 οὐχ)
849 936 904 1002 δ’
953 936 1086 1015 ἐμοὶ
1138 936 1199 1002 δὲ
1247 935 1445 1013 μόνον.
1494 934 1755 1002 Similes
1800 938 2012 1004 sordes
2056 939 2328 1024 reperies
2375 936 2528 1016 674,
2571 935 2636 1024 7,

232 1065 346 1111 nec
394 1043 618 1112 multo
662 1044 899 1110 melius
944 1048 1041 1128 est
1087 1042 1256 1129 quod
1302 1043 1545 1131 legitur
1588 1040 1745 1130 609,
1795 1042 1836 1108 4
1885 1044 2063 1110 ἀλλὰ
2112 1081 2198 1095 --
2244 1044 2326 1110 δέ.

326 1260 485 1327 351.
589 1259 806 1325 Huius
877 1257 1057 1324 tituli
1124 1257 1478 1343 pessimum
1542 1258 1985 1344 apographum
2050 1280 2184 1325 esse
2245 1262 2339 1325 ait
2408 1258 2633 1326 editor.

236 1366 647 1453 Quapropter
691 1365 944 1431 dubites
989 1384 1144 1429 num
1194 1364 1450 1444 ἤσχυσοι
1490 1384 1605 1449 pro
1644 1362 1884 1446 {axum
1925 1368 2012 1431 sit
2049 1386 2115 1431 re
2155 1386 2306 1433 vera
2326 1367 2637 1451 scriptum

235 1477 301 1539 in
367 1474 594 1560 lapide
612 1521 630 1551 ‚
692 1492 840 1538 cum
900 1473 1271 1557 praesertim
1336 1469 1612 1536 alterum
1676 1480 1730 1536 H
1794 1493 1910 1558 pro
1956 1482 1982 1537 1
2032 1474 2226 1559 positi
2270 1470 2637 1558 exemplum

236 1582 303 1644 in
365 1580 475 1646 his
531 1580 1024 1667 epigrammatis
1070 1598 1176 1643 me
1219 1596 1346 1643 non
1393 1576 1688 1643 advertit.
1754 1577 2011 1646 Inversa
2058 1584 2271 1646 tamen
2318 1580 2561 1645 ratione
2609 1589 2635 1644 1

240 1706 351 1772 pro
403 1694 461 1752 H
512 1685 713 1772 positi
758 1683 1129 1770 exemplum
1174 1683 1416 1771 legitur
1464 1682 1665 1762 1108,
1716 1684 1795 1751 2:

709 1782 771 1864 ὃς
818 1796 934 1856 τῶν
982 1788 1397 1872 Φιλητέων
1442 1787 1635 1873 ᾤχετ’
1681 1789 1934 1857 ἄνακτα
1980 1790 2200 1874 φέρων.

240 1896 515 1985 Saepius
567 1917 718 1966 vero
764 1917 878 1983 pro
925 1905 979 1961 H
1027 1897 1309 1982 positum
1358 1895 1497 1963 vidi
1546 1905 1674 1975 ΑΙ,
1722 1895 1903 1963 velut
1948 1898 2194 1964 οιῖλυθον
2239 1904 2337 1964 est
2385 1897 2536 1977 372,
2578 1899 2633 1964 1,.

242 2000 338 2071 Cf.
388 2006 599 2072 etiam
620 2055 639 2080 ‚
689 2006 748 2069 si
795 2005 960 2071 tanti
1007 2009 1142 2087 est,
1191 2003 1483 2087 Lepidum
1528 2003 1604 2068 de
1649 2003 1801 2069 dial.
1848 2006 1975 2069 Ast.
2029 2015 2164 2071 teet.
2216 2026 2359 2094 pag.
2411 2003 2476 2071 8.

334 2216 495 2287 357.
572 2218 805 2292 Παῖδες
853 2219 969 2298 μὶν
1015 2216 1204 2300 πατρὶ
1253 2215 1464 2293 ταῦτ’,
1511 2214 1748 2300 ἄλοχος
1797 2218 2056 2302 γαμέτην
2101 2220 2164 2286 δὲ
2205 2218 2449 2299 ἔτευξεν

570 2326 709 2392 ἀντὶ
756 2324 1215 2409 <stammam
1260 2323 1637 2407 Τελεσφόρῳ
1684 2323 2068 2407 Ἀλεξάνδρῳ
2088 2350 2104 2366 ·

576 2434 880 2514 Χρήσιμος
929 2433 958 2497 δ
974 2429 1361 2514 νόμοισιν,
1412 2428 1853 2512 Ἀλεξάνδρεια
1902 2431 1979 2498 δὲ
2029 2435 2230 2513 μήτηρ

570 2537 750 2617 σῆμά
797 2562 866 2605 τε
918 2538 1022 2604 καὶ
1070 2536 1286 2615 βωμὸν
1330 2534 1561 2612 τεῦξαν
1608 2537 2027 2619 ἀποφθιμένῳ.

246 2645 435 2714 Nihil
479 2667 611 2714 non
657 2646 780 2712 erit
824 2644 1153 2711 ferendum
1172 2691 1190 2723 ‚
1246 2646 1302 2709 si
1348 2643 1639 2721 ὀνόμασιν
1685 2642 2041 2731 significare
2086 2648 2367 2731 potuerit
2411 2650 2643 2710 nomine

249 2753 540 2823 rma-um.
590 2753 880 2819 Fortasse
926 2750 1369 2845 corrigendum
1422 2755 1551 2817 est:

429 2860 773 2942 Χρήσιμος,
829 2857 1318 2936 Ὀνομοέτιον
1365 2856 1448 2936 τ’,
1499 2853 1943 2939 Ἀλεξάνδρεια
1991 2857 2055 2923 δὲ
2101 2858 2302 2939 μήτηρ
2350 2860 2479 2925 κτὲ.

248 2972 321 3030 ut
390 2965 769 3045 Ὀνομάτων
829 2965 915 3031 sit
977 2984 1209 3031 nomen
1271 2965 1519 3030 sororis.
1569 2960 1956 3049 Saepissime
2003 2969 2221 3030 autem
2269 2965 2439 3050 apud
2482 2966 2640 3031 istos

249 3069 380 3139 iota
428 3072 763 3141 adhibitur
806 3091 919 3157 pro
967 3072 1349 3137 consonanti.
1402 3068 1525 3135 Sic.
1577 3091 1621 3136 v
1668 3091 1722 3136 c.
1776 3068 1929 3147 560,
1980 3067 2021 3135 6
2071 3077 2168 3137 est

710 3176 1201 3260 συμφωνίαν
1249 3176 1483 3257 ἐρατοῖς
1531 3173 1885 3252 μειξοομένοι
1933 3176 2204 3255 μέλεσιν.

343 3285 504 3372 62Ο,
557 3285 618 3351 l.
667 3284 891 3367 πατρὶς
940 3284 1086 3362 ἐμὸν
1132 3284 1353 3359 Ζήνωνι
1401 3281 1788 3362 μακαρτοὶτη
1838 3284 1928 3352 ἐς*
1974 3285 2532 3365 Ἀφροδισιοὶς.

345 3391 508 3478 714,
559 3389 622 3457 3.
668 3393 1011 3471 βουλευτὴς
1063 3390 1322 3464 πολίτης
1367 3413 1438 3456 τε
1487 3389 1849 3455 Κανωθοιίων
1895 3390 1994 3456 ἐπὶ
2048 3390 2368 3472 Συρίης.

347 3498 506 3586 714,
554 3496 616 3564 6.
664 3499 854 3577 μεςὸν
900 3498 969 3562 ἐκ
1016 3494 1696 3570 ’Λκουιεντανίης
1742 3493 1842 3561 ὧδ’
1893 3497 1992 3561 ἐπὶ
2041 3499 2460 3577 Λουγδούνοιο.

346 3604 506 3692 805,
557 3606 615 3671 1.
665 3603 1133 3683 ’Aenum-lq,
1183 3605 1455 3682 ἰητῆρα
1505 3602 1650 3674 Διὸς
1701 3611 1959 3682 σωτῆρος
2008 3601 2307 3684 ἄγαλμα.

256 3708 383 3778 Hic
453 3732 702 3798 quoque
774 3711 973 3778 velim
1045 3711 1339 3777 observes
1408 3728 1521 3796 pro
1584 3708 1975 3794 appellativo
2036 3710 2225 3790 ὄνομα
2285 3716 2643 3798 requirente

257 3825 463 3886 metro
526 3823 883 3885 constanter
942 3837 1240 3903 apparere
1294 3817 1568 3883 formam
1618 3814 1898 3882 Ionicam
1947 3816 2176 3894 οὔνομα
2195 3864 2212 3896 ,
2260 3821 2330 3882 in
2374 3822 2643 3904 propriis

262 3945 410 3992 vero
455 3910 711 4013 prorsus
752 3923 1018 3990 licenter
1063 3925 1333 4011 migrari
1378 3922 1576 3995 solere
1624 3943 2036 3988 numerorum
2085 3921 2299 4010 leges:
2346 3924 2529 3990 velut
2574 3928 2642 3991 in

262 4034 763 4121 epigrammate,
818 4028 974 4105 559.
1026 4029 1194 4114 quod
1240 4029 1461 4095 habita
1508 4028 1736 4094 aetatis
1771 4030 2014 4095 ratione
2051 4031 2207 4094 satis
2246 4034 2344 4096 est
2366 4029 2644 4120 elegans,

267 4157 359 4203 vs.
428 4139 462 4204 l
532 4144 627 4206 est
688 4137 1102 4210 Ποπιλίης
1166 4133 1372 4216 τάφος
1425 4130 1635 4213 οὗτος,
1685 4138 1750 4200 et
1797 4154 1893 4203 vs.
1949 4133 2007 4201 7.
2059 4133 2164 4199 καὶ
2209 4134 2365 4215 λέγε
2412 4146 2648 4205 Ποπι-

270 4246 444 4321 λίην
490 4244 718 4326 εὕδειν,
766 4243 943 4325 ἄνερ,
994 4243 1149 4319 xvi..
1201 4249 1276 4307 ut
1322 4244 1517 4307 etiam
1566 4242 1832 4306 maiores
1870 4239 2162 4307 licentias
2200 4262 2325 4308 non
2363 4254 2648 4333 tangam.
