3192 5017
553 267 688 336 342
1433 235 1441 242 ⁰
1582 281 1901 339 umerum

549 464 819 528 istorum
868 460 1099 528 scelere
1144 460 1520 545 insidiisque
1568 459 1900 525 defendere
1945 459 2249 546 polliceor
2295 460 2415 527 hoc
2460 459 2675 538 vobis,
2721 453 2936 538 Quiri-

557 574 653 633 tes
670 619 684 636 .
734 569 895 634 bona
939 565 1095 632 fide''
1143 587 1313 651 seqq.
2025 554 2035 564 ⁶

646 675 888 740 Locum
908 723 926 758 ,
974 694 1165 758 quem
1216 678 1584 757 corruptum
1633 693 1767 738 esse
1813 678 2094 757 constat,
2144 678 2287 758 post
2330 672 2693 739 Kaiserium
2715 718 2731 748 ,
2778 669 2945 736 Hal-

554 782 764 845 mium
786 826 803 857 ,
867 778 1197 845 Klotzium
1221 826 1238 856 ‚
1280 777 1677 863 ‚Zumptium
1726 780 2071 862 temptavit
2116 778 2498 844 Karstenius
2518 829 2536 852 ,
2595 769 2945 864 Gymnasii

554 889 756 951 nostri
791 891 1135 963 contector,
1185 886 1295 969 qui
1340 885 1560 968 reponi
1607 883 1785 949 vult:
1835 904 2027 968 quam
2073 905 2194 972 ego
2239 890 2296 947 si
2338 884 2611 950 summis
2656 885 2734 950 ab
2783 887 2947 950 isto-

554 1014 700 1058 rum
733 992 1026 1076 peric-ubis
1070 990 1303 1056 scelere
1348 989 1724 1074 insidiisque
1772 989 2100 1055 defendero
2147 996 2269 1057 cet.

644 1098 1048 1187 Quamquam
1134 1099 1347 1161 virum
1432 1097 1900 1161 amicissimum
1986 1098 2054 1160 in
2135 1093 2457 1163 Ciceronis
2529 1095 2945 1162 Orationibus

555 1204 899 1271 tractandis
958 1223 1084 1269 non
1148 1223 1350 1287 pauca
1409 1206 1593 1267 acute
1655 1200 1891 1267 vidisse
1954 1201 2160 1267 libens
2223 1202 2425 1269 fateor
2447 1250 2463 1280 ‚
2515 1202 2620 1268 hic
2668 1222 2813 1267 cum
2865 1224 2944 1268 eo

551 1312 753 1376 facere
811 1329 933 1374 non
995 1329 1289 1395 possum,
1356 1329 1500 1373 nam
1553 1328 1632 1372 ne
1678 1310 1767 1372 sic
1814 1307 2073 1391 quidem
2121 1308 2316 1374 verba
2361 1314 2530 1374 recte
2568 1302 2939 1393 procedunt.

640 1415 972 1481 Invenitur
1031 1417 1099 1478 in
1145 1413 1510 1501 Lagomars.
1560 1411 1656 1477 IX
1701 1418 1862 1478 teste
1908 1413 2246 1481 Karstenio
2296 1418 2612 1491 „summis
2659 1415 2739 1479 ab
2782 1416 2939 1479 isto-

554 1543 701 1588 rum
735 1521 1031 1605 periculis
1051 1567 1067 1597 ‚
1114 1518 1379 1585 scelere''
1429 1540 1587 1604 sqq,
1638 1527 1829 1604 atque
1875 1540 1955 1584 ex
2000 1519 2119 1585 hoc
2167 1522 2304 1605 ipso
2345 1521 2636 1604 periculis
2656 1568 2674 1598 ,
2720 1523 2777 1585 si
2822 1540 2944 1586 suo

552 1628 689 1693 loco
737 1631 1076 1713 reponatur
1094 1675 1111 1710 ,
1160 1631 1408 1691 servata
1453 1625 1745 1690 codicum
1794 1624 2063 1690 lectione
2111 1626 2460 1711 defendere,
2514 1626 2669 1711 quid
2716 1624 2946 1692 Cicero

553 1736 876 1819 scripserit
922 1732 1083 1799 effici
1130 1753 1311 1818 posse
1359 1732 1525 1795 mihi
1571 1731 1847 1796 videtur.

649 1840 830 1920 „Qua
897 1860 965 1904 re
1035 1838 1226 1904 modo
1287 1842 1363 1902 ut
1424 1839 1561 1902 vita
1616 1843 1949 1922 suppetat,
2011 1857 2200 1922 quam
2264 1859 2384 1925 ego
2446 1857 2703 1904 summo
2764 1860 2946 1922 opere

556 1947 727 2030 cupio
777 1944 1128 2030 (periculis)
1176 1945 1256 2009 ab
1301 1946 1570 2008 istorum
1620 1942 1852 2008 scelere
1897 1943 2271 2027 insidiisque
2318 1942 2680 2010 defendet&
2722 1949 2844 2010 cet.

644 2052 714 2116 Si
775 2052 1148 2138 Lagomars.
1213 2048 1315 2113 IX
1376 2048 1539 2113 illud
1586 2047 1923 2132 perieulis,
1974 2050 2141 2133 qnod
2184 2051 2632 2135 interpositum
2681 2052 2792 2115 vix
2840 2055 2944 2115 est

555 2179 669 2224 cur
732 2156 1041 2221 habeatur
1063 2202 1077 2231 ,
1143 2174 1292 2219 cnm
1355 2160 1501 2219 ante
1560 2156 1779 2218 scelere
1821 2155 2176 2239 insidiisque
2220 2158 2405 2220 inane
2454 2154 2696 2240 aliquid
2744 2162 2942 2240 atque

554 2262 937 2350 languidum
986 2267 1196 2338 sonet,
1244 2281 1365 2325 non
1412 2261 1841 2345 praebuisset,
1891 2263 2129 2326 vitium
2177 2264 2243 2326 in
2289 2262 2528 2325 summis
2576 2261 2773 2328 latere
2828 2283 2942 2327 su-

552 2372 833 2455 spicatus
883 2388 1116 2452 „quam
1167 2387 1286 2454 ego
1330 2389 1548 2429 summo
1594 2366 1826 2430 studio”
1872 2372 2008 2444 cet,
2059 2368 2624 2434 commendassem.

641 2476 716 2540 In
779 2475 1081 2566 orationis
1137 2494 1175 2537 a
1222 2470 1523 2538 Cicerone
1569 2492 1682 2557 pro
1730 2471 2003 2537 Murena
2049 2472 2304 2538 habitae
2350 2474 2386 2558 ξ
2433 2473 2518 2538 21
2571 2493 2791 2540 omnes
2837 2494 2942 2540 co-

551 2582 722 2646 dices
784 2581 1186 2646 conscntiunt
1246 2578 1323 2642 de
1370 2578 1488 2643 hac
1535 2577 1837 2643 lectione:
1890 2576 2207 2654 „Summa
2252 2581 2319 2643 in
2368 2584 2637 2664 utroque
2684 2585 2781 2645 est
2824 2580 2945 2646 ho-

551 2694 790 2763 nestas,
841 2705 1095 2750 summa
1143 2684 1425 2770 dignitas
1470 2704 1664 2768 quam
1715 2703 1865 2771 ego,
1915 2687 1970 2748 si
2015 2683 2182 2748 mihi
2228 2704 2340 2769 per
2382 2683 2677 2750 Servium
2718 2684 2937 2760 liceat,

551 2796 685 2878 pari
760 2797 949 2877 atque
1018 2791 1084 2855 in
1155 2790 1375 2855 eadem
1440 2789 1630 2856 laude
1696 2789 1982 2873 ponam.”
2071 2788 2408 2874 Zumptius
2454 2790 2939 2858 collocationem

548 2898 1032 2986 praepositionis
1088 2895 1305 2981 paullo
1363 2896 1906 2982 neglegentiorem
1953 2896 2192 2960 habens
2238 2895 2559 2962 ferendam
2609 2919 2743 2964 esse
2790 2919 2944 2965 cen-

547 3012 672 3081 set,
724 3025 801 3070 ne
849 3005 1056 3069 omnis
1103 3003 1372 3066 orationi
1419 3000 1682 3065 libertas
1730 3001 2041 3088 denegata
2088 3004 2193 3067 sit.
2243 3001 2595 3067 Lambinus
2633 3006 2831 3068 eadem
2872 3006 2947 3070 in

549 3113 731 3175 laude
776 3111 1062 3194 scripsit,
1111 3107 1318 3173 invita
1365 3106 1419 3171 si
1467 3107 1622 3192 quid
1668 3106 1854 3173 video
1901 3106 2217 3183 Minerva,
2261 3129 2409 3173 cum
2450 3112 2642 3174 unius
2681 3116 2943 3177 tantum

546 3217 869 3294 lectionis,
920 3203 1081 3299 quae
1130 3214 1313 3279 nobis
1359 3213 1611 3298 prodita
1657 3221 1786 3289 est,
1837 3234 2024 3279 cansa
2071 3213 2344 3279 inveniri
2391 3221 2680 3299 nequeat.
2731 3215 2942 3296 Quem

545 3323 760 3389 locum
826 3324 958 3386 iam
1021 3321 1267 3385 obtinet
1329 3318 1609 3384 servabit
1668 3322 2054 3404 praepositio
2076 3369 2094 3390 .
2158 3319 2345 3386 modo
2399 3323 2550 3404 pari
2609 3324 2674 3386 in
2724 3346 2943 3405 parem

549 3435 858 3494 mutetur.
952 3425 1058 3491 Sic
1104 3446 1353 3510 quoque
1400 3423 1617 3509 Nepos
1663 3427 1732 3489 in
1779 3424 1992 3490 Alcib.
2043 3427 2181 3490 vita
2229 3425 2354 3490 III.
2402 3428 2438 3510 ξ
2489 3426 2527 3491 5
2579 3449 2823 3513 „neque
2876 3433 2937 3495 ei

533 3557 655 3619 par
702 3536 1039 3619 quisquam
1088 3534 1154 3595 in
1204 3533 1469 3597 civitate
1503 3533 1867 3613 poneretwr'’
1918 3552 2053 3616 sqq.

646 3642 729 3706 Ut
792 3640 871 3705 ad
934 3638 1281 3722 Nepotem,
1348 3657 1384 3701 a
1433 3656 1557 3721 quo
1604 3656 1784 3702 orsus
1831 3657 2011 3711 sum,
2064 3638 2352 3710 redeam,
2402 3640 2470 3702 in
2516 3638 2940 3727 Mnemosyne

551 3756 664 3814 tua
722 3766 922 3831 nuper
987 3744 1065 3808 de
1125 3743 1299 3819 loce,
1363 3742 1472 3827 qui
1529 3747 1628 3807 est
1682 3745 1750 3806 in
1818 3740 2067 3808 Cimon.
2115 3746 2231 3808 vit.
2283 3765 2339 3809 c.
2387 3743 2492 3809 IV.
2543 3747 2579 3829 ξ
2625 3745 2684 3823 2,
2739 3766 2939 3835 agens

548 3874 775 3938 „saepe
824 3871 973 3916 cum
1024 3847 1306 3934 aliquem
1354 3851 1641 3935 offensum
1680 3849 1943 3934 fortuna
1988 3849 2237 3916 videret
2284 3852 2499 3915 minus
2546 3852 2703 3918 bene
2737 3856 2940 3919 vesti·-

545 3970 719 4034 tum,
789 3978 977 4023 suum
1048 3952 1401 4020 amiculum
1452 3953 1665 4018 dedit'’
1713 3956 1907 4020 verba
1953 3956 2259 4021 mendum
2309 3959 2627 4023 continere
2674 3959 2938 4025 demon-

547 4069 763 4134 strasti
804 4083 1006 4147 neque
1047 4067 1258 4154 tamen
1302 4059 1508 4125 adhuc
1550 4075 1764 4144 patere
1800 4068 1976 4127 ratus
2014 4062 2202 4146 quale
2227 4067 2420 4145 esset,
2446 4064 2724 4149 amplius
2747 4086 2937 4150 quae-

541 4173 809 4240 rendum
876 4168 1009 4236 esse
1071 4164 1463 4253 significasti.
1536 4164 1708 4231 Olim
1773 4171 2161 4234 conieceram
2232 4170 2300 4232 ob
2352 4180 2578 4233 tenuem
2614 4173 2937 4257 fortunam

540 4284 676 4346 sive
714 4284 784 4342 ob
827 4276 1052 4341 senium
1083 4274 1264 4358 forte
1301 4273 1588 4358 fortuna,
1641 4273 1750 4338 sed
1801 4274 2091 4346 omnium
2142 4277 2426 4340 maxime
2473 4298 2641 4343 nunc
2686 4278 2932 4364 placet,

539 4385 706 4474 qnod
752 4384 828 4447 ad
880 4379 1184 4446 Codicum
1237 4378 1572 4443 lectionem
1626 4382 1914 4464 proxime
1963 4381 2232 4458 accedit,
2274 4383 2561 4467 offensum
2583 4384 2932 4471 fortunae,
