3192 5017
1206 274 1597 327 sornocnm.
2468 254 2600 328 217

893 448 1013 522 τὰς
1057 449 1114 514 δ’
1165 449 1311 529 ὑπὲρ
1357 447 1694 529 μελάθρων
1740 454 1946 531 φονω-

896 578 1100 621 σαισιν
1146 556 1533 637 άμφιχανὼν
1580 554 1785 637 κύκλῳ

892 659 1169 742 λόγχαις
1219 661 1582 727 ἑπτάπυλον
1632 662 1801 739 ςόμα

898 766 1047 847 ἔβα.

229 873 389 953 Ἔβα
453 874 810 942 Scholiasta
877 875 957 941 ad
1020 876 1404 940 sententiam
1469 878 1626 940 satis
1686 876 1842 941 bene
1902 874 2252 961 explicavit
2315 872 2557 951 ἡττήθη
2578 923 2593 951 ,

232 1002 365 1046 nam
408 984 706 1048 continuo
755 984 1074 1068 sequitur:

895 1086 1059 1164 ἔβα,
1104 1087 1240 1166 πρίν
1289 1089 1420 1151 ποθ’
1470 1084 1788 1167 άμετέρων

907 1191 1195 1270 αἱμάτων
1241 1192 1574 1270 γένυσιν
1625 1190 2006 1267 πλησθῇ-

915 1322 1042 1362 ναι
1089 1298 1195 1363 καὶ
1243 1298 1595 1379 ςεφάνωμα
1645 1298 1893 1378 πύργων

902 1403 1240 1469 πευκάενθ’
1283 1406 1601 1483 Ἥφαιςον
1649 1406 1831 1471 ἑλεῖν.

234 1512 341 1578 Sed
377 1514 530 1600 quid
577 1520 672 1578 est
719 1512 837 1586 ςάς
884 1513 936 1577 δ’
987 1513 1131 1589 ὑπὲρ
1181 1509 1556 1592 μελάθρωνῗ
1604 1512 1839 1577 Scribit
1877 1511 2266 1578 Scholiasta:
2304 1515 2380 1585 ὥς
2415 1512 2597 1587 άετὸς

239 1619 261 1681 ὅ
317 1619 681 1695 Πολυνείκης
738 1619 1059 1689 κυκλώσαις
1107 1618 1224 1689 τὰς
1278 1619 1504 1695 Θήβας
1552 1626 1692 1690 ταῖς
1741 1625 1859 1683 τῶν
1907 1618 2103 1700 φόνων
2155 1620 2398 1701 ἑρώσαις
2449 1619 2606 1697 λόγ-

190 1749 414 1810 ,χαις,
484 1727 869 1808 ἀμφιχανὼν
940 1724 1099 1802 ἔβα·
1174 1725 1441 1801 ἐνέμεινε
1510 1724 1572 1788 δὲ
1645 1734 1721 1806 τῇ
1793 1731 2153 1809 μεταφορᾷ.
2248 1726 2470 1792 Potest
2539 1726 2605 1790 id

240 1833 479 1915 quidem
550 1836 863 1897 incertum
936 1832 1174 1909 videri,
1251 1834 1795 1916 comparaveritne
1858 1837 2048 1916 poeta
2109 1832 2390 1917 aquilam
2457 1852 2604 1896 cum

241 1936 614 2025 Argivorum
678 1940 958 2003 exercitu
1008 1958 1086 2003 an
1136 1959 1283 2002 cum
1330 1936 1639 2024 Polynice
1685 1938 1856 2022 ipso,
1905 1937 2013 2003 sed
2059 1939 2179 2004 hoc
2227 1940 2450 2023 utique
2500 1958 2609 2001 ve-

244 2064 371 2108 rum
439 2051 561 2110 est:
636 2044 897 2123 ἕνέμεινε
965 2054 1039 2124 τῇ
1104 2050 1438 2125 μεταφορᾷ
1503 2050 1567 2108 et
1629 2046 1827 2109 miror
1883 2065 2016 2108 esse
2064 2047 2175 2129 qui
2224 2045 2344 2110 hoc
2392 2046 2610 2108 minus

246 2154 514 2216 sentiant.
610 2150 779 2231 Quid
843 2156 1060 2216 autem
1125 2149 1290 2214 illud
1357 2155 1452 2215 est
1513 2152 1631 2221 σάς
1680 2149 1734 2214 δ’
1787 2151 1934 2229 ὑπὲρ
1981 2148 2340 2230 μελάθρωνῗ
2387 2150 2609 2234 Neque

246 2254 311 2319 de
354 2257 681 2344 Polynice,
734 2277 936 2342 neque
983 2256 1059 2322 de
1107 2260 1423 2339 exercitu,
1472 2277 1675 2342 neque
1723 2256 1799 2321 de
1841 2256 2055 2342 aquila
2096 2261 2335 2342 optime
2372 2257 2610 2322 dicitur

248 2367 403 2432 ςῆναι
467 2363 610 2444 ὑπὲρ
670 2364 1022 2441 μελάθρων,
1072 2365 1231 2447 quod
1285 2367 1427 2426 tum
1478 2363 1739 2427 demum
1789 2366 2099 2447 potuisset
2145 2364 2323 2447 ferri,
2372 2365 2427 2427 si
2475 2383 2610 2427 om·

247 2487 342 2531 nes
383 2476 489 2533 aut
532 2477 699 2534 certe
742 2467 1029 2554 plerique
1075 2468 1264 2533 duces
1310 2487 1526 2532 muros
1574 2468 2073 2545 adscendissent,
2125 2469 2291 2553 quod
2339 2469 2415 2533 de
2476 2467 2607 2534 solo

250 2568 512 2657 Capaneo
558 2578 940 2659 accepimus.
989 2573 1184 2639 Recte
1234 2579 1451 2638 autem
1499 2573 1747 2658 aquila,
1798 2595 1958 2659 quae
2006 2577 2090 2646 εἰς
2131 2582 2249 2652 γῆν
2297 2575 2604 2655 ὑπερέπτη

247 2683 311 2741 ut
364 2688 456 2745 est
510 2702 601 2746 vs.
674 2679 822 2763 113,
890 2681 1160 2745 dicitur:
1213 2680 1426 2751 πτας
1476 2679 1529 2743 δ’
1594 2681 1741 2758 ὑπὲρ
1786 2682 2126 2759 μελάθρων.
2222 2680 2422 2768 Saepe
2474 2681 2609 2746 vidi

251 2791 334 2848 Πτ
381 2791 444 2851 et
488 2798 579 2852 Στ
625 2786 948 2852 confundi.
1020 2786 1353 2851 Praeterea
1398 2785 1766 2851 notabimus
1813 2787 2139 2854 insolitam
2189 2788 2609 2854 constructio-

250 2911 378 2955 nem
443 2892 683 2970 γένυσιν
753 2890 1110 2967 πλησθῆναι
1184 2899 1248 2957 et
1320 2892 1514 2958 donec
1585 2894 1729 2977 quis
1797 2893 1915 2958 hoc
1986 2894 2230 2959 idoneis
2299 2891 2611 2978 exemplis

252 2998 636 3084 stabiliverit,
687 2999 981 3084 equidem
1033 2999 1397 3084 suspicabor
1442 2997 1820 3084 Sophoclem
1870 2998 2151 3064 dedisse:
2199 3002 2439 3077 γένυν
2493 3001 2616 3077 ἐμ-

253 3103 731 3183 πλησθῆναι,
800 3126 948 3171 nam
1012 3104 1132 3169 hoc
1192 3107 1316 3169 nisi
1378 3103 1567 3169 fallor
1627 3109 1876 3189 poetam
1928 3107 2139 3192 magis
2188 3106 2368 3173 decet
2417 3126 2609 3191 quam

255 3210 703 3288 ἄμτλησθῆναι.
803 3211 983 3291 Quod
1046 3211 1126 3276 ad
1186 3209 1426 3276 vocalis
1472 3209 1694 3276 literae
1743 3213 2163 3295 quantitatem
2216 3215 2445 3278 attinet
2469 3260 2485 3290 ‚
2537 3212 2612 3278 cf.

258 3313 600 3385 Theocritus
655 3317 757 3383 14.
809 3317 931 3382 69:
983 3318 1067 3390 εἷς
1116 3317 1295 3395 γένυν
1346 3313 1531 3397 ἕρπει.

334 3533 691 3602 Ridiculum
742 3541 837 3601 est
880 3533 1046 3621 quod
1092 3534 1335 3622 legitur
1381 3556 1475 3600 vs.
1523 3531 1699 3598 258:

770 3650 1002 3717 σημεῖα
1049 3641 1102 3705 δ’
1147 3639 1287 3704 οὔτε
1335 3638 1515 3718 θηρὸς
1563 3639 1705 3706 οὔτε
1749 3662 1854 3704 του
1902 3641 2089 3703 κυνῶν

777 3745 1182 3830 ἐλθόντος,
1232 3748 1312 3812 οὐ
1362 3747 1724 3817 σπάσαντος
1771 3744 2159 3826 ἐξεφαίνετο.

261 3849 379 3919 Non
419 3857 644 3941 poterit
691 3853 926 3920 melius
971 3853 1077 3920 vel
1124 3852 1376 3918 facilius
1423 3874 1722 3939 apparere
1746 3902 1762 3931 ,
1813 3873 2004 3938 quam
2051 3853 2206 3918 haec
2253 3854 2381 3917 sint
2428 3874 2617 3919 sensu

262 3977 459 4039 vacua,
526 3983 717 4048 quam
766 3963 819 4025 si
867 3960 1252 4045 descripsero
1299 3960 1741 4024 doctissimum
1792 3961 2234 4044 interpretem:
2303 3957 2620 4041 Uebriqens

262 4067 458 4131 scheint
522 4071 627 4133 der
690 4067 768 4132 W
759 4068 962 4130 a‘ckter
1021 4089 1195 4146 suffen
1260 4089 1334 4129 zu
1396 4067 1607 4129 wollen
1625 4115 1642 4149 ,
1705 4088 1872 4130 menn
1920 4088 2056 4128 man
2104 4071 2250 4128 elwa
2295 4066 2583 4129 anadhme
2602 4113 2619 4143 ,

264 4175 340 4232 ein
400 4174 564 4238 Thier
629 4176 777 4238 habe
836 4172 936 4236 die
982 4173 1148 4236 Erde
1193 4173 1320 4258 aus
1355 4172 1456 4235 die
1504 4172 1717 4236 Leia-he
1758 4173 2085 4251 ,qe-scham,
2139 4193 2235 4232 um
2283 4171 2384 4233 die
2433 4172 2624 4237 Beate

253 4275 357 4357 fiir
407 4287 568 4346 einen
628 4286 867 4346 zweiten
922 4279 1147 4341 Remea
1191 4279 1597 4364 aufzusparen
1623 4327 1641 4362 ,
1683 4283 1791 4342 wie
1841 4278 2047 4342 Thiere
2095 4278 2242 4341 thom
2289 4277 2515 4369 sollers,
2560 4301 2624 4345 οο
