3192 5017
526 262 667 330 250
1588 280 1832 333 (nono.

526 462 657 523 est:
722 462 1019 531 ,nutum
1078 462 1336 539 mmo,
1396 477 1479 522 ne
1538 455 1888 522 artificium
1949 464 2140 522 tuum
2189 452 2738 541 (iuriqumdentis)
2791 452 2924 518 tibi

526 582 751 645 parum
798 566 1029 647 prosim
1078 584 1229 628 nam
1278 570 1355 628 ut
1396 563 1589 628 audio
1633 564 1782 627 istic
1829 562 1922 643 (in
1965 561 2209 645 Gallia)

842 669 2624 756 nonexiuremanumcomoetum,sedmagefi=,rro

844 795 983 839 rem
1018 784 1338 860 repetunt,

500 888 595 946 -et
656 887 727 945 tu
780 879 945 946 soles
991 882 1071 946 ad
1126 884 1263 946 vim
1312 880 1680 946 faciundam
1733 879 2066 948 adhiberi?
2123 881 2347 966 Neque
2381 890 2486 946 est
2523 881 2692 966 quod
2729 880 2924 946 illam

526 987 965 1072 exceptionem
1007 988 1076 1052 in
1121 987 1461 1053 interdicto
1512 991 1953 1072 pertimesces:
1997 1006 2166 1063 ouon
2205 1006 2294 1053 τιι
2333 1004 2527 1053 mon
2567 1004 2926 1052 ιιοιιιιιιιιιιε

528 1110 811 1159 mans
880 1111 1007 1159 ιιοιι
1074 1090 1393 1159 vmms?
1482 1092 2928 1178 Scioenimtenonesseprocacemin

528 1198 945 1265 lwoeaendol’
990 1198 1243 1283 Scripta
1288 1200 1445 1265 haec
1492 1208 1644 1264 sunt
1689 1201 1767 1265 ad
1809 1199 2180 1266 Trebatium
2218 1198 2774 1274 iurisconsultum‚
2818 1200 2926 1262 cui

528 1304 750 1370 Cicero
792 1312 1051 1390 propter
1092 1305 1309 1371 studia
1354 1305 1585 1371 bellica
1623 1306 1865 1371 illudit.
1913 1306 2220 1391 Exceptio
2267 1310 2330 1387 (,,
2336 1325 2544 1390 neque
2581 1314 2680 1370 est
2717 1303 2926 1390 quod'’

526 1411 696 1487 rell.)
758 1411 947 1476 datur
1007 1414 1077 1476 in
1138 1413 1551 1477 commodum
1613 1414 1754 1478 eius
1801 1416 1912 1498 qui
1959 1436 2078 1477 non
2109 1418 2288 1496 prior
2329 1415 2533 1476 armis
2577 1432 2740 1476 usus
2786 1418 2927 1494 est,

527 1517 639 1601 qui
707 1537 833 1582 non
904 1517 1262 1592 lacessivit,
1332 1518 1441 1583 sed
1512 1526 1734 1584 contra
1786 1520 2106 1604 impetum
2161 1520 2510 1584 adra-sarii
2569 1521 2814 1584 armati
2857 1539 2926 1583 se

526 1622 830 1689 defendit.
929 1624 1105 1705 Quod
1162 1647 1280 1688 non
1306 1658 1381 1693 =
1406 1625 1615 1709 quoad
1674 1645 1800 1690 non
1817 1675 1838 1700 ‚
1888 1638 2202 1709 quatenus
2244 1645 2386 1690 non.
2483 1628 2648 1692 Eam
2695 1646 2924 1710 excep-

524 1729 763 1795 tionem
810 1738 885 1794 ιιι
931 1751 1059 1796 ιιοιι
1102 1731 1365 1807 ιιιοιιιι8,
1416 1751 1772 1816 numquam
1819 1739 1894 1796 tu
1930 1733 2107 1815 prior
2140 1752 2244 1815 08;
2281 1738 2535 1815 praetor
2555 1732 2922 1796 adscribere

524 1842 733 1921 potest
777 1835 941 1902 hanc
985 1839 1420 1922 exceptionem
1444 1885 1462 1914 ,
1505 1838 1616 1903 sed
1661 1838 1785 1901 tibi
1830 1857 1956 1903 non
2001 1840 2126 1902 erit
2168 1835 2524 1922 periculoea
2540 1887 2559 1920 ‚
2607 1837 2918 1922 quoniam

524 1945 703 2008 viet
748 1946 948 2009 armis
990 1950 1237 2009 tunon
1282 1943 1447 2010 soles
1489 1945 2916 2029 provocarffinonesprooaaeinlaoeaeendo.

524 2048 667 2114 lam
730 2052 940 2135 priora
980 2049 1097 2115 illa
1144 2058 1251 2128 „et
1297 2058 1370 2115 tu
1395 2087 1481 2100 —
1506 2050 1831 2116 adhiberi”
1874 2052 1942 2114 in
1989 2051 2254 2116 eande-
2301 2053 2690 2116 sententiam
2747 2051 2924 2116 dieta

523 2164 707 2232 sunt,
774 2175 902 2222 non
958 2163 1035 2221 ιιι
1096 2155 1473 2223 bellicosum
1536 2160 1828 2222 animum
1891 2157 2176 2223 'l'rebatii
2239 2155 2637 2245 significent,
2707 2156 2826 2222 sed
2885 2176 2924 2222 a

520 2262 979 2329 certaminibus
1030 2260 1332 2327 alienum.
1428 2263 1516 2327 Et
1560 2266 1861 2348 quoniam
1907 2266 1977 2327 in
2023 2262 2224 2329 altera
2265 2270 2447 2348 parte
2490 2262 2922 2349 interrogatio

521 2369 740 2435 abesse
797 2368 1015 2450 debet,
1061 2371 1236 2453 prior
1280 2388 1531 2454 quoque
1575 2368 1957 2434 affirmativa
2001 2372 2088 2433 sit
2131 2389 2382 2433 necesse
2425 2376 2542 2433 est.
2635 2366 2770 2433 Sed
2817 2388 2918 2433 as-

522 2476 760 2539 sentior
801 2475 888 2558 (p.
926 2471 1037 2556 31)
1080 2474 1390 2539 absonum
1436 2495 1571 2539 esse
1608 2475 1672 2539 h.
1699 2473 1742 2539 1.
1787 2475 1866 2540 de
1903 2476 1972 2539 vi
2009 2473 2159 2540 ficta
2181 2477 2464 2561 cogitare
2486 2480 2554 2540 et
2574 2482 2918 2558 propterea

520 2579 866 2667 legendum
924 2585 1116 2663 puto:
1185 2586 1291 2663 „et
1350 2586 1423 2644 ιιι
1482 2602 1604 2644 nox
1648 2579 1813 2645 80108
1857 2580 1939 2645 acl
1983 2581 2124 2646 vim
2172 2580 2526 2646 taciendam
2574 2579 2913 2655 adhiberi,

519 2706 721 2769 neque
789 2692 915 2761 eet,
986 2685 1154 2770 quod
1222 2684 1407 2751 illam
1476 2687 1914 2771 exceptionem
1982 2689 2052 2750 in
2112 2686 2454 2752 interdicto
2497 2688 2917 2770 pertimescas

520 2808 689 2867 ouon
735 2809 820 2856 ‘ru
866 2807 1054 2857 mon
1079 2830 1184 2870 -,
1210 2794 1342 2857 scio
1378 2794 1549 2857 enim
1596 2798 1661 2858 te
1697 2813 1821 2858 non
1862 2813 1997 2858 0880
2034 2813 2360 2878 procacem
2399 2794 2468 2856 in
2489 2790 2916 2857 lacessendo.”

530 2898 706 2975 Quod
764 2933 846 2945 -
910 2919 1029 2961 nou
1096 2900 1358 2982 ponitur
1424 2900 1493 2962 ιιι
1562 2900 2076 2984 exceptionibus,
2150 2899 2231 2963 cf.
2306 2896 2505 2963 Gaius
2576 2895 2684 2961 IV.
2760 2894 2911 2973 119,

520 3002 836 3091 flavigny.
898 3001 1144 3078 Besitz,
1207 3026 1268 3090 p.
1320 3003 1452 3071 540
1507 3012 1638 3070 not.
1691 3008 1755 3082 2,
1804 3004 2062 3082 Keller,
2109 3003 2456 3070 Semestria
2502 3024 2566 3088 p.
2612 3002 2752 3067 302
2800 3023 2914 3068 nec

519 3110 706 3177 video
750 3131 867 3176 cur
910 3130 1059 3175 cum
1100 3109 1325 3176 Beiero
1372 3116 1437 3175 et
1482 3110 1933 3198 Wesenberg-io
1976 3133 2089 3195 quo
2133 3110 2536 3176 scribendum
2579 3110 2690 3175 sit.

608 3214 977 3282 Temeraria
1019 3218 1404 3282 correctione
1437 3216 1685 3283 librarii
1723 3220 2130 3305 negationem
2169 3217 2414 3283 addunt
2434 3224 2547 3281 aut
2569 3217 2913 3281 omittunt.

522 3320 666 3388 Liv.
739 3321 929 3387 XXI.
1001 3320 1117 3387 10:
1194 3323 1465 3406 „Hanno
1531 3362 1614 3372 -
1678 3345 1936 3389 causam
2006 3324 2276 3389 foederis
2344 3342 2579 3409 magno
2648 3321 2910 3387 silentio

524 3432 778 3512 propter
836 3428 1280 3495 auctoritatem
1346 3450 1528 3495 suam
1548 3479 1566 3514 ‚
1632 3453 1753 3495 non
1817 3433 1969 3516 (om.
2031 3429 2242 3511 codd.)
2293 3449 2442 3494 cum
2490 3448 2754 3493 assensu
2802 3448 2911 3493 au-

526 3534 840 3598 dientium
888 3531 1066 3621 egit?
1117 3534 1261 3601 Alia
1308 3536 1527 3601 Madv.
1576 3536 1658 3602 ad
1705 3536 1850 3601 Liv.
1897 3535 2006 3601 IV.
2059 3533 2182 3600 58:
2229 3534 2307 3600 V.
2357 3534 2458 3599 15.
2506 3534 2616 3610 11,
2660 3532 2906 3599 XXIII.

526 3636 635 3702 23.
668 3635 729 3703 6.
771 3636 907 3705 Cic.
933 3636 1043 3704 Or.
1067 3640 1123 3705 Ι.
1153 3639 1260 3721 37,
1292 3640 1420 3706 168
1456 3643 1667 3728 „quod
1703 3663 1779 3708 ea
1814 3663 1915 3708 res
1952 3644 2021 3706 in
2059 3641 2372 3709 iudicium
2409 3648 2554 3706 ante
2587 3636 2908 3706 venisset”

525 3744 721 3812 multi
788 3743 938 3810 libri
1006 3745 1252 3812 addunt
1317 3770 1459 3813 non.
1528 3747 1704 3813 Infra
1763 3750 1801 3833 ξ
1847 3746 1933 3812 69
1995 3769 2116 3812 aon
2178 3754 2324 3813 aute
2357 3747 2565 3830 pot-ius
2606 3745 2795 3811 nullo
2839 3747 2904 3808 in

524 3854 685 3920 libro
744 3851 1010 3940 legitur.
1102 3851 1175 3917 In
1237 3854 1474 3921 vicinia
1526 3853 1690 3938 loci,
1757 3875 1946 3939 quem
2006 3854 2199 3918 modo
2262 3872 2297 3916 0
2354 3849 2517 3917 Gaio
2561 3850 2902 3929 laudabam

524 3961 560 4049 ᾖ
612 3957 777 4026 117:
832 3961 937 4042 „in
983 3958 1086 4023 his
1133 3979 1379 4044 quoque
1426 3961 1819 4044 actionibus,
1868 3981 2029 4046 quae
2072 3982 2192 4023 non
2237 3966 2389 4037 (om.
2443 3956 2608 4043 cod.)
2654 3960 2724 4022 in
2771 3976 2905 4042 per-

523 4084 740 4132 sonam
800 4070 951 4129 sunt
976 4112 994 4149 ,
1059 4067 1457 4148 exceptiones
1516 4065 1730 4131 locum
1786 4063 2088 4131 habent.'’
2182 4064 2367 4130 Idem
2428 4068 2666 4128 temere
2711 4064 2902 4128 omis·

524 4191 669 4237 sum
733 4170 989 4236 videtur
1048 4171 1117 4234 in
1175 4169 1313 4235 loco
1377 4173 1709 4237 notissimo
1770 4171 1848 4236 de
1904 4169 2189 4236 Lucretii
2235 4171 2509 4236 carmine
2555 4168 2637 4232 ad
2684 4166 2899 4247 Quint.

525 4277 601 4343 fr.
652 4275 731 4341 11.
782 4275 822 4341 9
870 4276 1012 4361 (ll)
1065 4275 1137 4340 3:
1193 4275 1487 4353 „Lucreti
1534 4283 1860 4363 poemata,
1908 4282 1986 4342 ut
2029 4276 2294 4349 scribis,
2343 4278 2437 4340 ita
2482 4278 2634 4339 sunt
2677 4273 2900 4341 multis

524 4381 883 4455 luminibus
939 4385 1184 4471 ingenii
1244 4382 1492 4449 multae
1550 4392 1747 4448 tamen
1808 4383 2020 4450 misl’
2112 4382 2251 4460 Sic,
2318 4389 2511 4446 men
2555 4400 2681 4446 nen
2725 4380 2899 4445 aiau
