3192 5017
1343 287 1673 335 nmmos.
2563 269 2694 341 227

308 464 504 528 fuisse
564 465 846 528 amicum
912 462 1077 527 Iulio
1141 459 1431 538 Caesari,
1495 463 1609 545 qui
1672 462 1732 525 ei
1795 460 2066 546 legionis
2128 461 2424 546 Syriacae
2472 483 2689 528 curam

309 569 733 635 commiserat.
829 568 1054 636 Livius
1128 575 1344 633 contra
1414 566 1952 651 Pompeianarum
2015 569 2295 651 partium
2365 568 2691 635 hominem

307 675 503 740 fuisse
547 678 659 760 qui
704 680 847 760 post
893 673 1139 740 cladem
1188 692 1452 738 suorum
1501 671 1662 758 Tyri
1709 673 1996 756 privatus
2046 673 2292 738 vixerat
2337 682 2404 738 et
2450 675 2694 740 milites

308 780 611 865 quosdam
675 780 751 845 de
812 781 1062 867 legione
1110 782 1488 863 corruperat.
1588 775 1889 861 Superest
1935 776 2109 842 Livii
2154 778 2231 844 de
2278 799 2351 844 ea
2398 801 2462 845 re
2510 784 2693 847 testi-

306 888 598 951 monium
647 888 716 951 in
762 885 1063 971 Epitome
1109 883 1258 949 libri
1308 881 1546 948 CXIV:
1592 884 1835 947 Bellum
1875 883 1942 947 in
1981 883 2155 965 Syria
2202 883 2501 952 Caecilius
2541 889 2696 956 Bae-

308 1015 411 1057 m
477 1010 678 1068 nouas
747 993 1066 1059 Ronanus
1127 991 1644 1056 Pomnmmzuu
1713 1008 1998 1055 PAR'I'nm
2061 992 2341 1057 emoitavit
2403 995 2611 1061 relicto
2656 1023 2695 1061 a

306 1101 533 1181 leyione
579 1100 712 1167 Sex.
777 1098 1034 1164 Cae-rare
1052 1147 1069 1182 ‚
1117 1120 1268 1184 quae
1312 1098 1396 1160 ad
1440 1097 1698 1161 Bassum
1745 1097 2100 1181 transierat,
2149 1100 2448 1185 occisoque
2495 1124 2579 1167 eo.

397 1316 502 1382 IV.
545 1294 692 1383 ⁴69:
757 1322 808 1384 εἰ
870 1320 983 1395 μὲν
1045 1316 1201 1404 [οὖν]
1251 1320 1316 1383 οὐ
1364 1316 1857 1395 συνεβούλευσας
1911 1317 2147 1390 Ῥοδίοις
2198 1319 2288 1394 μὴ
2334 1320 2564 1387 οὶδικεῖν
2610 1347 2693 1399 με

305 1422 381 1488 σύ
431 1448 514 1501 με
562 1425 796 1498 ἀδικεῖς
818 1474 836 1503 ,
887 1428 936 1491 εἰ
987 1426 1048 1491 δὲ
1093 1423 1391 1491 διδάσκων
1439 1424 1545 1489 οὐκ
1594 1421 1848 1495 ἔπεισας
1896 1425 2104 1501 ἀμυνῶ
2154 1447 2264 1490 σοι.

395 1529 615 1615 Inepte
660 1534 1111 1617 interpositum
1162 1527 1259 1597 οὖν
1305 1529 1773 1597 eliminandum
1822 1536 1936 1595 est.

392 1743 505 1810 IV.
555 1743 662 1811 69.
715 1745 790 1813 7:
854 1745 947 1814 ἔτι
1012 1746 1076 1811 δὲ
1140 1746 1429 1829 ἐμφύλια
1482 1747 1596 1824 μὲν
1646 1747 1698 1810 εἲ
1749 1746 1853 1810 καὶ
1905 1749 2084 1823 ἡμεῖς
2132 1748 2458 1824 δυναστείας
2506 1755 2691 1834 Ὠρε-

353 1849 384 1915 ό
469 1853 567 1916 θα.

300 1874 348 1929 y
384 1875 574 2038 ‘guod
620 1960 945 2043 praecedit
990 1959 1080 2028 ἔςι
1131 1961 1399 2045 requirit
1445 1979 1738 2044 praesens
1784 1964 2039 2044 tempus
2084 1960 2496 2042 Ὀρεγόμεθα.

391 2176 539 2242 Lib.
588 2174 698 2241 IV.
753 2173 904 2239 109.
959 2174 1084 2240 90:
1136 2175 1439 2257 ἀφῇρΗτο
1487 2174 1599 2248 τὴν
1644 2172 1782 2253 ὄψιν
1827 2179 1933 2240 τοῦ
1981 2172 2158 2257 ἔργου
2204 2177 2232 2242 ό
2282 2177 2486 2258 δόναξ.

397 2281 772 2368 Requiritur
814 2282 1155 2347 manifesto
1202 2279 1650 2366 imperfectum
1697 2281 2015 2361 ἀφῃρεῖτο.

392 2386 782 2455 Notavimus
828 2408 1019 2474 supra
1067 2386 1248 2470 ᾕρητο
1296 2392 1362 2453 et
1409 2389 1607 2467 ᾔρεῖτο
1655 2389 1724 2453 in
1771 2388 2066 2455 omnibus
2113 2395 2480 2477 compositis
2523 2396 2690 2462 inter

302 2514 371 2561 se
417 2494 719 2562 confundi
767 2494 983 2560 solere.

391 2706 536 2776 Lib.
584 2707 698 2774 IV.
752 2706 902 2774 110.
956 2707 1017 2773 6.
1066 2708 1410 2790 ἐπιτρέφων
1454 2711 1517 2782 ἐς
1570 2711 1641 2775 τὸ
1689 2710 2105 2795 διατείχισμα
2154 2720 2261 2780 τοῦ
2301 2718 2573 2785 Κασσίου
2603 2757 2684 2768 -

299 2817 380 2889 ὦς
443 2812 739 2889 ἐξελὼν
798 2815 953 2881 αὐτὸ
1003 2815 1106 2880 καὶ
1154 2814 1536 2896 παροδεύσων
1587 2817 1647 2889 ἐς
1694 2816 1764 2881 τὸ
1811 2823 1919 2884 τοῦ
1968 2823 2243 2888 Κασσίου
2290 2822 2684 2903 ςρατόπεδον.

392 2920 651 3006 Optime
721 2920 1082 3010 Schweigh.
1158 2920 1377 2999 ἐξελῶν
1447 2925 1752 3002 coniecit,
1820 2945 1971 2990 nam
2035 2928 2126 2993 sic
2188 2948 2302 3013 pro
2362 2928 2688 3010 ἐξαιρήσων

302 3026 599 3093 Graeculi
645 3028 956 3095 dicebant.

392 3131 694 3215 Ἐξαιρεῖν
757 3140 854 3200 est
918 3158 1281 3219 effluere,
1346 3142 1420 3201 ut
1479 3135 1589 3202 IV.
1664 3135 1814 3202 110.
1869 3137 1975 3204 19.
2043 3139 2149 3204 καὶ
2197 3139 2269 3205 τὸ
2316 3140 2688 3221 ςρατόπεδον

301 3239 548 3316 ἐξεῖλον.

389 3451 538 3517 Lib.
585 3450 692 3517 IV.
747 3450 894 3517 111.
949 3447 1057 3517 26.
1105 3454 1182 3524 ὥς
1230 3450 1286 3518 δ’
1339 3450 1683 3534 ἀρξάμενος
1733 3452 1906 3537 εἶχεν
1948 3458 2132 3539 &passe
2175 3461 2461 3543 ἔχεῖτο
2494 3460 2687 3546 δρόμῳ

300 3556 406 3623 καὶ
454 3557 798 3636 ἀνέβαινεν.

391 3664 760 3731 Absurdum
816 3669 912 3730 est
959 3664 1169 3745 ἐχεῖτο
1196 3715 1212 3742 ,
1263 3665 1467 3732 nihilo
1511 3666 1747 3733 melius
1795 3671 1962 3754 quod
2011 3671 2123 3739 alii
2168 3673 2407 3741 habent
2454 3678 2686 3759 ἐφεῖτο.

299 3769 467 3851 Quid
530 3772 841 3836 sententia
887 3770 1169 3856 postulet
1214 3771 1479 3858 planum
1529 3781 1657 3852 est,
1708 3796 1937 3862 nempe
1982 3784 2163 3844 citato
2209 3805 2385 3846 curm
2431 3788 2545 3848 aut
2591 3806 2690 3847 ra·

290 3877 438 3961 pido
487 3898 664 3940 euram
700 3877 1041 3962 serebatur.
1092 3876 1350 3944 Dicitur
1394 3881 1515 3946 hoc
1562 3878 1804 3947 Graece
1851 3880 1973 3948 ἵετο
2024 3883 2217 3967 δρόμῳ
2239 3937 2255 3970 ,
2307 3887 2472 3972 quod
2521 3890 2688 3973 apud

296 3982 662 4067 Appianum
725 3990 821 4047 est
886 3984 1197 4068 frequens.
1264 3984 1310 4050 I.
1383 3986 1488 4051 54.
1559 3987 1665 4051 55.
1733 3985 1855 4052 ἵετο
1904 3989 2097 4070 δρόμῳ
2145 3998 2210 4057 et
2256 3991 2369 4057 ΙΙΙ.
2422 3992 2524 4061 70.
2579 3994 2686 4059 52.

296 4086 421 4154 ἵετο
486 4088 701 4169 δρόμῳ.
759 4094 824 4153 et
869 4087 980 4152 III.
1031 4090 1136 4153 84.
1193 4087 1300 4156 ¹70.
1349 4098 1414 4157 et
1463 4092 1562 4158 IV.
1623 4092 1769 4157 104.
1824 4094 1930 4159 63.
1984 4093 2140 4162 ἵεντο
2188 4099 2416 4163 αὐτίκα
2470 4101 2680 4183 δρόμῳ.

296 4197 423 4259 nisi
472 4194 639 4280 quod
687 4199 900 4261 vetere
945 4215 1151 4260 errore
1207 4197 1331 4261 ἵετο
1378 4206 1443 4264 et
1490 4198 1649 4264 ἵεντο
1698 4201 2014 4265 scribitur.

392 4298 515 4366 Sed
563 4298 698 4365 fieri
747 4319 870 4364 non
912 4306 1122 4385 potest
1172 4311 1245 4367 ut
1290 4302 1414 4369 ἵετο
1462 4304 1657 4387 δρόμῳ
1703 4306 1771 4371 in
1821 4308 2030 4385 ἐφεῖτο
2081 4307 2276 4391 δρόμῳ
2317 4320 2686 4400 corruptum

301 4408 405 4472 sit.
473 4404 678 4471 Aliud
726 4404 904 4472 latet.
954 4404 1336 4493 comparato
1383 4411 1522 4478 loco
1569 4412 1626 4478 Ι.
1681 4412 1828 4477 110.
1881 4413 1988 4480 49.
2043 4415 2119 4481 de
2166 4415 2428 4485 Sertorii
2475 4442 2689 4504 cerva,
