3192 5017
1286 240 1621 290 aprunus.
2521 218 2655 284 215

272 407 409 471 lant
470 408 580 482 τὴν
644 406 939 489 πατρῴαν
1010 411 1255 489 οὐσίαν,
1319 411 1654 497 Appianus
1719 410 1830 478 III.
1883 410 1991 477 57.
2043 409 2152 476 68.
2201 412 2310 483 vsu
2356 408 2650 490 πατρῴαν

272 514 615 591 περιουσίαν
639 560 657 590 ,
725 520 788 578 et
853 514 930 579 de
992 517 1268 582 Antonio
1333 524 1570 584 sectore
1632 518 1924 605 Pompeii
1988 517 2210 583 scribit
2256 514 2331 579 V.
2384 512 2489 582 ¹79.
2546 512 2654 578 53.

269 621 380 699 τὴν
425 618 488 687 δὲ
536 623 643 684 τοῦ
691 620 962 700 Μάγνου
1010 624 1355 704 περιουσίαν
1404 625 1430 688 0’
1484 624 1795 697 Ἀντώνιος
1846 625 2083 699 ἐώνητο.

364 828 546 908 Quod
615 838 829 898 autem
903 834 1069 899 dixit
1138 833 1299 899 πολὺ
1371 835 1608 901 πλέονα
1678 835 1884 918 ὀφλων
1952 856 2068 922 pro
2130 835 2393 916 ὀφείλων
2452 835 2658 920 ipsius

275 936 550 1021 Appiani
608 958 779 1004 error
827 945 923 1005 est
967 943 1269 1007 vitiosam
1317 942 1677 1028 aequalium
1727 943 2040 1018 συνήθειαν
2088 945 2307 1008 secuti.
2356 939 2658 1007 Graeculi

275 1043 446 1106 enim
519 1044 753 1110 formas
817 1048 1156 1113 verborum
1219 1050 1490 1131 ὀφείλειν
1554 1056 1619 1115 et
1681 1047 2078 1132 ὀφλισκάνειν
2138 1051 2405 1114 miscere
2455 1046 2659 1112 solent

277 1158 339 1210 et.
388 1147 745 1216 adulterare
784 1150 956 1233 ὄφλω
997 1152 1277 1239 (ὀφλεις,
1318 1154 1525 1241 ὀφλει)
1570 1157 1913 1222 scribentes
1952 1161 2018 1221 et
2053 1154 2291 1236 ὤφελον
2329 1172 2441 1240 pro
2478 1151 2661 1234 ὤφει-

274 1264 379 1317 λον
426 1258 492 1319 et
536 1256 835 1337 ὀφλῆσαι.

367 1469 516 1535 Lib.
579 1469 662 1535 II.
729 1471 796 1537 8.
865 1472 973 1538 83.
1048 1472 1279 1542 Caesar
1336 1498 1373 1542 a
1436 1476 1671 1544 Senatu
1733 1480 1922 1565 petiit
1967 1483 2041 1543 ut
2087 1478 2209 1543 sibi
2257 1477 2504 1544 absenti
2552 1495 2663 1561 per

277 1577 519 1641 amicos
585 1577 984 1645 consulatum
1048 1587 1261 1669 petere
1319 1582 1540 1649 liceret
1584 1584 1750 1657 εἰδὼς
1798 1584 1912 1662 μὲν
1959 1584 2351 1665 παράνομον,
2403 1580 2658 1662 γεγονὸς

278 1680 340 1746 δὲ
389 1681 502 1756 ἤδη
554 1683 657 1748 καὶ
707 1685 945 1766 ἑτέροις.
996 1686 1232 1775 Supple
1281 1689 1632 1771 παράνομον
1671 1694 1849 1756 “ON.

367 1892 515 1958 Lib.
565 1894 656 1960 II.
712 1896 814 1961 15.
873 1897 976 1963 18.
1046 1900 1248 1965 Cicero
1305 1923 1445 1965 reus
1483 1902 1709 1986 factus
1752 1903 2047 1975 ταπεινὴν
2094 1901 2321 1976 ἐσθῆτα
2370 1901 2661 1965 ’ernul-

277 2021 458 2075 μενος
507 2000 718 2079 γέμων
766 2028 837 2069 τε
885 2005 1142 2086 αὐχμοῦ
1191 2006 1295 2072 καὶ
1347 2010 1534 2091 ῥύπου
1582 2007 1996 2089 προσέπιπτεν
2042 2004 2125 2080 οἶς
2168 2006 2432 2087 ἐντύχοι.
2486 2005 2664 2071 Lice-

280 2103 390 2170 bat
458 2105 792 2175 Graeculis
854 2111 1062 2178 dicere
1107 2113 1444 2179 ἐπικεῖσθαι
1492 2113 1931 2200 (ἐπιτίθεσθαι)
1970 2112 2278 2197 ςέφανον,
2329 2117 2664 2193 περικεφα-

277 2213 514 2298 λαίαν,
555 2222 772 2301 πῒλον,
812 2216 1031 2298 τιοὶραν
1071 2226 1135 2286 et
1174 2220 1483 2306 quidquid
1519 2226 1703 2304 capiti
1738 2225 2060 2304 imponitur
2098 2240 2210 2306 pro
2234 2219 2664 2300 περιτίθεσθαι.

283 2321 694 2401 περικεῖσθαι,
742 2329 816 2389 ut
864 2327 930 2389 in
976 2325 1094 2391 tali
1139 2347 1205 2392 re
1252 2326 1508 2393 Veteres
1555 2332 1912 2393 constanter
1949 2327 2277 2411 dicebant,
2319 2326 2428 2392 sed
2468 2328 2661 2392 etiam

282 2424 545 2514 longius
594 2448 632 2494 a
678 2432 947 2497 sanitate
995 2438 1283 2500 veterum
1332 2435 1693 2500 aberrantes
1740 2434 1817 2498 de
1864 2432 2150 2518 quolibet
2190 2432 2370 2497 cultu
2418 2439 2482 2497 et
2529 2452 2667 2496 ves·

281 2534 407 2598 titu
487 2535 827 2601 ἐπικεῖσθαι
899 2544 1237 2624 coeperunt
1308 2539 1532 2604 dicere.
1597 2539 1727 2606 vid.
1791 2538 1897 2604 IV.
1973 2537 2121 2604 134.
2186 2540 2293 2603 45.
2342 2536 2504 2618 ἱερέα
2554 2538 2659 2602 καὶ

282 2641 451 2723 ἱερὰν
501 2641 727 2715 ἐσθῆτα
778 2644 1171 2722 ἐπικείμενον.
1223 2650 1289 2710 et
1323 2644 1412 2709 H.
1457 2643 1563 2710 57.
1606 2643 1714 2710 27.
1756 2643 2098 2722 ἐπιθέμενος
2141 2645 2369 2718 ἐσθῆτα
2408 2643 2663 2708 ἰδιώτου.

282 2753 346 2813 et
391 2747 447 2812 I.
504 2745 609 2814 71.
660 2748 767 2814 68.
818 2752 928 2825 τὴν
974 2758 1086 2825 τῆς
1134 2751 1333 2832 ἀρχῆς
1385 2751 1616 2826 ἐσθῆτα
1665 2751 2065 2826 ἐπικείμενος.
2116 2754 2180 2814 et
2222 2748 2298 2814 ΙΙ.
2354 2747 2500 2814 126.
2554 2747 2662 2811 91.

281 2853 666 2931 ἐπικείμενος
717 2855 826 2929 τὴν
873 2856 1250 2934 ςρατηγικῆν
1289 2856 1539 2928 ἐσθῆτα.
1590 2855 1883 2941 Ineptias
1921 2857 2118 2921 etiam
2161 2860 2256 2919 est
2295 2854 2462 2939 quod
2502 2852 2668 2917 dixit

283 2958 332 3024 I.
383 2961 497 3026 41.
550 2959 659 3026 82.
720 2963 1093 3042 θεραπόντων
1156 2962 1417 3037 ἐσθῆτας
1482 2962 1845 3039 ὑποδύντες,
1910 2967 1973 3028 et
2030 2961 2208 3026 alibi.
2306 2958 2667 3045 Appianu8‚

286 3070 394 3152 qui
467 3066 719 3133 dicendi
783 3070 1032 3154 copiam
1080 3091 1156 3135 ex
1201 3069 1556 3134 multorum
1606 3067 1919 3134 Veterum
1967 3067 2238 3133 lectione
2283 3065 2665 3153 collegerat,

284 3193 770 3258 nonnumquam
818 3195 923 3240 eos
969 3176 1286 3252 imitatur,
1338 3172 1544 3240 veluti
1592 3174 1643 3239 I.
1694 3172 1798 3238 54.
1854 3172 1961 3238 61.
2009 3172 2172 3251 ἱερὰν
2223 3173 2446 3244 ἐσθῆτα
2488 3174 2564 3244 ὥς
2610 3173 2669 3235 ἐν

287 3280 467 3364 θυσία
530 3281 960 3359 περικείμενος.
1026 3286 1091 3345 et
1150 3278 1200 3344 I.
1267 3277 1378 3345 74.
1436 3279 1542 3344 45.
1610 3279 1687 3344 de
1732 3278 1990 3345 flamine
2037 3279 2382 3343 morituro:
2435 3317 2516 3326 -—
2566 3279 2670 3343 τὸν

292 3393 474 3451 πῖλον
536 3385 797 3451 ἀπέθετο
823 3410 837 3424 ·
890 3387 969 3451 ,οὐ
1030 3387 1158 3467 γὰρ
1223 3382 1288 3460 ἦν
1352 3387 1593 3462 θεμιτὸν
1651 3386 1813 3467 ἱερέα
1862 3385 2272 3465 περικείμενον
2318 3386 2668 3471 (apiculum)

292 3494 621 3557 τελευτᾶν.
713 3490 934 3578 Ipsum
981 3492 1256 3578 pallium
1306 3492 1543 3557 dicit-ur
1591 3492 1963 3572 περικεῖσθαι
2013 3489 2094 3555 II.
2144 3487 2257 3555 84.
2308 3488 2417 3557 90.
2464 3489 2492 3555 ὃ
2540 3491 2670 3569 βα-

295 3599 504 3671 σιλεὺς
554 3598 616 3661 ἐν
659 3596 829 3680 μέσῳ
876 3609 952 3683 τῇ
1001 3598 1284 3680 φοινικίδι
1333 3596 1682 3673 κατάδηλος
1733 3592 1799 3670 ἦν
1845 3594 2249 3678 περικειμένῃ.

380 3806 525 3871 Lib.
563 3805 644 3872 II.
683 3804 793 3871 22.
823 3805 928 3871 59.
977 3807 1217 3872 Μίλωνι
1265 3807 1326 3872 δὲ
1372 3803 1638 3882 θροὶσΟΟ
1677 3804 1917 3872 τοσόνδε
1959 3812 2186 3885 περιῆν.
2233 3805 2332 3869 Ex
2369 3809 2674 3890 perpetua

296 3910 685 3978 Graecorum
756 3913 1208 3979 consuetudine
1285 3912 1692 3978 scribendum
1766 3910 2085 3990 θράσΟΤΟ
2146 3909 2384 3975 τοσόνδε
2443 3918 2671 3990 περιῆν.

293 4017 387 4083 Ut
460 4021 627 4105 apud
689 4018 1184 4084 Demosthenem
1247 4017 1491 4108 legitur
1552 4038 1700 4106 pag.
1768 4015 1919 4081 160.
1985 4015 2084 4082 12.
2169 4018 2451 4080 τοσοῦτον
2532 4015 2673 4092 ὑμῖν

295 4125 522 4206 περίεςι
587 4129 694 4190 τοῦ
758 4125 901 4206 πρὸς
970 4125 1079 4201 ἐμὲ
1142 4124 1357 4203 μίσους
1384 4175 1398 4201 ,
1459 4126 1551 4189 sic
1599 4125 1836 4209 ubique
1879 4122 1945 4187 in
1993 4122 2505 4206 frequentissimo
2549 4141 2677 4186 usu

296 4231 536 4297 τοσόνδε
583 4234 918 4317 (τοσοῦτον)
967 4232 1195 4311 περίεςι
1247 4253 1392 4296 cum
1439 4232 1729 4318 genitivo
1777 4230 2195 4314 componitur.
