3192 5017
1302 334 1692 384 Ausonum.
2611 316 2694 383 99

298 510 407 593 qui
475 527 743 573 mecum
814 507 933 573 sub
1003 506 1222 574 eodem
1289 511 1455 572 tecto
1519 510 1882 571 versentur:
1945 508 2066 587 χρὴ
2130 505 2320 582 ξεῖνον
2384 506 2693 582 παρεόντα

295 613 575 699 hospitio
627 616 921 699 excipere
966 618 1031 680 et
1074 618 1306 695 φιλεῖν.
1389 611 1683 678 Fortasse
1727 611 1859 679 leni
1904 615 2261 680 mutatione
2308 613 2654 681 efficiemus
2677 664 2693 692 ‚

293 724 365 786 ut
409 720 534 786 hoc
586 720 712 787 dea
757 718 956 786 dicat:

669 824 878 904 λέγειν
921 826 978 891 δ’
1026 825 1611 906 ὁμωροφοῢντα
1658 825 1798 895 τοὺς
1845 824 2048 898 πέλας
2093 829 2293 900 κακῶς

672 933 872 1011 πρόσω
921 931 1169 998 δικαίων
1218 931 1311 1008 ἥδ’
1356 932 1678 1000 ἆποςατεΐ
1717 930 1921 1010 θέμις.

288 1040 359 1105 In
408 1037 713 1129 generali
759 1041 1109 1125 sententia,
1160 1041 1260 1105 uti
1305 1059 1582 1124 aequum
1630 1044 1758 1126 est,
1807 1040 2235 1107 masculinum
2277 1061 2483 1129 genus
2518 1063 2697 1109 usur-

288 1154 416 1231 pat.
479 1145 777 1213 Verbum
841 1147 1177 1226 ὁμωροφεῒν
1235 1165 1376 1210 raro
1437 1143 1700 1230 quidem
1763 1144 2040 1235 legitur,
2100 1147 2207 1214 sed
2257 1147 2553 1236 analogia
2599 1153 2696 1215 est

288 1274 448 1340 quae
496 1255 666 1319 satia
714 1257 953 1320 tuetur.
1001 1252 1353 1330 Ὀμόλογος
1397 1288 1481 1300 -
1523 1250 1882 1331 ὁμολογεῖν,
1932 1252 2213 1328 ὁμόσιτος
2242 1292 2321 1302 -
2350 1253 2656 1331 ὁμοσιτεῖν
2674 1301 2692 1333 ,

289 1358 668 1437 ὁμόσπονδος
723 1397 806 1435 -,-
857 1358 1279 1436 ὁμοσπονδεῒν,
1329 1356 1575 1434 ὁμόνους
1629 1396 1713 1407 -
1763 1359 2066 1438 ὁμονοεῖν,
2116 1358 2244 1427 alia
2283 1366 2452 1427 suut.
2496 1358 2698 1427 Athe-

284 1486 484 1532 naeus
554 1466 629 1532 X
694 1464 825 1533 43¹7
891 1466 986 1545 D,
1050 1467 1165 1531 ubi
1210 1467 1321 1541 τὴν
1365 1469 1527 1546 χοῶν
1577 1465 1781 1543 ἑορτὴν
1832 1465 2164 1553 describit,
2210 1466 2692 1533 Phanodemum

286 1572 549 1652 laudat,
627 1574 738 1659 qui
800 1573 946 1639 festi
994 1572 1306 1660 originem
1357 1569 1738 1657 explicavit3
1788 1571 2033 1661 legitur
2075 1574 2168 1639 ibi
2217 1573 2294 1639 de
2341 1574 2693 1639 Athenien-

289 1681 458 1748 sium
528 1700 687 1768 rege
749 1679 1227 1765 Demophonte:
1292 1676 1689 1758 παρήγγειλέ
1753 1701 1819 1744 τε
1889 1680 1991 1743 καὶ
2052 1684 2159 1745 τοῦ
2203 1677 2392 1746 πότου
2440 1704 2690 1745 παυσα-

286 1784 507 1862 μένους
558 1785 702 1858 τοὺς
750 1785 865 1863 μὲν
912 1783 1219 1866 ςεφιένους
1268 1779 1354 1856 οἷς
1403 1784 1792 1864 έςεφοὶνωντο
1832 1784 1976 1865 πρὸς
2019 1785 2105 1850 τὰ
2144 1786 2276 1865 ἱερὰ
2319 1789 2408 1865 μὴ
2447 1777 2692 1852 τιθέναι

289 1892 388 1957 διὰ
445 1893 518 1959 τὸ
571 1890 1045 1975 ὁμωρόφους
1095 1888 1392 1971 γενέσθαι
1445 1893 1530 1972 τῷ
1582 1890 1816 1975 ’Opis-p.

376 2103 737 2191 Postquam
803 2101 1052 2170 Chorus
1115 2100 1284 2167 dixit
1338 2099 1635 2167 Orestem
1702 2100 2093 2167 interfecisse
2142 2107 2415 2168 matrem
2466 2124 2680 2182 suam,

288 2210 653 2301 interrogat
698 2209 996 2276 Minerva
1037 2208 1229 2274 Eum.
1281 2206 1447 2273 426:

753 2315 1015 2391 ἄλλης
1061 2313 1441 2393 ἀνάγκης
1492 2313 1527 2390 ἦ
1575 2336 1733 2386 τινος
1779 2313 1962 2395 τρέων
2008 2313 2220 2392 adnm

290 2421 478 2490 Nune
543 2443 796 2510 quoque
856 2424 1137 2509 primum
1201 2421 1539 2487 audiamus
1586 2421 1876 2487 editores.
1928 2419 2268 2487 Schutzius
2314 2423 2407 2488 ita
2458 2424 2684 2489 vertit:

294 2526 475 2594 Num
544 2553 685 2596 vero
743 2541 1008 2594 matrem
1070 2552 1183 2592 sua
1243 2540 1457 2616 sponte
1520 2530 1737 2593 occidit
1800 2551 1883 2592 an
1929 2551 2066 2594 vero
2112 2528 2273 2593 alius
2318 2532 2687 2595 necessitatis

293 2637 458 2701 ⁴iram
532 2640 753 2703 timens
773 2684 788 2713 ,
854 2636 914 2699 Ιι.
947 2659 994 2701 e.
1058 2659 1141 2699 an
1192 2638 1410 2723 potius
1470 2636 1816 2700 necessitate
1874 2635 2258 2723 compulsus,
2321 2638 2489 2722 quod
2546 2658 2685 2701 eum

296 2747 494 2810 caedis
557 2756 866 2810 auctorem
924 2743 1168 2807 haberet
1186 2790 1201 2818 ‚
1252 2744 1423 2806 cuius
1468 2743 1570 2805 ira
1595 2789 1614 2826 ‚
1662 2743 1787 2806 nisi
1822 2753 2275 2829 perpetrasset,
2323 2743 2381 2806 ei
2425 2744 2685 2807 verenda

297 2863 461 2914 esset.
561 2849 774 2939 Negat
837 2846 1199 2914 Dindorflus
1260 2848 1378 2912 hoc
1436 2849 1502 2911 in
1550 2847 1800 2933 verbis,
1849 2847 2391 2932 quemadmodum
2438 2847 2542 2913 edi
2587 2868 2685 2913 so-

295 2950 507 3035 leant,
555 2959 779 3021 inesse.
828 2954 1061 3030 Recte,
1107 2953 1353 3039 inquit,
1400 2952 1676 3018 Bothius
1719 2952 2060 3028 correxisse
2109 2953 2400 3018 videtur:
2447 2951 2682 3026 ἄλλαις

299 3061 632 3140 ἀνάγκαις.
726 3061 866 3148 Ego
910 3081 992 3126 ne
1036 3060 1156 3125 hoc
1201 3058 1461 3145 quidem
1510 3060 1668 3125 satis
1714 3057 2012 3147 intelligo
2057 3064 2122 3125 et
2163 3057 2414 3146 legam:

747 3167 995 3239 οὶλοὺς
1043 3164 1460 3244 ὥνοὶγκαις
1504 3165 1538 3242 ἤ
1586 3187 1746 3236 τινος
1792 3164 1973 3246 τρέων
2020 3163 2226 3244 κότον;

298 3271 358 3337 h.
386 3295 441 3339 e.
490 3279 712 3340 utrum
762 3275 1100 3339 necessitas
1148 3292 1228 3339 an
1273 3277 1487 3339 metus
1532 3293 1680 3338 eum
1728 3270 1946 3359 adegit
1982 3270 2062 3337 ad
2099 3272 2219 3338 hoc
2258 3273 2502 3338 facinus
2541 3293 2680 3359 per-

298 3377 714 3463 petrandum?
761 3378 927 3444 'I'um
966 3375 1212 3445 Chorus
1249 3383 1417 3445 recte
1452 3378 1820 3464 respondet:
1863 3382 1981 3442 ποῦ
2018 3377 2143 3458 γὰρ
2167 3384 2417 3444 τοσοῦτο
2442 3379 2677 3460 κέντρον

298 3486 371 3558 ὥς
409 3494 870 3567 μητροκτονεῖνς
920 3486 986 3551 h.
1012 3507 1063 3552 e.
1118 3484 1301 3552 nulla
1345 3485 1601 3552 nefandi
1648 3484 1880 3573 flagitii
1927 3488 2082 3553 satis
2125 3488 2295 3573 justa
2334 3506 2524 3554 causa
2562 3493 2677 3554 est.

383 3701 655 3791 Legitur
698 3702 767 3765 in
814 3695 1045 3766 Codice
1089 3697 1280 3763 Eum.
1331 3696 1494 3764 429:

657 3806 808 3871 ἀλλ’
854 3801 1019 3884 ὁρκον
1066 3807 1131 3872 οὐ
1179 3802 1416 3882 δέξαιτ’
1466 3802 1544 3871 ἄν
1590 3805 1672 3870 οὖ
1717 3804 1920 3870 δοῦναι
1968 3803 2240 3892 θέλει,

302 3913 404 3978 sed
441 3914 607 4000 quod
649 3932 1080 3979 correxeram:
1125 3904 1201 3975 ὃν
1240 3912 1444 3977 δοῦναι
1483 3909 1733 3995 θέλω,
1759 3932 1896 3978 sero
1918 3914 2102 3990 veni,
2127 3933 2276 3979 nam
2298 3935 2466 3981 nunc
2489 3915 2676 3984 video

302 4025 438 4087 ante
483 4039 592 4085 me
636 4018 807 4084 idem
856 4020 987 4083 iam
1036 4016 1348 4103 placuisse
1392 4016 1822 4084 Herwerdeno
1868 4023 1933 4083 et
1979 4023 2125 4084 ante
2171 4017 2673 4088 Herwerdenum

306 4124 584 4193 Ahrenti.
612 4122 975 4191 Dindorfius
999 4124 1237 4190 edidit:
1267 4125 1331 4189 εἰ
1372 4124 1576 4190 δοῦναι
1602 4122 1752 4190 θέλ
1773 4147 1835 4189 οι
1856 4149 1905 4203 ν,
1932 4145 2135 4210 neque
2158 4127 2449 4192 animum
2474 4133 2676 4195 atten-

305 4230 425 4312 dit,
466 4230 619 4320 quid
660 4233 746 4297 sit
783 4230 950 4317 apud
977 4229 1248 4297 Graecos
1270 4226 1434 4310 ὅρκον
1457 4229 1682 4296 διδόναι
1709 4236 1774 4297 et
1795 4237 2119 4317 praeterea
2140 4234 2303 4298 mire
2327 4232 2677 4303 delectatur

311 4341 604 4423 optativis
640 4340 709 4403 in
747 4361 829 4403 οιν
852 4387 870 4424 ,
917 4339 1029 4423 qui
1073 4337 1241 4402 mihi
1282 4336 1470 4404 valde
1515 4338 1792 4424 suspecti
1842 4341 2008 4403 sunt.
2104 4337 2534 4430 Etymologus
2579 4347 2676 4410 est

322 4462 379 4530 p.
425 4444 577 4513 764.
630 4442 753 4522 52,
801 4446 913 4529 qui
958 4446 1238 4511 servavit
1280 4443 1610 4540 Euripidis
1656 4445 2005 4510 senarium:
2054 4440 2265 4527 ἄφρων
2314 4444 2391 4511 ἂν
2437 4445 2562 4526 εἵην
2610 4450 2675 4516 εἷ
