3192 5017
573 284 704 347 274
1593 300 1949 345 atnzpwn.

577 473 798 537 haereo
865 496 974 535 nec
1039 473 1228 547 novis
1288 493 1476 556 quam
1545 476 1927 536 sententiam
1988 472 2421 538 Weckleinius
2473 471 2805 557 amplexus
2847 474 2931 533 sit.

573 577 874 642 voluitne
934 579 1194 644 omnino
1252 600 1484 665 negare
1547 578 1829 644 Bacchas
1889 578 2175 645 fabulam
2241 599 2367 664 qua
2437 580 2685 642 utimur
2754 582 2935 642 ortam

573 687 770 750 fuisse
832 706 867 749 e
930 685 1200 749 duarum
1269 685 1629 750 fabularum
1694 687 2231 751 contaminatione
2290 706 2372 750 an
2418 684 2537 750 hoc
2582 683 2794 750 solum
2836 702 2937 747 non

572 791 900 869 concedit,
975 791 1348 876 Euripidem
1421 795 1739 858 iuniorem
1808 794 2041 864 filinae.
2120 795 2231 877 qui
2288 794 2499 877 patrui
2564 789 2939 878 tragoediam

572 900 914 962 correxerit
980 906 1044 961 et
1107 896 1534 962 recensuerit?
1630 897 1799 963 Illud
1860 912 2075 964 tamen
2122 900 2335 985 magis
2382 898 2801 978 crediderim,
2844 896 2944 959 hoc

576 1113 874 1196 reperiri3
939 1130 1252 1194 nusquam
1318 1124 1486 1175 certe
1548 1118 1863 1195 quantum
1931 1114 2201 1178 memini
2264 1110 2487 1176 eodem
2538 1113 2843 1184 recurrit,
2887 1114 2947 1170 ut

575 1216 894 1305 significet
940 1216 1093 1301 quid
1143 1218 1268 1281 sibi
1315 1217 1394 1281 de
1440 1237 1515 1282 ea
1558 1218 1927 1302 quaestione
1976 1218 2287 1281 videatur.
2380 1216 2671 1282 Mil-abor
2721 1226 2947 1291 tamen,

577 1323 632 1387 si
679 1320 1174 1388 Middendorfius
1224 1321 1592 1387 adulescens
1638 1326 1707 1386 in
1755 1323 2195 1389 dissertatione
2241 1325 2604 1388 academica
2644 1328 2781 1387 tam
2822 1320 2951 1386 sub-
3080 1282 3081 1295 ἵ

575 1431 669 1494 ito
705 1442 770 1493 et
810 1429 1014 1493 tribus
1049 1429 1258 1493 verbis
1295 1427 1639 1494 Herculem
1682 1428 2017 1518 profligare
2052 1432 2362 1514 potuerit,
2406 1432 2541 1494 imo
2564 1428 2951 1494 Boeckhium

579 1535 756 1600 volui
805 1535 1032 1599 dicere.
1127 1533 1364 1600 Scribit
1417 1534 1520 1598 hic
1569 1538 1637 1598 in
1675 1534 1997 1618 praeclaro
2042 1534 2242 1611 libro,
2291 1537 2401 1619 qui
2450 1533 2665 1619 plures
2706 1535 2954 1600 fortasse
3046 1556 3083 1603 ‚¹

581 1641 840 1706 baberet
885 1639 1188 1723 lectores,
1235 1642 1358 1704 nisi
1405 1641 1592 1705 hodie
1639 1644 1706 1704 in
1753 1639 2099 1705 Germania
2144 1646 2311 1705 certe
2359 1643 2515 1704 satis
2552 1661 2695 1705 raro
2741 1641 2956 1705 dicere-

579 1756 685 1811 tur
729 1747 1024 1833 reperiri,
1073 1746 1436 1811 Boeckhius
1485 1750 1687 1833 igitur
1724 1747 1947 1811 scribit
1988 1768 2047 1832 p.
2096 1745 2265 1811 298:
2319 1749 2571 1823 „nescio
2614 1768 2697 1811 an
2724 1748 2956 1837 remitti

581 1854 806 1918 debeat
854 1851 1093 1936 aliquid
1143 1874 1182 1917 a
1225 1857 1564 1917 severitate
1612 1852 2222 1917 demonstrationum
2266 1853 2333 1917 in
2376 1875 2441 1917 re
2480 1860 2623 1937 post
2663 1854 2957 1919 hactenus

580 1959 752 2024 dicta
801 1957 1113 2044 probabili
1161 1961 1358 2023 etiam
1407 1955 1584 2022 nullo
1634 1957 1829 2022 allato
1878 1957 2316 2045 argumento.”
2409 1959 2525 2023 Est
2575 1959 2737 2025 haec
2776 1959 2957 2024 ironia

581 2066 890 2148 quaedam
941 2066 1186 2130 viribus
1230 2064 1363 2129 suis
1411 2063 1807 2128 confidentis.
1856 2063 1953 2128 Ne
1996 2066 2083 2128 sit
2134 2070 2457 2129 assecutus
2495 2064 2663 2149 quod
2710 2066 2957 2150 probare

585 2174 868 2235 instituit-
931 2171 1009 2236 de
1053 2170 1362 2255 Euripide
1411 2172 1693 2245 minore,
1742 2169 1851 2234 sed
1898 2168 2065 2233 illud
2112 2178 2281 2234 certe
2326 2168 2683 2235 luculenter
2737 2173 2953 2243 evicit,

587 2298 661 2342 ea
709 2297 869 2362 quae
916 2276 1104 2341 hodie
1151 2284 1294 2362 post
1341 2275 1635 2341 lacunam
1685 2274 1991 2363 leguntur
2036 2276 2184 2341 inde
2231 2298 2269 2342 a
2316 2298 2502 2342 versu
2556 2274 2737 2341 133.)
2766 2326 2782 2354 ,
2832 2297 2955 2362 per-

583 2404 797 2467 peram
849 2404 992 2447 cum
1046 2382 1478 2467 superioribus
1523 2381 1967 2469 conglutinata
2014 2381 2229 2445 fuisse.
2328 2382 2510 2446 Nihil
2556 2382 2823 2448 valeant
2874 2402 2958 2447 ar·

580 2494 927 2577 gumenta‚
976 2508 1139 2573 quae
1187 2487 1546 2553 Boeckhius
1591 2494 1737 2552 ante
1782 2486 2029 2572 reliqua
2077 2489 2143 2551 in
2185 2489 2385 2552 aciem
2425 2487 2669 2557 eduxit.
2717 2489 2957 2556 etiamsi

582 2595 742 2660 mihi
783 2595 1041 2678 quidem
1084 2597 1352 2658 minime
1384 2594 1843 2659 contemnenda
1867 2593 2165 2679 pleraque
2189 2614 2323 2659 esse
2349 2595 2708 2672 videantur,
2740 2596 2849 2663 sed
2872 2594 2960 2659 fir·

583 2722 762 2766 mum
806 2699 969 2766 illud
1013 2707 1146 2784 est,
1187 2699 1354 2785 quod
1391 2702 1596 2785 coepit
1631 2701 2059 2764 demonstrare
2084 2720 2144 2784 p.
2173 2699 2299 2764 321
2331 2700 2408 2766 de
2431 2698 2658 2767 Cadmi
2686 2722 2955 2787 persona.

585 2806 906 2873 Nonnulla
953 2807 1216 2872 fortasse
1257 2806 1445 2891 paulo
1483 2805 1672 2871 aliter
1710 2808 2092 2871 constituere
2131 2809 2518 2892 poterimus,
2563 2829 2777 2893 neque
2816 2806 2960 2874 nihil

582 2921 676 2980 est
738 2915 908 2999 quod
953 2922 1166 2979 nostra
1214 2933 1314 2979 ars
1361 2913 1626 2998 profecit
1672 2932 1785 2996 per
1831 2932 2026 2976 annos
2072 2910 2383 2995 LXXIV,
2432 2913 2542 2976 sed
2589 2914 2669 2978 de
2718 2933 2961 2981 summa

583 3022 673 3086 rei
723 3042 845 3086 non
894 3021 1219 3085 dissentio.
1268 3018 1412 3083 Non
1451 3019 1767 3105 gravabor
1804 3018 2187 3094 describere,
2232 3038 2393 3102 quae
2431 3018 2594 3082 mihi
2637 3023 2961 3086 verissime

585 3130 758 3194 dicta
820 3127 1136 3192 videntur.
1230 3124 1444 3210 Usque
1506 3124 1585 3190 ad
1635 3146 1729 3188 vs.
1785 3122 1979 3207 1330,
2029 3124 2140 3187 ubi
2185 3123 2414 3190 lacuna
2460 3131 2593 3201 est,
2646 3124 2962 3203 „Cadmus

585 3234 737 3310 est”,
794 3235 1041 3318 inquit,
1096 3234 1280 3317 „pius
1324 3232 1527 3296 divini
1577 3230 1826 3315 nepotis
1874 3238 2237 3307 venerator,
2284 3251 2475 3316 quem
2520 3252 2730 3317 neque
2779 3234 2959 3300 imbe-

583 3339 736 3406 cilla
798 3360 980 3405 crura
1039 3359 1154 3404 nec
1215 3339 1356 3403 cani
1401 3335 1619 3422 capilli
1666 3336 2014 3411 retineant,
2060 3339 2400 3422 quominus
2445 3337 2679 3404 hedera
2729 3343 2961 3405 cinctus

589 3448 933 3534 thyrsoque
1001 3447 1351 3510 instructus
1416 3445 1597 3530 orgia
1658 3441 1951 3508 celebret.
2047 3443 2283 3509 Bacchi
2329 3464 2569 3509 numen
2634 3465 2674 3509 a
2731 3444 2960 3512 Cadmo

586 3554 839 3642 agnosci
905 3554 971 3616 in
1032 3548 1296 3636 prolog-o
1358 3549 1594 3615 fatetur
1640 3552 1775 3634 ipse
1823 3549 1978 3614 deus
2024 3571 2118 3615 vs.
2171 3548 2295 3633 30,
2343 3549 2422 3614 cf.
2473 3551 2801 3634 imprimis
2849 3571 2959 3615 vss.

590 3655 969 3724 198—209.
1024 3659 1325 3721 Attamen
1372 3675 1571 3740 quum
1624 3652 1906 3720 Cadmus
1948 3657 2042 3719 ita
2085 3654 2298 3719 insons
2343 3661 2542 3729 esset,
2597 3663 2669 3721 ut
2716 3659 2783 3721 in
2822 3677 2955 3722 eum

585 3767 976 3832 coniceretur
1036 3760 1226 3847 culpa
1288 3762 1534 3827 inventi
1596 3763 1944 3826 commenti
2008 3760 2085 3826 de
2148 3759 2376 3826 Bacchi
2427 3761 2805 3836 divinitate,
2856 3762 2957 3827 fati

586 3871 890 3937 severitas
950 3868 1350 3954 postulabat,
1411 3872 1486 3931 ut
1532 3887 1659 3931 una
1706 3887 1852 3931 cum
1906 3869 2126 3952 impiis
2172 3865 2427 3932 filiabus
2473 3874 2538 3932 et
2584 3890 2732 3935 cum
2778 3872 2954 3935 sacri·

585 3980 731 4065 lego
777 3984 1003 4061 nepote
1047 3973 1331 4038 Pentheo
1371 3974 1492 4057 (vs.
1536 3972 1623 4035 26
1663 3974 1825 4057 sqq.)
1865 3972 2097 4058 periret
2137 3977 2318 4057 pater
2357 3979 2423 4037 et
2460 3992 2619 4040 avus
2661 3977 2953 4063 sanguine

585 4086 993 4150 coniunctust
1057 4100 1258 4166 neque
1321 4099 1469 4144 vero
1531 4078 1687 4144 haec
1752 4099 1951 4164 poena
2010 4084 2141 4162 est,
2206 4078 2315 4143 sed
2360 4080 2451 4143 ita
2498 4077 2677 4167 leges
2722 4082 2951 4146 iubent.

585 4189 682 4256 Cf.
730 4187 961 4256 Cadmi
1009 4189 1211 4274 ipsius
1259 4185 1450 4251 verba
1497 4205 1591 4250 vs.
1654 4183 1818 4249 1301
1871 4204 2043 4270 sqq:

1037 4293 1259 4371 rotyap
1304 4289 1538 4369 ξυνῆψε
1587 4291 1838 4362 πάντας
1889 4292 1947 4362 ἐς
1996 4293 2151 4369 μίαν
2198 4288 2496 4368 βλάβην,

1041 4399 1202 4474 ὑμᾶς
1254 4421 1322 4461 τε
1364 4395 1534 4460 τόνδε
1583 4394 1669 4474 θ’,
1719 4394 1833 4464 {ss-s
1884 4394 2151 4461 διολέσαι
2201 4394 2418 4473 δόμους
