3192 5017
1398 279 1731 329 nummus.
2671 258 2753 324 35

467 449 723 537 Fragm.
794 448 900 513 60.
965 443 1030 522 ἦν
1096 447 1156 513 δὲ
1221 452 1469 528 ἡγεμὼν
1530 460 1640 525 τῆς
1692 453 2004 532 θεοφιλοῦς
2057 452 2158 516 καὶ
2211 461 2464 517 eelAc
2515 449 2750 528 μερίδος

378 556 700 635 Φράβιθος.
796 556 1214 642 Perspicuum
1281 563 1375 622 est
1440 561 1711 623 'oclAc
1775 561 1962 624 scribi
2014 566 2331 644 oportere,
2384 558 2544 642 quod
2595 556 2749 621 olim

376 663 540 727 vidit
584 661 1034 750 Wyttenbach.
1074 666 1180 727 sed
1218 663 1585 750 neglectum
1625 671 1740 730 est.
1785 663 2102 731 Confundi
2131 674 2384 730 OClOC
2410 674 2473 730 et
2497 672 2751 728 ΘΕΙΟΕ

376 768 602 834 multis
649 789 833 854 saepe
882 768 1192 854 exemplis
1238 770 1652 835 ostendimus.

461 977 617 1051 Post
672 998 872 1062 pauca
919 977 995 1042 de
1043 977 1259 1043 eodem
1313 978 1565 1043 scribit:
1617 979 1780 1051 θεοὺς
1829 979 2135 1058 ὡμολόγει
2187 978 2536 1058 θεραπεύειν
2583 977 2754 1042 κατὰ

371 1085 474 1147 τὸν
545 1085 806 1162 άρχαῖον
876 1082 1092 1161 τρόπον
1161 1083 1265 1147 καὶ
1339 1084 1627 1159 οὐδεμίαν
1692 1086 1884 1158 ὑπέςή
1954 1086 2187 1151 πλάσιν
2236 1087 2292 1157 ἐς
2342 1084 2596 1158 άπάτήν
2647 1081 2751 1147 καὶ

376 1188 792 1268 διακράτήσιν.
889 1189 1074 1254 Nihil
1136 1198 1232 1255 est
1294 1190 1690 1266 διακράτήσιν
1737 1214 1941 1277 neque
1990 1192 2367 1272 διακρότήσιν
2414 1196 2579 1256 recte
2628 1211 2758 1254 cor-

374 1304 619 1361 rectum
671 1303 781 1362 est.
835 1294 1097 1383 Corrige
1143 1295 1550 1377 διάκρΟΤσιν.

460 1506 637 1573 Idem
685 1508 961 1593 Eunapii
1008 1506 1183 1573 locus
1229 1513 1292 1573 et
1337 1509 1404 1573 in
1451 1509 1658 1591 capite
1704 1510 1777 1573 de
1822 1508 2243 1589 heyationibm
2289 1507 2530 1593 legitur
2573 1510 2638 1571 et
2685 1508 2750 1569 in

369 1616 575 1698 capite
639 1615 714 1678 de
769 1614 1106 1678 Sententiis.
1205 1612 1490 1699 Apparet
1549 1614 1756 1700 igitur
1801 1613 2122 1679 embiema
2168 1634 2281 1678 nos
2329 1611 2640 1677 ludificari
2688 1613 2754 1675 in

368 1721 602 1807 fragm.
655 1720 761 1796 60,
813 1722 925 1787 ubi
964 1719 1338 1807 legendum:
1397 1715 1661 1796 ,,οἶνος
1704 1720 1838 1784 καὶ
1883 1720 2275 1794 άλήθεια”
2315 1723 2420 1784 τοῦ
2468 1717 2755 1782 Διονύσου

370 1828 475 1889 καὶ
547 1828 687 1890 τότε
762 1825 1051 1906 ῥήξαντος
1115 1827 1245 1890 κτὲ.
1342 1825 1531 1891 Nunc
1596 1828 1762 1891 inter
1824 1831 1929 1890 τοῦ
1999 1826 2288 1891 Διονύσου
2347 1833 2411 1890 et
2459 1825 2562 1888 καὶ
2611 1824 2751 1889 τότε

370 1932 610 2021 legitur
671 1932 913 1999 insulsa
977 1933 1529 1999 annotatiuncula:
1595 1931 1682 1995 διὸ
1748 1931 1851 1995 καὶ
1916 1932 2016 1996 τὸν
2079 1932 2201 1995 θεὸν
2253 1930 2497 2002 εἰκότως
2546 1938 2757 1994 λυαῒον

370 2044 661 2104 καλοῦσιν
722 2041 797 2110 ὡς
845 2043 910 2104 οὐ
959 2039 1135 2117 μόνον
1185 2039 1516 2104 διαλύοντα
1565 2039 1682 2111 τὰς
1733 2038 1942 2110 λύπας
1992 2040 2162 2103 άλλά
2217 2039 2320 2103 καὶ
2369 2041 2438 2104 τὸ
2489 2038 2753 2115 ςεγανὸν

368 2152 485 2211 τῶν
556 2146 903 2223 ἀπορρήτων
966 2144 1302 2222 διαχέοντα
1376 2145 1478 2208 καὶ
1556 2144 2130 2210 διακαλύπτοντα”
2198 2166 2358 2228 quae
2427 2146 2641 2208 omnia
2687 2145 2752 2207 in

369 2252 577 2337 capite
633 2253 708 2315 de
770 2250 1192 2332 Leqationibus
1255 2253 1494 2315 omissa
1537 2256 1722 2326 sunt,
1770 2252 2004 2335 quibus
2068 2253 2399 2336 expunctis
2446 2247 2615 2313 male
2660 2249 2753 2313 di·

372 2359 507 2424 visa
553 2357 949 2423 coalescunt:
998 2362 1103 2420 τοῦ
1155 2356 1441 2421 Διονύσου
1491 2357 1592 2421 καὶ
1643 2356 1785 2420 τότε
1831 2357 2121 2439 ῥήξαντος
2170 2357 2296 2421 κτὲ.

462 2568 590 2635 Cur
650 2590 932 2655 premam
995 2571 1455 2654 suspicionem,
1519 2590 1680 2655 quae
1737 2569 1898 2634 mihi
1946 2574 2232 2634 animum
2284 2570 2457 2634 subit
2502 2570 2748 2654 quoties

372 2674 581 2764 relego
640 2678 1073 2762 fragmentum
1138 2674 1224 2740 63
1286 2676 1397 2741 ubi
1460 2673 1679 2740 Rufini
1739 2674 1973 2740 scelera
2021 2680 2512 2740 commemorat:
2562 2673 2666 2737 καὶ
2718 2674 2745 2737 ὁ

369 2782 756 2858 ἀδικούμενος
824 2782 1138 2857 ήδικεῒΤΟ
1204 2790 1382 2846 TOT
1448 2773 1793 2852 ἀδικοῦντος
1843 2781 2157 2859 κρίνοντος.
2254 2780 2527 2864 Requiro
2576 2782 2746 2844 euim

368 2890 396 2954 ὅ
461 2889 852 2966 άδικούμενος
917 2889 1137 2963 ήδίκΕΙ
1202 2894 1308 2952 τοῦ
1374 2887 1719 2957 ἀδικοῦντος
1788 2886 2112 2965 κρίνοντος,
2181 2892 2309 2949 etat
2359 2908 2474 2968 pro
2538 2890 2746 2967 noa-ia,

368 2997 597 3060 ἀδικεῖν
669 2995 896 3063 ἐδόκει.
972 2994 1139 3079 quod
1208 2992 1418 3059 multo
1480 2995 1689 3059 acrius
1750 2993 2103 3060 dicituret
2165 2994 2511 3057 animosius
2561 2991 2747 3064 ἠδίκει

368 3108 580 3166 noxius
627 3110 759 3166 erat
803 3102 1007 3186 iniqui
1057 3100 1286 3165 iudicis
1333 3100 1658 3165 sententia.
2583 3100 2590 3107 ’

465 3314 718 3402 Fragm.
788 3313 895 3380 63.
960 3316 1009 3378 οἱ
1059 3313 1319 3385 κόλακες
1368 3313 1511 3392 χθὲς
1565 3314 1671 3376 καὶ
1727 3311 1922 3393 πρῴήν
1973 3310 2350 3389 Δεδρακότες
2397 3318 2503 3377 τοῦ
2554 3336 2754 3387 καπη-

374 3423 538 3487 λείου
586 3420 689 3486 καὶ
739 3425 845 3484 τοῦ
893 3422 1001 3484 τοὶ·
1017 3418 1224 3497 βάθρα
1265 3418 1590 3482 καλλύνειν
1631 3418 1736 3483 καὶ
1776 3418 2085 3491 τοῦδαφος
2125 3426 2334 3496 κορεῖν.
2384 3418 2753 3505 Legendum

376 3528 974 3604 ἈΠΟδεδρακότες,
1025 3547 1173 3590 nam
1222 3524 1515 3602 διδράσκω
1564 3545 1687 3591 non
1737 3532 1833 3590 est
1880 3528 1945 3588 in
1997 3546 2132 3589 usu.
2183 3525 2255 3588 ln
2307 3524 2567 3609 reliquis
2611 3524 2753 3589 flos-

370 3636 586 3702 culum
648 3657 723 3699 ex
774 3633 1197 3699 Demosthene
1246 3633 1556 3717 decerpsit
1602 3654 1731 3719 pag
1797 3630 1951 3696 314.
2010 3631 2108 3696 11.
2159 3632 2227 3695 τὸ
2274 3631 2477 3708 μέλαν
2524 3632 2750 3709 τρίβων

371 3742 469 3809 xx)
531 3743 616 3806 τά
678 3739 884 3819 βάθρα
950 3739 1307 3820 σπογγίζων
1355 3740 1459 3803 καὶ
1507 3739 1576 3802 τὸ
1627 3738 2089 3816 παιδαγωγεῖον
2140 3745 2336 3818 κορῶν.
2387 3739 2496 3804 sed
2545 3738 2750 3803 Euna-

369 3852 513 3934 pius
561 3847 1019 3932 discipulorum
1068 3847 1352 3909 subsellia
1398 3848 1465 3909 in
1513 3844 1859 3929 cauponam
1912 3844 2164 3909 detulit.

462 4060 785 4146 Ambigue
847 4056 1091 4121 dictum
1156 4063 1251 4121 est
1311 4059 1378 4120 in
1442 4056 1701 4144 Fragm.
1772 4054 1878 4120 66.
1939 4054 1989 4120 οἱ
2052 4057 2164 4132 μὲν
2212 4057 2389 4129 μῦθοί
2432 4061 2594 4135 Φασι
2644 4055 2752 4127 τὴν

374 4165 641 4244 Γοργόνα
711 4171 1021 4245 Φανεῖσαν
1071 4199 1149 4208 -·
1190 4165 1330 4234 τοὺς
1400 4162 1639 4234 ἰδόντας
1710 4160 2150 4239 μεταβάλλειν
2213 4162 2294 4232 εἷς
2361 4162 2561 4237 λίθον,
2612 4162 2638 4224 ὂ
2690 4160 2752 4225 δὲ

375 4271 514 4336 καθ’
569 4274 734 4347 ήμὶὶς
781 4270 916 4348 βίος
967 4269 1143 4347 λῆρόν
1189 4293 1328 4332 τινα
1377 4268 1659 4349 περιττὸν
1706 4266 1812 4332 καὶ
1853 4268 2188 4347 Φλήναφον
2237 4268 2340 4332 τὸν
2374 4268 2558 4344 μῦθον
2598 4269 2751 4333 άπέ-

377 4377 582 4457 δειξεν.
682 4376 823 4442 Non
870 4375 1231 4463 significant
1281 4376 1469 4451 baec,
1520 4382 1592 4439 ut
1640 4375 1969 4461 interpreti
2014 4373 2303 4443 videtur:
2356 4376 2502 4450 „secl
2545 4381 2744 4438 nostra
