3192 5017
1395 329 1633 380 mvms.
2579 296 2709 370 437

329 512 473 576 ταῖς
535 504 826 586 ἐκχωρεῖν
888 502 956 581 ἐξ
1019 506 1324 577 Ἰταλίας.
1417 504 1891 570 Denunciatum
1953 504 2010 569 ei
2075 507 2168 569 est
2233 521 2342 588 per
2386 518 2711 564 summam

333 610 797 677 contumeliam
862 617 934 677 ut
979 611 1191 677 media
1237 612 1449 676 hieme
1495 613 1662 675 intra
1708 616 1947 676 certam
1996 610 2168 675 diem
2215 606 2406 674 Italia
2449 605 2711 671 excede·

330 722 447 781 ret.
521 715 690 796 Quid
754 722 933 783 tanta
992 717 1347 805 ignominia
1408 717 1679 805 dignum
1742 713 2191 783 commiserat?
2256 713 2525 798 Svaepicio
2585 716 2715 775 erat

329 845 446 888 non
505 822 911 905 improbabilis
975 823 1241 910 (ὑποψία
1314 825 1419 888 οὐκ
1485 823 1807 909 ἀπίθανος)
1874 842 2024 888 eum
2087 818 2498 887 Macedonico
2545 815 2714 882 bello

331 931 580 994 medium
648 935 830 1012 eyisse
896 928 1197 1017 (πλάγιον
1262 930 1640 1017 γεγονέναι).
1732 930 1967 1015 Ecquis
2028 951 2173 995 eum
2236 947 2548 1012 umquam
2595 925 2716 990 hoc

335 1036 599 1102 crimine
647 1035 1099 1122 compellavit?
1146 1036 1353 1103 Nemo
1393 1036 1642 1120 hercle,
1687 1037 1794 1102 sed
1835 1036 2153 1102 insidebat
2191 1035 2258 1100 id
2282 1034 2717 1100 Romanorum

334 1145 567 1210 animis
613 1146 724 1228 qui
771 1164 973 1228 neque
1021 1144 1235 1209 doceri
1285 1164 1489 1228 neque
1537 1143 1707 1209 flecti
1753 1149 2024 1228 possent.
2074 1141 2303 1228 Polyb.
2345 1139 2563 1205 XXX.
2597 1136 2717 1202 17:

333 1251 607 1316 Romani
688 1249 1180 1329 διαβεβλημένοι
1262 1252 1406 1329 πρὸς
1476 1249 1667 1314 αὐτὸν
1739 1250 2152 1334 (Eumenem)
2220 1249 2323 1312 καὶ
2393 1245 2716 1324 διαλήψεις

329 1355 748 1433 ἀμεταθέτους
799 1356 1048 1436 ἔχοντες
1102 1357 1209 1420 οὐκ
1259 1357 1583 1435 ἐβούλοντο
1632 1359 1775 1421 κατ’
1824 1355 2036 1420 οὐδένα
2082 1353 2299 1435 τρόπον
2351 1350 2718 1433 ἐμφανίζειν

332 1462 609 1533 ἑαυτούς.
702 1461 886 1536 Quod
934 1468 1148 1527 autem
1200 1460 1646 1528 fidelissimum
1698 1460 1854 1528 olim
1903 1464 2146 1527 socium
2196 1466 2384 1544 atque
2431 1459 2717 1523 amicum

333 1576 465 1634 tam
530 1570 838 1655 insignita
899 1569 1287 1634 contumelia
1350 1569 1690 1634 affecerunt
1751 1571 1887 1633 eius
1949 1570 2043 1633 rei
2108 1587 2362 1633 causam
2409 1563 2722 1650 Polybius

335 1676 537 1761 aperit
583 1673 788 1739 XXX.
844 1675 948 1741 17.
996 1676 1381 1741 imminebat
1427 1674 1738 1740 Eumenis
1787 1695 1982 1761 regno
2030 1694 2227 1761 grave
2275 1670 2634 1758 periculum
2684 1689 2723 1734 a

331 1778 572 1849 Gallis:
621 1783 836 1866 itaque
882 1783 1189 1863 προφανὲς
1244 1776 1309 1855 ἦν
1360 1780 1450 1847 ὅτι
1499 1782 1600 1847 δια
1645 1782 1746 1847 τὸν
1786 1781 2222 1858 σκυβαλισμὸν
2259 1782 2473 1844 τοῦτον
2514 1779 2721 1863 (prop-

333 1893 427 1952 ter
488 1887 651 1952 hanc
714 1888 1197 1977 contumeliam)
1263 1890 1314 1954 οἱ
1363 1888 1475 1966 μὲν
1525 1893 1631 1952 τοῦ
1680 1886 1991 1965 βασιλέως
2041 1885 2371 1965 σύμμαχοι
2422 1905 2721 1949 ταπεινω-

335 1992 617 2068 θήσονται
683 1992 952 2079 πάντες,
1017 1997 1067 2060 οἱ
1134 1996 1195 2061 δὲ
1255 1994 1546 2061 Γαλάται
1599 1994 1939 2066 διπλασίως
1990 1993 2525 2074 ἑπιρρωσθήσονται
2573 1990 2721 2069 πρὸς

334 2099 436 2164 τὸν
498 2100 791 2179 πόλεμον.
858 2101 941 2168 διὸ
1007 2101 1212 2184 πάντη
1274 2100 1520 2174 παντως
1578 2102 1941 2180 βουλόμενοι
2004 2104 2336 2166 ταπεινοῦν
2385 2098 2573 2163 αὐτὸν
2618 2095 2720 2161 ἐπὶ

332 2207 568 2280 ταύτην
612 2207 1083 2288 κατηνέχθησαν
1129 2212 1239 2285 την
1287 2210 1561 2286 γνώμην.
1610 2208 1992 2274 Poterantne
2039 2205 2339 2294 perfidius
2388 2226 2581 2291 quam
2630 2205 2722 2268 sic

341 2310 569 2401 agere?
637 2314 1122 2381 Eiusdemmodi
1180 2322 1275 2382 est
1337 2316 1505 2401 quod
1567 2314 1953 2381 nobilissimi
2018 2315 2140 2381 viri
2205 2313 2440 2399 (ἄνδρες
2493 2314 2724 2392 ἐπιφα-

341 2421 486 2506 νεῖς)
548 2420 843 2486 Attalum
891 2421 1052 2487 clam
1104 2424 1495 2511 instigarunt
1542 2427 1618 2487 ut
1663 2422 1915 2488 favente
1970 2427 2193 2486 senatu
2241 2420 2424 2485 fratri
2476 2424 2724 2505 partem

338 2528 520 2613 regni
589 2529 899 2612 eriperet,
964 2526 1300 2605 βούλεσθαι
1373 2529 1498 2609 γὰρ
1571 2530 1741 2609 αὐτῷ
1802 2528 1913 2602 την
1973 2526 2327 2604 σύγκλητον
2398 2549 2726 2603 συγκατα-

339 2630 655 2712 σκευάζειν
727 2634 881 2698 ἰδίαν
954 2634 1154 2716 ἀρχὴν
1216 2634 1320 2700 καὶ
1387 2633 1712 2703 δυναςείαν
1764 2633 1863 2697 διὰ
1930 2635 2039 2708 την
2103 2630 2553 2712 ἀλλοτριότητα
2616 2633 2726 2705 τὴν

341 2739 484 2819 πρὸς
534 2740 634 2804 τὸν
684 2738 980 2822 ἀδελφόν.
1030 2741 1261 2828 Polyb.
1308 2740 1558 2806 XXXI.
1619 2740 1679 2805 1.

430 2844 703 2911 Difficile
764 2852 863 2911 est
909 2868 1388 2933 nonnumquam
1439 2847 1763 2914 Romanos
1809 2845 1989 2911 illius
2041 2847 2267 2911 aetatis
2312 2866 2435 2910 non
2486 2845 2727 2910 odisse:

342 2954 409 3017 in
458 2951 627 3018 bello
671 2955 864 3018 etiam
901 2955 968 3018 in
1010 2957 1209 3021 socios
1246 2961 1310 3019 et
1351 2954 1588 3020 amicos
1628 2957 1777 3017 sunt
1819 2951 2140 3036 crudeles,
2180 2953 2393 3028 avari,
2436 2952 2722 3036 superbi3

337 3061 403 3123 in
466 3060 645 3122 curia
710 3057 888 3135 salsi,
954 3060 1276 3145 duplices,
1328 3058 1718 3125 fraudulenti
1770 3064 1835 3123 et
1880 3055 2123 3143 perfidi.
2171 3056 2330 3122 laeti
2377 3077 2728 3122 succresce-

340 3166 491 3230 bant
536 3163 695 3229 mali
746 3183 985 3229 mores:
1040 3168 1339 3233 iuventus
1384 3164 1643 3230 luxuria
1684 3163 2011 3229 diffluebat
2047 3184 2243 3248 eaque
2286 3182 2411 3228 non
2451 3162 2732 3250 eleganti

340 3276 403 3337 et
474 3271 747 3347 urbana,
823 3271 932 3336 sed
996 3271 1249 3337 sordida
1313 3279 1377 3336 et
1441 3292 1702 3357 spurca:
1767 3271 2039 3344 τοσαύτη
2104 3294 2195 3343 τις
2262 3270 2575 3334 ἀκολασία
2625 3268 2729 3333 καὶ

343 3375 687 3450 τηλικαύτη
745 3378 1147 3443 ἐνεπεπτώκει
1197 3377 1643 3443 ἕκτοπωτοίτων
1694 3377 1883 3458 ἔργων
1932 3387 2059 3449 τοῖς
2108 3376 2253 3449 νέοις
2303 3373 2418 3446 ὤςε
2465 3376 2731 3449 πολλοὺς

342 3484 458 3561 μὲν
515 3484 803 3562 ἐρώμενον
865 3484 1225 3563 ἡγορακέναι
1292 3485 1643 3569 ταλάντου,
1706 3485 1974 3556 πολλοὺς
2028 3484 2088 3549 δὲ
2137 3483 2397 3564 ταρίχου
2448 3481 2733 3563 κεράμιον

344 3589 694 3669 τριακοσίων
760 3590 1076 3671 δραχμῶν.
1142 3589 1251 3671 ἐφ’
1316 3585 1400 3664 οἷς
1466 3591 1571 3655 καὶ
1635 3588 1887 3671 Μάρκος
1939 3588 2149 3676 (Cato)
2197 3585 2337 3654 εἶπέ
2387 3613 2539 3655 ποτε
2587 3588 2732 3669 πρὸς

347 3695 448 3760 τὸν
509 3695 696 3773 δῆμον
761 3691 851 3760 ὅτι
916 3696 1139 3774 noim&
1205 3695 1282 3762 ἂν
1344 3695 1644 3761 κατίδοιεν
1705 3700 1814 3772 τὴν
1866 3697 1966 3761 ἐπὶ
2015 3705 2219 3778 χεῖρον
2271 3699 2574 3776 προκοπὴν
2621 3705 2734 3770 τῆς

346 3803 668 3876 πολιτείας
744 3801 810 3867 ἐκ
881 3803 1108 3869 τούτων
1174 3800 1322 3868 ὅταν
1389 3804 1767 3882 πωλούμενοι
1835 3813 2048 3869 πλεῖον
2112 3805 2455 3883 εὑρίσκωσιν
2515 3805 2566 3868 οἱ
2620 3804 2736 3882 μὲν

349 3912 673 3988 εὐπρεπεῖς
747 3910 972 3981 παῖδες
1039 3916 1155 3973 τῶν
1218 3912 1459 3990 ἀγρῶν,
1523 3913 1610 3975 τοὶ
1672 3910 1734 3976 δὲ
1803 3912 2071 3991 κεράμια
2135 3914 2242 3975 τοῦ
2305 3909 2569 3990 ταρίχου
2617 3915 2733 3974 τῶν

351 4015 771 4098 ζευγηλατῶν.
822 4014 1049 4102 Polyb.
1103 4015 1321 4083 XXX.
1372 4015 1477 4080 24.

440 4121 564 4202 Qui
639 4127 766 4185 tres
849 4122 1141 4206 deinceps
1213 4123 1499 4188 consules
1569 4144 1715 4188 cum
1788 4123 2017 4189 Perseo
2091 4122 2332 4189 bellum
2406 4127 2739 4211 gesserunt

356 4230 773 4315 imperatores
837 4236 1014 4292 erant
1074 4227 1263 4293 nihili
1313 4225 1387 4313 ¹),
1454 4229 1610 4295 belli
1677 4231 1962 4316 imperiti
2027 4236 2092 4295 et
2163 4230 2521 4307 temerarii,
2592 4231 2736 4313 qui-

422 4467 478 4531 1)
535 4464 825 4516 Plutarchus
880 4465 929 4515 in
986 4466 1142 4515 Paulo
1188 4465 1389 4515 Aemilio
1433 4481 1531 4533 cap.
1584 4465 1713 4515 VII:
1759 4465 1962 4517 Romani
2009 4460 2194 4529 Περσεῖ
2230 4491 2290 4499 -—·
2334 4466 2657 4529 πολεμοῦντες
2693 4467 2742 4515 ἐν
