3192 5017
1204 337 1596 388 Ausonum.
2497 319 2585 388 83

225 531 396 596 supra
457 508 794 595 Euripides
851 510 1098 575 dixerat
1157 509 1443 576 vetulam
1507 532 1646 577 eam
1705 508 2109 588 ἀνολολῦξαι,
2183 512 2250 575 in
2312 510 2589 577 eiulatus

224 619 513 702 erupisse,
556 615 914 681 ululatibus
951 616 1205 681 aethera
1246 599 1577 702 pulsasse(
1645 614 2024 682 Blomfieldo
2069 615 2254 683 ὕπνου
2295 617 2590 695 ἀντίμολ-

225 745 318 787 πον
354 721 501 796 ἄκος
550 724 908 788 remedium
957 728 1053 788 est
1091 723 1260 807 quod
1307 730 1526 789 contra
1572 743 1865 789 somnum
1916 723 2224 789 cantando
2267 722 2371 789 fit:
2422 725 2591 810 quod

224 829 458 894 etiamsi
520 848 670 894 vere
736 828 1003 913 dixerit,
1068 829 1274 894 nihilo
1338 835 1556 895 tamen
1603 831 1819 894 minus
1865 830 2207 897 obscurum
2257 835 2388 908 est,
2436 851 2591 915 quo·

222 934 391 1000 modo
456 937 679 1021 ipsum
759 931 904 1006 ἰὲκος
980 933 1230 999 dicatur
1296 936 1712 1013 ἀντίμολπον,
1784 956 1983 1021 quum
2045 956 2170 1001 non
2230 936 2588 1002 remedium

223 1047 546 1126 quaeratur
606 1046 825 1106 contra
869 1041 1125 1106 cantum
1146 1089 1165 1123 ,
1212 1040 1321 1106 sed
1370 1062 1448 1106 ex
1494 1048 1684 1107 cantu
1732 1042 2034 1108 adversus
2078 1063 2376 1108 somnum
2421 1049 2595 1128 peta·

219 1153 312 1212 tur
353 1148 735 1213 remedium.
784 1147 1000 1212 Aliam
1046 1149 1220 1212 viam
1270 1147 1652 1213 Karstenius
1698 1155 1793 1214 est
1840 1151 2192 1237 ingressus,
2241 1150 2591 1216 secundum

219 1274 391 1338 quem
453 1256 799 1342 genetivus
845 1250 1031 1319 ὕπνου
1077 1273 1203 1318 non
1252 1255 1485 1339 pendet
1532 1255 1612 1320 ab
1663 1253 1846 1331 ἄκος,
1895 1255 2003 1321 sed
2053 1256 2130 1320 ab
2178 1256 2592 1334 ἀντίμολπον·

216 1371 301 1426 est
365 1361 569 1433 idem,
642 1363 889 1445 inquit,
962 1360 1132 1446 quod
1192 1359 1331 1424 τόδε
1402 1369 1651 1436 μολπῆς
1715 1358 1860 1431 ἄκος
1923 1362 2060 1426 ἀντὶ
2112 1359 2328 1439 ὕπνου,
2380 1370 2593 1428 cautus

216 1467 453 1532 lenimen
498 1490 765 1534 somnum
813 1488 1203 1550 compensum.
1300 1465 1406 1532 Sic
1456 1469 1654 1533 etiam
1701 1465 1896 1553 Soph.
1946 1467 2171 1533 Trach.
2223 1467 2353 1533 640
2400 1471 2593 1534 αὐλοῦ

215 1573 495 1654 καναχὰν
544 1573 706 1639 dicit
752 1573 917 1645 θείας
967 1573 1282 1653 ἀντίλυρον
1336 1572 1600 1651 μούσας.
1693 1573 2010 1658 Equidem
2057 1574 2226 1641 hunc
2267 1574 2597 1661 Sophoclis

213 1679 414 1745 locum
480 1702 675 1767 quem
739 1679 1121 1745 Karstenius
1186 1679 1398 1763 affert,
1460 1682 1618 1745 satis
1679 1679 2007 1768 intelligo,
2071 1683 2170 1746 uti
2235 1688 2299 1747 et
2360 1685 2591 1771 Agam.

219 1785 368 1851 406:
433 1789 799 1868 ἀντίφερνον
866 1788 1026 1865 Ἰλίῳ
1089 1783 1334 1865 <wopaina
1400 1793 1466 1852 et
1523 1783 1807 1872 Choeph.
1867 1787 2022 1864 135,
2071 1788 2185 1852 ubi
2231 1788 2485 1855 Electra
2530 1811 2597 1855 so

214 1894 406 1978 ipsam
456 1896 811 1960 ἀντίδουλον
858 1892 1139 1979 appellat
1187 1897 1254 1957 et
1296 1891 1488 1957 Eum.
1540 1890 1628 1957 38
1677 1893 1790 1958 ubi
1829 1893 2071 1980 Pythia
2109 1896 2402 1968 ἀντίπαις
2445 1896 2600 1960 dici·

220 2006 331 2065 tur.
422 2001 658 2067 Itidem
724 2008 894 2067 recte
940 1999 1223 2088 legimus
1267 1998 1459 2064 Eum.
1513 1997 1677 2063 136:
1726 2008 1850 2068 τοῖς
1899 2000 2195 2080 σώφροσιν
2245 2002 2371 2081 γὰρ
2418 2001 2592 2067 ἀντί-

222 2130 425 2188 κεντρα
472 2110 770 2187 γίγνεται
821 2113 885 2171 et
930 2105 1121 2170 Eum.
1172 2102 1341 2168 464:
1388 2104 1726 2170 ἀντικτόνοι
1777 2108 1983 2169 ποιναί
2029 2111 2093 2171 et
2150 2105 2375 2193 Suppl.
2426 2106 2596 2174 270:

220 2215 415 2291 μνήμη
481 2209 876 2291 ἀντίμισθος.
970 2209 1095 2277 Sed
1156 2210 1321 2276 nihil
1382 2211 1537 2277 haec
1585 2213 1802 2276 omnia
1849 2215 2175 2277 conferunt
2221 2213 2300 2279 ad
2348 2212 2599 2302 Agam-

220 2325 491 2386 emnonis
556 2319 771 2385 locum
829 2339 1033 2402 neque
1096 2323 1308 2382 custos
1369 2316 1482 2382 ille
1546 2316 1589 2382 ἀ
1612 2341 1694 2388 tot,-
1768 2317 2148 2394 ἀντίμολπον
2218 2322 2399 2385 novit
2473 2322 2598 2385 nisi

220 2426 366 2494 forte
426 2429 746 2495 obturatis
809 2426 1109 2498 auribus,
1172 2425 1363 2488 sicuti
1411 2426 1565 2488 socii
1613 2427 1681 2489 in
1729 2424 1879 2490 navi
1925 2423 2208 2510 Ulyssis‚
2257 2435 2321 2491 et
2365 2426 2600 2492 frustra

223 2540 357 2599 sunt
395 2535 590 2601 hodie
636 2535 748 2620 qui
796 2531 941 2603 ἄκος
989 2531 1373 2608 ἀντίμολπον
1422 2536 1737 2616 quaerunt
1783 2531 2086 2597 adversus
2143 2535 2597 2618 importunita-

224 2646 343 2706 tem
384 2649 505 2707 τῶν
554 2642 819 2719 ἀκαίρως
865 2635 1445 2718 πολυχορδιζουσῶν.
1504 2637 1721 2717 Quum
1769 2636 2034 2722 planum
2083 2640 2170 2703 sit
2218 2640 2599 2717 ἀντίμολπον

104 2793 117 2799 -
225 2752 445 2814 servari
514 2767 639 2813 non
709 2765 924 2832 posse,
1000 2744 1273 2809 dixerim
1346 2744 1489 2815 ἄκος
1553 2742 1720 2808 illud
1784 2742 2103 2830 Aeschylo
2162 2766 2288 2811 non
2350 2746 2596 2812 dictum

226 2851 402 2921 fuisse
463 2856 852 2932 ἀντίμολπον
900 2851 1012 2916 sed
1059 2849 1591 2926 αἷνόμολπον.
1690 2849 1981 2915 Pellebat
2028 2850 2388 2935 speculator
2433 2874 2599 2919 som-

228 2981 367 3026 num
411 2961 692 3028 canendo
714 3007 731 3037 ,
781 2958 891 3025 sed
929 2955 1163 3023 flebilis
1197 2960 1420 3021 cantus
1462 2961 1617 3022 erat.
1657 2959 1850 3028 ’Ἀκος
1896 2953 2081 3021 ὕπνου
2123 2957 2228 3023 vel
2264 2957 2602 3039 Φάρμακον

229 3062 398 3133 ὕπνου
456 3087 758 3135 somnum
816 3071 957 3129 tum
1022 3062 1255 3149 pellere
1319 3068 1558 3148 potest,
1610 3077 1753 3128 tum
1799 3062 2096 3128 reducere
2116 3112 2132 3141 ‚
2185 3064 2260 3131 de
2308 3086 2433 3152 quo
2480 3088 2602 3133 usu

228 3193 411 3260 nuper
466 3176 622 3241 dixi.
680 3176 873 3243 ''Axoc
942 3169 1316 3247 αἱνόμολπον
1368 3169 1667 3257 lugubris
1713 3174 1974 3247 cantus,
2023 3190 2147 3256 quo
2194 3176 2386 3237 cantu
2433 3194 2600 3239 nuuc

231 3280 471 3364 quidem
519 3299 780 3347 somnus
825 3276 1110 3364 pellitur.

309 3489 430 3557 Diu
481 3511 586 3557 me
630 3489 815 3557 torsit
860 3490 1091 3577 Agam.
1142 3486 1264 3553 32:

664 3595 750 3661 τοὶ
799 3594 1104 3661 δεσποτῶν
1152 3594 1279 3673 γὰρ
1325 3589 1394 3659 εὖ
1441 3592 1712 3658 πεσόντα
1760 3594 2141 3673 θήσομαι,

667 3703 791 3783 τρὶς
842 3698 911 3779 ἓξ
954 3700 1273 3779 βαλούσης
1323 3699 1511 3777 τῆσδέ
1557 3723 1662 3777 μοι
1708 3701 2113 3783 φρυκτωρίας.

235 3805 592 3898 Metsphors
615 3815 712 3877 est
736 3811 932 3875 etiam
956 3810 1026 3873 in
1052 3806 1380 3895 tragoedia
1404 3806 1675 3871 minime
1697 3805 1974 3873 insolita.
2002 3806 2155 3874 Eur.
2179 3808 2403 3897 Suppl.
2434 3812 2599 3881 330:

398 3918 651 3997 Κάδμου
695 3917 750 3981 δ’
797 3916 987 3995 δρῶσα
1036 3915 1185 3979 λαὸν
1234 3910 1300 3980 εὖ
1347 3910 1763 3993 πεπραγότα,

396 4024 486 4090 ἔτ’
535 4022 720 4088 αὑτὸν
767 4020 942 4088 ἄλλα
990 4020 1283 4100 βλήματ’
1331 4020 1390 4084 ἐν
1441 4019 1650 4098 κύβοις
1698 4020 1927 4098 βαλεῖν
1976 4057 2057 4068 --
2109 4019 2424 4111 πέποιθα,

241 4126 393 4195 alibi.
485 4128 610 4197 Sed
656 4131 950 4215 potuitne
995 4124 1353 4213 speculator
1404 4126 1524 4191 hoc
1573 4126 1808 4192 dicere:
1863 4127 2228 4192 dominorum
2272 4152 2369 4195 ree
2401 4133 2602 4217 lapsae

238 4236 524 4301 restitutas
585 4235 788 4300 dabo?
854 4234 980 4299 Bes
1041 4234 1406 4298 dominorum
1466 4232 1609 4297 bene
1666 4232 1925 4298 enemim
1959 4234 2254 4318 faciam?
2299 4237 2601 4307 Nimium

242 4336 331 4405 hic
391 4343 511 4408 sibi
581 4349 838 4429 arrogat
906 4339 1217 4406 misellus.
1310 4338 1345 4405 J
1353 4360 1457 4405 am
1526 4349 1673 4404 ante
1737 4338 1976 4405 multos
2037 4360 2231 4408 annos
2288 4345 2484 4412 incidi
2531 4351 2598 4415 in

243 4452 641 4534 suspicionem
671 4498 685 4525 ,
752 4469 944 4536 quam
1008 4468 1174 4510 nuuc
1221 4448 1413 4511 etiam
1460 4445 1800 4511 Karstenio
1852 4445 2165 4532 placuisse
2212 4451 2397 4518 video
2420 4501 2438 4532 ,
2490 4458 2597 4523 sed
