3192 5017
1413 299 1648 349 mvlus.
1715 250 1723 257 ⁶
2593 284 2673 351 41
2693 284 2718 350 l

349 478 413 537 et
472 472 822 538 Eumenem
886 473 1145 539 oderant
1205 472 1636 539 Romanorum
1696 473 1998 537 amicum.
2048 475 2552 563 Magistratuum
2603 475 2726 541 Ro-

347 599 679 644 manorum
752 579 1077 664 superbia,
1155 582 1461 656 avaritia,
1532 578 1885 643 inhumana
1952 580 2294 647 crudelitas
2362 581 2588 669 ingens
2656 585 2722 647 in

347 683 731 751 Graecorum
812 688 1040 750 animis
1121 686 1340 751 odium
1421 685 1722 770 luporum
1793 682 2229 751 Romanorum
2301 690 2724 773 excitaverat,

345 791 504 875 quod
592 789 878 877 plerique
948 812 1095 877 prae
1168 799 1346 856 metu
1416 790 1636 856 sedulo
1708 790 2145 869 occultabant,
2223 794 2418 858 donec
2487 815 2724 881 magna

345 895 552 963 clades
608 919 645 962 a
689 898 1001 964 Romanis
1049 904 1305 982 accepta
1354 897 1691 963 hominum
1743 896 2101 963 voluntates
2146 900 2433 965 nudavit.
2528 900 2722 987 Poly-

343 1003 516 1086 bius,
588 1024 777 1089 quem
854 1004 1078 1070 Livius
1148 1006 1436 1088 sequitur
1509 1001 1620 1071 42.
1690 1000 1797 1079 63,
1868 1024 1991 1068 non
2061 1005 2141 1069 ob
2211 1005 2404 1071 aliam
2466 1027 2722 1072 causam

342 1112 699 1193 suspicatur
785 1107 1059 1176 Graecos
1144 1109 1321 1174 clade
1393 1109 1828 1174 Romanorum
1901 1112 2182 1194 impense
2255 1111 2520 1178 laetatos
2589 1134 2722 1179 esse

342 1235 533 1298 quam
603 1236 799 1301 pravo
863 1217 1074 1281 studio
1138 1236 1261 1301 quo
1311 1218 1505 1280 etiam
1556 1217 1623 1278 in
1675 1217 2125 1282 certaminibus
2173 1217 2439 1283 ludicris
2485 1218 2722 1307 vulgus

342 1321 546 1385 utitur
593 1320 886 1387 deteriori
934 1326 1124 1406 atque
1169 1318 1499 1386 infirmiori
1538 1321 1823 1385 favendo.
1876 1320 2205 1400 Habebat,
2249 1324 2486 1409 opinor,
2528 1322 2722 1391 Grae-

341 1425 439 1491 cia
498 1428 824 1513 graviores
888 1449 1107 1493 causas
1169 1448 1282 1493 cur
1341 1426 1569 1492 Perseo
1634 1426 1875 1491 faveret
1932 1434 1995 1491 et
2043 1432 2314 1513 aperiret
2361 1430 2723 1497 voluntates

342 1531 676 1597 bominum
731 1538 907 1597 metu
955 1532 1152 1598 semel
1201 1539 1432 1598 amoto.
1528 1530 1652 1596 Sed
1701 1531 1936 1597 melius
1984 1540 2078 1598 est
2122 1540 2315 1601 testes
2361 1538 2719 1622 producere.

342 1637 659 1703 Eumenes
706 1642 772 1702 in
819 1640 994 1704 curia
1040 1639 1309 1703 crimina
1356 1639 1432 1703 de
1481 1637 1709 1703 Perseo
1756 1639 2037 1704 deferens
2081 1639 2248 1719 (Liv.
2291 1642 2399 1727 42,
2447 1644 2555 1729 12)
2593 1647 2718 1710 ait:

340 1745 532 1807 vereri
602 1745 961 1810 maiestatem
1030 1746 1157 1809 eius
1217 1767 1453 1820 onmem
1510 1765 1617 1808 nec
1670 1766 1779 1825 pro
1840 1749 2050 1828 quibus
2111 1748 2373 1831 meritis,
2425 1773 2543 1831 pro
2604 1774 2721 1836 qua

342 1850 746 1933 munificentia
805 1858 1032 1915 tantam
1090 1851 1146 1914 ei
1191 1851 1495 1913 tribuatur
1543 1871 1780 1912 cernere
1824 1872 1927 1912 acc
1970 1851 2163 1914 dicere
2195 1874 2311 1935 pro
2358 1862 2512 1917 certo
2545 1879 2722 1937 posce

339 1962 535 2019 utrum
586 1958 902 2041 felicitate
962 1958 1033 2020 id
1089 1957 1341 2042 quadam
1402 1956 1532 2018 eius
1597 1955 1830 2018 accidat
1896 1978 2006 2030 an,
2071 1958 2229 2041 quod
2281 1962 2405 2040 ipse
2450 1969 2722 2026 vereatur

338 2063 568 2147 dicere,
657 2082 905 2128 mvnm
992 2078 1322 2127 Anvsnsus
1408 2060 1723 2126 Romnos
1793 2078 2092 2126 ravonmfl
2162 2080 2296 2128 mm
2365 2082 2713 2133 coucmm'r.
2765 2052 2770 2057 ’

338 2166 515 2233 Haec
572 2171 709 2254 ipsa
774 2189 962 2234 causa
1021 2175 1150 2245 est,
1214 2188 1404 2253 quam
1455 2166 1777 2232 Eumenes
1823 2174 2007 2233 caute
2056 2175 2118 2234 et
2164 2170 2368 2235 obiter
2416 2176 2718 2260 attingit,

338 2281 401 2339 et
461 2272 595 2340 sola
656 2275 810 2340 adeo
871 2296 1060 2339 causa
1121 2282 1217 2340 est
1274 2295 1386 2339 cur
1447 2270 1681 2339 Graeci
1745 2273 2046 2339 adversus
2107 2275 2424 2343 Romanos
2489 2279 2719 2346 Perseo

336 2378 637 2446 iaverent.
688 2381 1081 2446 Invidiosum
1134 2386 1268 2445 erat
1315 2379 1481 2464 apud
1522 2385 1815 2444 senatum
1855 2383 2178 2467 exagitare
2219 2386 2717 2470 magistratuum

337 2489 402 2551 in
452 2487 796 2571 provinciis
841 2486 1045 2560 furta,
1099 2488 1385 2570 rapinas,
1436 2485 1691 2560 caedes,
1741 2485 2018 2550 facinora
2064 2500 2127 2552 et
2174 2487 2425 2553 scelera.
2498 2490 2718 2577 Itaque

338 2595 793 2678 circumspecte
857 2591 1198 2656 admodum
1257 2590 1572 2655 Eumenes
1635 2590 1816 2675 (quod
1867 2596 1992 2673 ipse
2052 2605 2327 2656 vereatur
2384 2598 2605 2683 dicere)
2655 2604 2719 2664 et

335 2698 562 2765 leviter
619 2700 687 2765 id
736 2700 975 2785 attigit.
1072 2695 1195 2761 Sed
1243 2696 1552 2760 habemus
1601 2698 1932 2761 meliorem
1983 2701 2213 2762 testem
2262 2704 2327 2764 et
2374 2706 2715 2782 παρρησίας

338 2805 555 2885 {pas-312«
616 2803 784 2888 apud
843 2804 1204 2888 Appianum
1253 2800 1517 2885 (Maced.
1567 2799 1720 2886 IX):
1770 2800 2020 2876 μάλιςα
2070 2803 2292 2875 αὐτοὺς
2344 2803 2715 2895 (Romanos)

342 2909 593 2991 ἠρέθιζεν
658 2913 691 2985 ἦ
755 2916 868 2974 τῶν
918 2908 1226 2980 Ἑλλήνων
1276 2910 1465 2985 Φιλίοι
1517 2944 1600 2955 —
1649 2902 1733 2975 οἷς
1783 2906 1962 2986 ἔχθος
2013 2908 2072 2979 ἐς
2124 2910 2456 2985 Ῥωμαίους
2505 2914 2715 2979 ἐνεπε-

336 3020 668 3093 matinen-{xv
731 3016 781 3080 οἱ
849 3014 1161 3091 Ῥωμαίων
1224 3014 1543 3089 ςρατηγοί.
1641 3012 1901 3077 Catonis
1964 3020 2097 3078 erat
2152 3015 2219 3079 id
2266 3015 2463 3082 libere
2509 3027 2573 3084 et
2621 3022 2715 3085 di-

337 3130 499 3189 serte
566 3124 808 3193 dicere.
875 3120 1039 3206 quod
1101 3127 1410 3205 quantum
1479 3124 1735 3202 possent
1796 3121 1988 3184 ceteri
2051 3126 2163 3184 aut
2225 3122 2716 3193 dissimulabant

334 3237 447 3295 aut
507 3229 719 3295 verbis
781 3227 1133 3297 elevabant.
1230 3225 1383 3290 Post
1442 3225 1781 3289 victoriam
1832 3223 1909 3288 de
1956 3226 2267 3292 Antiocho
2314 3233 2529 3297 omnia
2573 3255 2715 3318 per-

334 3341 558 3401 sonant
620 3308 892 3419 quereiis
954 3335 1266 3398 sociorum
1332 3337 1396 3396 et
1460 3332 1836 3394 amicorum.
1900 3329 2042 3397 Liv.
2095 3331 2199 3408 43,
2251 3332 2332 3399 2:
2383 3336 2718 3420 Hispaniae

333 3443 646 3525 utriusque
691 3441 873 3519 leqati
922 3476 1002 3487 —
1053 3439 1129 3501 de
1173 3436 1618 3518 mayistratuum
1663 3436 2061 3500 Romanorum
2108 3441 2373 3502 avaritia
2411 3447 2716 3526 superbia-

334 3571 444 3634 que
509 3547 808 3631 conquecti
852 3547 985 3609 nim·
1022 3546 1270 3627 qenibuc
1315 3545 1388 3606 ab
1433 3549 1644 3606 senatu
1679 3548 1983 3625 petierunt
2030 3566 2103 3607 ne
2139 3568 2202 3609 se
2246 3553 2429 3613 socios
2454 3551 2716 3634 foedius

333 3654 586 3738 spoliari
647 3653 966 3736 vexarique
1026 3675 1199 3736 quam
1261 3651 1454 3714 hostes
1503 3654 1838 3732 patiantur.
1910 3649 2124 3714 Unum
2190 3660 2254 3717 et
2314 3653 2587 3722 alterum
2636 3662 2713 3727 de

334 3760 561 3825 multis
623 3758 849 3825 addam
913 3758 1053 3822 Liv.
1123 3756 1229 3841 43,
1282 3757 1355 3821 4:
1424 3756 1741 3820 Abderitae
1801 3757 1983 3836 leyati
2028 3759 2252 3839 flentes
2296 3767 2434 3825 ante
2478 3771 2712 3830 curiam

331 3874 662 3954 queruntur
730 3865 1001 3947 oppidum
1069 3887 1239 3926 auum
1308 3863 1380 3925 ab
1462 3862 1782 3926 Hortensio
1843 3875 2233 3945 expuqaeaeatum
2295 3889 2366 3928 ac
2423 3869 2714 3953 direptum

333 3995 472 4037 esse.
529 3972 773 4034 Causam
819 3970 1040 4033 crcidii
1068 3970 1284 4053 fuine
1330 3969 1466 4031 urbi
1510 3970 1668 4052 quod
1712 3990 1839 4032 cum
1888 3975 2112 4030 centum
2159 3971 2354 4034 millia
2400 3974 2708 4040 denarium

333 4090 390 4142 et
453 4078 645 4141 tritici
704 4076 1138 4161 quinquaqinta
1200 4075 1398 4137 millia
1454 4074 1708 4137 modium
1768 4073 2082 4154 imperaret
2127 4076 2382 4157 spatium
2417 4081 2712 4160 petierint

332 4208 444 4270 quo
489 4186 564 4248 de
609 4206 678 4247 ea
722 4205 791 4246 re
833 4192 891 4244 et
937 4181 1021 4243 ad
1064 4181 1390 4243 Hostilium
1430 4181 1718 4243 consulem
1755 4185 1810 4242 eb
1849 4179 2097 4241 Romam
2133 4186 2432 4246 mitterent
2468 4186 2706 4269 lcyatos.

346 4292 400 4356 V
396 4293 597 4356 ioedum
645 4290 730 4352 ad
779 4288 1080 4351 Consulem
1128 4309 1191 4351 se
1226 4286 1568 4368 pervenisse
1614 4294 1669 4349 et
1707 4285 1946 4349 audisse
1983 4286 2258 4370 oppidum
2295 4304 2708 4382 expuqnatum,

324 4398 633 4484 principes
694 4396 890 4460 securi
924 4414 1266 4478 percussos,
1314 4396 1419 4456 cub
1466 4414 1680 4457 corona
1727 4400 1943 4457 ceteros
1987 4393 2235 4458 venisse.
2282 4393 2421 4462 Liv.
2476 4399 2584 4487 43,
2636 4401 2710 4472 ¹7:
