3192 5017
639 294 769 360 416
896 369 899 372 ,
1741 317 1916 365 baux

635 487 862 568 Erfoly
879 486 934 564 ‚''
994 486 1271 552 Haasius
1343 507 1526 552 vero:
1592 493 1780 552 scite!
1882 486 2120 563 Quidni
2168 492 2232 551 et
2278 493 2413 568 apte
2458 491 2638 569 atque
2684 484 3010 564 eleyanter,

636 600 710 659 ut
787 594 1190 659 admirabiles
1245 593 1342 657 illi
1406 594 1747 678 praedones
1795 598 1858 657 in
1908 593 2143 658 fabulis
2189 588 2499 657 Milesiis!
2572 589 2782 654 Viden
2829 610 3011 673 quam

634 701 869 766 frustra
939 722 1005 765 se
1076 706 1409 784 torqueant
1478 699 1890 785 interpretes?
1982 699 2198 764 Satius
2245 700 2396 775 erit,
2449 698 2707 781 opinor,
2759 695 3014 760 fidenter

636 827 997 893 expungere
1045 805 1507 871 submolestum
1560 807 1969 881 adverbium,
2022 805 2227 892 quod,
2275 810 2350 868 ut
2396 802 2553 869 alibi
2598 823 2824 887 saepe,
2867 806 3014 867 scri·

636 915 862 978 barum
913 916 1159 977 incuria
1205 934 1281 978 ex
1331 933 1434 978 ore
1482 913 1632 977 libri
1681 935 1745 978 se
1792 916 2143 978 insinuavit
2186 915 2253 976 in
2295 917 2569 976 textum.
2620 908 3012 973 Exclamatio

638 1028 774 1086 erat
822 1021 956 1085 sine
1005 1020 1199 1084 dubio
1247 1019 1498 1084 lectoris
1546 1042 1620 1085 ea
1668 1041 1826 1104 quae
1875 1019 2282 1106 Thucydides
2318 1018 2395 1081 de
2434 1015 2794 1081 latronibus
2833 1014 3017 1099 scrip·

637 1132 803 1191 serat
850 1145 930 1190 ex
979 1128 1179 1191 animi
1228 1128 1539 1191 sententia
1588 1126 2013 1210 approbantis.
2068 1125 2245 1189 Licet
2285 1120 2578 1207 exempla
2619 1121 2830 1185 cuivis
2877 1120 3016 1204 phi·

638 1236 868 1318 logogo
917 1233 984 1294 in
1033 1237 1290 1315 promtu
1340 1234 1467 1295 sint
1489 1279 1505 1307 ‚
1552 1232 1723 1295 haud
1765 1237 1979 1296 tamen
2019 1230 2369 1315 poenitebit
2416 1226 2762 1292 contulisse
2800 1224 3017 1291 Cobeti

636 1338 800 1404 Nov.
868 1338 1042 1402 Lect.
1110 1360 1171 1422 p.
1223 1336 1349 1401 441
1404 1337 1480 1402 de
1524 1337 1662 1402 loco
1705 1337 1889 1422 plane
1936 1337 2222 1402 eiusdem
2269 1342 2535 1400 naturae
2582 1337 2649 1397 in
2693 1331 3018 1417 Apollonii

639 1442 993 1531 Tyanensis
1040 1442 1326 1529 Epistola
1373 1442 1606 1507 LXXI.

731 1657 932 1723 Thus.
983 1658 1056 1721 L.
1107 1657 1155 1722 Ι.
1208 1679 1260 1722 c.
1316 1656 1418 1722 10.

729 1763 832 1827 καὶ
899 1762 990 1827 ὅτι
1053 1764 1167 1840 μὲν
1216 1772 1503 1838 Μυκῆναι
1552 1764 1762 1843 μικρὸν
1806 1758 1895 1839 ἦν,
1951 1764 1984 1838 ἢ
2032 1763 2186 1828 εἴτι
2236 1769 2350 1827 τῶν
2397 1761 2544 1826 τότε
2592 1762 2878 1837 πόλισμα
2923 1766 3017 1823 νῦν

640 1871 727 1947 μη
800 1868 1132 1948 ἀξιόχρεων
1192 1870 1357 1934 δοκεῖ
1411 1865 1605 1946 εἶναι,
1673 1873 1779 1934 οὐκ
1847 1870 2098 1949 ἀκριβεῖ
2156 1869 2231 1933 ἄν
2296 1893 2389 1941 τις
2439 1872 2674 1945 σημείῳ
2710 1868 3017 1947 xpri-saevo<

639 1977 928 2049 ἀπιστοίη
995 1980 1081 2051 μὴ
1148 1978 1429 2054 γενέσθαι
1480 1976 1583 2039 τὸν
1631 1978 1846 2040 στόλον
1898 1977 2021 2061 (τὸν
2073 1976 2172 2040 ἐπὶ
2223 1978 2469 2059 Τροίαν)
2524 1980 2842 2049 τοσοῦτον,
2891 1971 3018 2037 ὅσον

639 2081 698 2145 οἵ
751 2106 821 2144 τε
865 2083 1111 2156 ποιηταὶ
1181 2084 1451 2161 εἰρήκασι
1502 2083 1604 2146 καὶ
1658 2084 1682 2146 o‘
1733 2084 1915 2161 λόγος
1969 2084 2251 2161 κατέχει.
2346 2083 2846 2158 Λακεδαιμονίων
2896 2084 3018 2159 γὰρ

642 2191 693 2252 εἷ
744 2191 776 2264 ἡ
830 2190 1005 2261 πόλις
1058 2192 1416 2268 ἐρημωθείη,
1467 2190 1745 2268 λειφθείη
1795 2191 1857 2254 δὲ
1905 2189 1988 2253 ταὶ
2034 2216 2101 2253 τε
2154 2191 2283 2269 ἱερὰ,
2333 2190 2438 2253 καὶ
2482 2199 2591 2264 τῆς
2631 2195 3016 2259 κατασκευῆς

637 2297 722 2359 ταὶ
790 2295 1030 2379 ἐδάφη,
1098 2298 1331 2369 πολλὴν
1393 2296 1469 2359 ἂν
1531 2292 1705 2373 οἶμαι
1755 2297 2058 2361 ἀπιστίαν
2108 2304 2244 2370 τῆς
2293 2295 2750 2379 δυνάμεως,
2798 2309 3013 2371 προελ-

642 2401 838 2472 θόντος
888 2407 1118 2466 πολλοῦ
1167 2403 1411 2485 χρόνου,
1466 2411 1588 2473 τοῖς
1639 2400 1858 2467 ἔπειτα
1907 2405 2048 2482 πρὸς
2099 2405 2169 2467 τὸ
2218 2404 2391 2472 κλέος
2442 2405 2642 2467 αὐτῶν
2688 2399 2838 2466 εἶναι
2888 2400 3011 2464 ‚ea-5.

728 2508 1034 2594 Mycenas
1101 2509 1334 2595 Argivi
1382 2516 1595 2593 captas
1643 2510 1933 2574 incendio
1981 2509 2344 2575 deleverant
2390 2510 2689 2574 archonte
2736 2508 3012 2594 Thengo-

640 2614 785 2679 nide
834 2618 877 2677 i.
930 2637 983 2679 e.
1034 2637 1194 2680 anno
1243 2636 1280 2679 a
1327 2614 1472 2680 Chr.
1524 2639 1583 2678 n.
1638 2614 1809 2690 468;
1856 2618 2126 2680 minime
2166 2636 2314 2680 vero
2363 2616 2582 2680 urbem
2633 2617 2758 2679 solo
2803 2637 3012 2697 aequa·

638 2730 777 2784 rant
840 2731 914 2785 ut
978 2723 1257 2808 legimus
1315 2722 1481 2806 apud
1531 2722 1902 2787 Strabonem
1935 2718 2003 2808 ¹).
2053 2720 2326 2787 Meliora
2373 2722 2556 2787 docet
2601 2721 2944 2785 Pausanias
2985 2719 3010 2781 ὅ

637 2829 1010 2907 περιηγητής
1077 2828 1175 2912 (L.
1227 2827 1286 2892 II
1337 2850 1388 2892 c.
1444 2826 1553 2912 16)
1618 2834 1681 2892 et
1746 2828 1912 2893 celsa
1972 2825 2281 2915 Cyclopia
2340 2831 2598 2893 moenia
2644 2850 2790 2893 cnm
2839 2832 3012 2911 porta

635 2933 887 2998 leonina.
934 2933 1012 2998 ad
1081 2934 1198 2997 hoc
1262 2941 1514 3017 tempus
1576 2933 1795 2998 eodem
1861 2934 1989 2999 fere
2043 2940 2215 2998 statu
2279 2955 2601 3019 superesse
2664 2954 2789 3018 quo
2848 2952 3011 3016 spec·

638 3040 935 3104 tabantur
1011 3046 1216 3103 aetate
1284 3040 1674 3122 Pausaniae,
1745 3040 2038 3125 equidem
2098 3039 2392 3106 oculatus
2454 3042 2636 3104 testis
2708 3038 3011 3103 affirmare

640 3164 920 3227 possum.
1018 3146 1318 3209 Ambitus
1365 3151 1581 3209 autem
1631 3166 1963 3210 murorum
2019 3161 2153 3210 tam
2201 3147 2476 3232 exiguus
2523 3152 2651 3221 est,
2701 3152 2776 3209 ut
2819 3144 3014 3229 incly—

642 3255 742 3313 tae
805 3250 1117 3335 Mycenae
1180 3258 1549 3315 montanum
1628 3250 2004 3336 oppidulum
2069 3272 2271 3315 unum
2323 3273 2357 3316 e
2404 3252 2634 3315 multis
2683 3251 2806 3315 tibi
2847 3250 3014 3316 vide·

641 3360 827 3419 antur
892 3357 1085 3421 fuisse
1133 3359 1345 3441 potius
1394 3378 1586 3440 quam
1637 3359 1785 3421 urbs
1833 3357 2147 3441 quondam
2206 3356 2498 3443 „populis
2547 3358 2870 3423 dominata
2915 3376 3012 3419 su·

641 3461 906 3543 perbis”.
984 3461 1176 3537 „Noli
1242 3469 1453 3527 tamen
1516 3463 1663 3527 inde
1713 3470 2167 3550 argumentum
2210 3470 2456 3548 petere,
2507 3464 2718 3548 inquit
2768 3463 3012 3548 Thucy·

642 3565 851 3643 dides‚
890 3588 1013 3650 quo
1056 3571 1272 3632 minus
1314 3570 1527 3633 credas
1552 3567 1898 3653 Trojanum
1930 3568 2170 3635 bellum
2200 3576 2453 3634 tantum
2493 3571 2694 3635 fuisse
2715 3576 3012 3654 quantum

639 3674 982 3736 memoriae
1025 3676 1345 3758 proditum
1388 3680 1500 3739 est.
1542 3675 1746 3761 Finge
1791 3679 1961 3739 enim
2003 3675 2651 3741 Lacedaemoniorum
2695 3679 3014 3741 civitatem

632 3778 763 3841 iam
831 3778 1118 3842 funditus
1181 3786 1495 3844 vastatam
1564 3786 1754 3867 atque
1827 3782 2140 3846 desertam
2188 3802 2322 3846 esse
2371 3803 2484 3846 nec
2532 3782 2881 3867 quidquam
2930 3801 3016 3845 re-

630 3904 884 3948 manere
957 3892 1202 3969 praeter
1273 3885 1511 3969 templa
1575 3886 1838 3950 deorum
1906 3893 1969 3952 et
2018 3887 2374 3952 dirutarum
2425 3888 2764 3953 domorum
2817 3907 3013 3953 areas:

701 4154 754 4215 1)
791 4155 944 4203 Strab.
982 4158 1034 4203 L.
1073 4159 1221 4207 VIII.
1258 4175 1304 4222 p.
1345 4156 1436 4207 571
1475 4174 1509 4207 s.
1548 4158 1578 4206 f.

720 4240 904 4299 bevou:
961 4236 1005 4290 δ’
1065 4245 1261 4308 ὕστερον
1315 4243 1839 4308 κατεσκάφησαν
1896 4250 1976 4310 (αἱ
2020 4248 2256 4315 Μυκῆναι)
2309 4247 2393 4301 ὑπ’
2448 4247 2718 4314 Ἀργείων,
2768 4252 2894 4300 ὅστε
2945 4249 3014 4295 »ἢ

638 4324 753 4385 μηδ’
780 4325 923 4390 'lxvvc
962 4329 1258 4395 εὑρίσκεσθαι
1299 4341 1390 4394 τῆς
1432 4336 1712 4393 Μυκηναίων
1750 4340 1950 4397 πόλεως.
2032 4340 2088 4389 In
2137 4341 2301 4390 eodem
2336 4341 2577 4407 opinionis
2612 4358 2775 4391 errore
2811 4341 3015 4388 venatur

634 4407 870 4459 Diodorus
905 4414 1089 4466 Siculus
1125 4420 1200 4479 (L.
1240 4419 1334 4469 XI.
1376 4436 1419 4468 c.
1463 4420 1565 4483 65).
