3192 5017
502 261 631 328 440
1578 280 1810 331 mvms.

502 459 815 531 mentem;
876 454 1272 521 introductus
1319 455 1383 520 in
1430 457 1675 521 curiam
1722 452 2085 543 gratulatus
2131 459 2227 518 est
2277 456 2650 532 victoriam,
2700 460 2887 543 petiit

500 568 574 628 ut
620 561 865 649 legatos
910 563 1238 626 mitterent
1284 564 1395 647 qui
1442 559 1664 628 Gallos
1704 562 1783 627 ab
1823 563 2018 626 armis
2058 568 2427 638 avocarent,
2468 565 2589 628 sibi
2625 563 2882 630 Aenum

499 676 563 733 et
610 668 981 733 Maroneam
1029 670 1217 753 petiit
1264 674 1328 734 et
1374 671 1464 734 sic
1515 670 1845 747 „destituta
1892 691 2088 732 eorum
2134 691 2267 752 spe,
2311 669 2423 754 qui
2452 671 2666 755 fratre
2709 696 2878 736 accu-

496 782 624 839 sato
673 775 1061 857 partitionem
1107 782 1277 858 requi
1307 782 1639 860 petiturum
1687 776 2064 839 crediderant
2080 824 2098 859 ‚
2145 780 2315 839 curia
2361 776 2635 840 excessi?
2683 777 2874 866 Poly-

499 881 680 946 bius:
741 882 997 948 Attalus
1061 883 1342 948 εἰσελθὼν
1390 884 1474 954 εἰς
1524 885 1634 957 τὴν
1681 882 2031 959 σύγκλητον
2082 881 2390 962 συνεχάρη
2437 882 2548 958 μὲν
2599 881 2696 948 ἐπὶ
2747 894 2874 957 τοῖς

496 986 783 1068 γεγονόσι
838 1028 918 1037 -
966 991 1069 1054 τὸν
1133 989 1194 1054 δὲ
1261 989 1432 1055 κατα
1492 994 1601 1054 τοῦ
1671 988 1982 1066 βασιλέως
2046 989 2233 1067 λόγον
2282 990 2386 1053 καὶ
2435 991 2534 1055 τὸν
2581 990 2714 1071 περὶ
2767 996 2874 1056 τοῦ

496 1100 795 1175 μερισμοῦ
846 1104 952 1171 τῆς
1002 1096 1202 1176 ἀρχῆς
1249 1097 1334 1168 εἷς
1384 1096 1560 1169 τέλος
1610 1095 2087 1176 παρεσιώπησεν.
2145 1099 2177 1171 ἦ
2226 1096 2290 1159 δὲ
2340 1095 2689 1175 σύγκλητος
2737 1097 2876 1163 ὑπο-

496 1201 922 1280 λαμβάνουσα
994 1202 1187 1267 ποὶλιν
1248 1201 1435 1267 αὐτὸν
1502 1202 1628 1287 ἰδίᾳ
1687 1203 1818 1283 περὶ
1880 1203 2107 1269 τούτων
2172 1201 2668 1284 εἱσπορεύσεσθαι
2737 1207 2875 1278 τοὺς

496 1308 887 1389 πρεσβευτὰς
952 1310 1355 1388 συμπέμψειν
1419 1310 1766 1394 ὑπέσχετο,
1830 1347 1915 1359 -
1965 1308 2401 1388 ἐπηγγείλατο
2462 1312 2523 1375 δὲ
2585 1312 2687 1377 καὶ
2753 1313 2872 1384 τὰς

498 1415 706 1489 πόλεις
775 1414 1060 1499 (Aenum
1123 1423 1186 1482 et
1243 1417 1639 1502 Maroneam)
1703 1418 1927 1483 δώσειν.
1982 1419 2235 1485 Livius:
2292 1419 2464 1483 Raro
2511 1420 2671 1487 alius
2715 1420 2876 1504 quis-

496 1547 669 1609 quam
724 1547 829 1587 rear
888 1535 998 1588 aut
1046 1524 1327 1607 privatus
1388 1531 1558 1589 tanto
1596 1527 1820 1604 favore
1868 1532 2146 1610 tantoque
2192 1526 2448 1590 onmium
2498 1549 2744 1590 assensu
2795 1534 2882 1590 esc

498 1630 785 1708 auditum
846 1633 1107 1696 omnibus
1168 1632 1488 1696 honoribus
1532 1634 1982 1719 muneribusque
2027 1640 2082 1697 et
2114 1656 2422 1717 praesens-
2452 1642 2540 1698 est
2586 1640 2779 1698 cultu-3
2828 1642 2885 1698 et

485 1739 951 1821 proficiscentem
1011 1740 1314 1822 prosecuti
1368 1747 1529 1817 sunt,
1605 1741 1714 1805 sed
1778 1740 2002 1806 Livius
2063 1744 2271 1807 nes'cio
2333 1740 2650 1825 quomodo
2713 1741 2879 1825 quod

499 1850 634 1910 erat
692 1849 1150 1932 gravissimum
1216 1829 1437 1913 omisit
1484 1868 1608 1913 non
1656 1848 1965 1913 omissum
2014 1869 2051 1912 a
2098 1847 2407 1934 Polybio:
2458 1847 2589 1911 ἐπεὶ
2641 1846 2701 1911 δὲ
2751 1874 2881 1912 πα-

501 1952 701 2030 pau-ta
774 1955 979 2036 τυχὼν
1048 1962 1166 2020 τῶν
1227 1956 1669 2036 Φιλανθρῶπων
1730 1951 1998 2034 ὥρμησεν
2063 1954 2131 2018 ἐκ
2189 1962 2298 2028 τῆς
2359 1953 2598 2029 Ῥώμης
2662 1954 2883 2019 οὐδὲν

502 2058 850 2130 ποιήσας
912 2066 1061 2125 τῶν
1128 2060 1811 2139 προσδοκωμένων
1873 2061 2314 2141 διαψευσθεῖσα
2366 2068 2483 2125 τῶν
2532 2060 2794 2125 ἐλπίδων
2846 2062 2882 2135 ἦ

501 2164 849 2241 σύγκλητος
916 2163 1247 2257 ἄλλοιμὲν
1298 2168 1459 2232 οὐδὲν
1510 2164 1647 2248 εἶχε
1695 2175 1917 2246 ποιεῖν,
1968 2166 2056 2232 ἔτι
2106 2168 2167 2232 δὲ
2215 2168 2386 2232 κατὰ
2432 2168 2542 2241 τὴν
2595 2167 2882 2232 Ἰταλίαν

500 2267 661 2341 ὄντος
725 2272 914 2336 αὑτοῦ
976 2274 1083 2347 την
1134 2271 1310 2340 Αἶνον
1357 2274 1461 2340 καὶ
1511 2257 1621 2348 την
1670 2277 2028 2355 Μαρώνειαν
2078 2275 2470 2355 ἠλευθέρωσεν
2516 2275 2881 2349 αθετήσασα

499 2377 608 2450 τὴν
656 2378 1078 2457 ἐπαγγελίαν.
1148 2382 1273 2447 His
1319 2383 1524 2470 igitur
1570 2384 1913 2449 honoribus
1960 2388 2167 2467 patres
2215 2382 2554 2466 conscripti
2603 2380 2883 2467 proficis-

499 2489 747 2549 centem
802 2487 1096 2553 Attalum
1143 2490 1461 2574 prosecuti
1505 2486 1691 2554 sunt!

588 2589 928 2676 Perspicue
1001 2600 1258 2681 apparet
1328 2617 1405 2661 ex
1473 2597 1609 2673 his,
1685 2616 1844 2681 quae
1917 2616 2063 2661 vera
2135 2616 2265 2661 esse
2328 2616 2516 2660 nemo
2578 2597 2876 2683 negabit,

498 2718 686 2783 quam
747 2703 994 2767 invisus
1057 2707 1197 2767 tum
1257 2701 1564 2768 Romanis
1629 2702 1946 2767 Eumenes
1997 2701 2188 2767 fuerit
2244 2725 2386 2785 „nec
2435 2702 2722 2765 Romanis
2775 2724 2881 2765 nec

497 2804 703 2870 Persei
723 2808 902 2893 fidus
939 2809 1185 2874 socius?
1253 2809 1716 2875 Fraudulenter
1758 2809 2099 2874 admodum
2146 2811 2461 2893 principes
2508 2812 2574 2872 in
2619 2810 2880 2874 civitate

497 2914 618 2979 viri
676 2914 969 2979 Attalum
1018 2917 1409 3002 instigarunt
1455 2921 1528 2980 ut
1573 2920 1752 3001 parte
1799 2918 1980 3002 regni
2026 2914 2343 2979 Eumenes
2391 2914 2769 2999 spoliaretur
2811 2919 2879 2977 et

496 3038 569 3083 ea
616 3040 725 3104 spe
775 3020 1066 3086 destituti
1111 3021 1330 3088 Attalo
1375 3024 1595 3087 statim
1646 3042 1718 3086 ea
1759 3042 1917 3106 quae
1961 3020 2228 3105 polliciti
2268 3026 2446 3085 erant
2488 3024 2871 3105 eripuerunt.

495 3124 734 3191 Eadem
800 3127 1063 3213 perfidia
1129 3124 1375 3213 Gallie,
1442 3150 1599 3213 quos
1664 3150 1729 3193 se
1778 3129 1855 3192 ab
1904 3130 2097 3192 armis
2146 3132 2514 3192 avocaturos
2566 3128 2878 3212 promise-

498 3238 672 3309 rant,
748 3236 994 3299 animos
1057 3235 1433 3300 addiderunt
1494 3234 1777 3300 Eumene
1839 3234 2257 3321 ignominiose
2324 3231 2510 3297 Italia
2580 3233 2877 3297 excedere

497 3340 687 3404 iusso.
759 3339 899 3405 Non
964 3342 1253 3428 fugiebat
1298 3340 1650 3406 Eumenem
1700 3361 1889 3425 quam
1937 3340 2197 3405 infestos
2238 3339 2556 3404 Romanos
2594 3338 2870 3419 haberet,

496 3465 770 3530 namque
831 3467 904 3512 ea
960 3447 1036 3511 de
1084 3468 1271 3512 causa
1318 3447 1573 3512 fratrem
1627 3447 1899 3513 Romam
1951 3446 2243 3533 legatum
2294 3447 2474 3510 misit
2522 3452 2583 3509 et
2628 3463 2870 3528 praesa-

496 3552 715 3641 giebat
757 3556 967 3619 animo
1014 3558 1225 3639 ipsum
1275 3557 1535 3620 fratrem
1586 3532 1828 3639 alicuid
1868 3553 2167 3619 adversus
2205 3574 2271 3617 se
2313 3550 2678 3618 machinari.
2728 3548 2869 3615 Non

497 3664 742 3744 poterat
804 3660 1117 3726 sollicitus
1164 3682 1296 3727 esse
1344 3662 1398 3727 si
1445 3663 1569 3727 sibi
1616 3664 1901 3728 conscius
1946 3665 2107 3726 esset
2153 3658 2316 3725 nihil
2367 3682 2432 3725 se
2481 3660 2877 3725 commisisse

495 3768 660 3854 quod
722 3768 1158 3833 Romanorum
1207 3769 1595 3853 suspiciones
1646 3774 1710 3833 et
1756 3768 1973 3834 odium
2024 3774 2087 3831 et
2131 3769 2291 3831 iram
2344 3772 2630 3832 moveret
2676 3769 2741 3830 et
2788 3766 2879 3829 sic

493 3874 906 3942 Mommsenii
954 3875 1312 3941 coniectura
1360 3876 1539 3941 nullo
1587 3874 1805 3940 stabili
1852 3874 2262 3938 fundamento
2307 3874 2459 3937 nixa
2507 3872 2802 3937 concidit.

1429 4028 1940 4115 (continuabitur).

2147 4163 2220 4232 G.
2270 4161 2351 4232 G.
2402 4162 2694 4231 OOBET.
