3192 5017
1221 266 1720 314 ARISTOPIIANRS.
2534 242 2665 308 375

282 444 412 501 tam
482 437 791 525 frigidum
845 440 1050 503 iocum
1104 439 1423 504 subridere
1471 440 1688 524 possit.
1783 437 2103 504 Emendat
2148 436 2218 500 τὸ
2265 435 2379 513 μέν
2426 459 2484 499 τι
2537 436 2662 501 νυνί

280 567 410 621 μοι
462 542 698 620 λαβέ.
749 543 1037 611 Verbum
1084 565 1208 612 non
1254 545 1505 611 addam.

365 755 807 843 Interrogatus
868 756 1281 843 Phidippides
1339 779 1452 823 cur
1509 756 1697 823 Solon
1760 758 1869 832 τὴν
1934 755 2065 832 ἕνην
2117 757 2464 836 addiderit,
2514 778 2664 823 oum

279 866 500 928 tamen
561 863 628 928 αἱ
693 861 880 935 θέσεις
924 862 1239 942 ,γίγνοιντο
1285 872 1361 944 τῇ
1409 865 1734 948 νουμηνίᾳ,
1784 867 1877 930 ita
1925 864 2258 949 respondet
2304 885 2398 930 vs·
2454 863 2660 930 1195:

1686 969 1779 1044 ἵν’,
1829 966 1870 1034 ὦ
1922 972 2078 1045 μέλε
2105 1022 2120 1047 ,

742 1075 1037 1154 παρόντες
1086 1077 1138 1141 οἱ
1185 1077 1525 1157 Φεύγοντες
1578 1076 1774 1159 ἡμέρα
1818 1083 1936 1160 μιᾷ

739 1181 1023 1261 πρότερον
1069 1181 1527 1251 διαλλάττοινθ’
1574 1183 1850 1255 ἑκόντες·
1900 1186 1951 1249 εἱ
2001 1184 2063 1249 δὲ
2111 1185 2238 1262 μή,

742 1286 913 1353 ἕωθεν
963 1288 1414 1370 ὑπανιῷντο
1462 1299 1539 1371 τῇ
1588 1292 1898 1374 νουμηνία.

276 1394 571 1481 Ingenue
632 1394 833 1460 fateor
899 1415 1005 1460 me
1066 1415 1320 1480 prorsus
1367 1417 1488 1462 non
1542 1397 1789 1474 videre,
1840 1395 1992 1482 quid
2042 1398 2127 1461 sit
2172 1395 2240 1462 τὸ
2291 1392 2473 1475 ἅπαξ
2519 1395 2672 1473 εἰρη-

275 1501 456 1578 μένον
532 1502 910 1566 ὑπανιᾶσθαι
981 1508 1046 1566 et
1115 1504 1489 1587 interpretes
1558 1502 1723 1567 nihil
1793 1501 2188 1587 attulerunt,
2260 1502 2429 1587 quod
2504 1501 2668 1566 mihi

278 1607 546 1692 quidem
619 1608 982 1674 satisfaciat.
1056 1607 1175 1672 Die
1234 1609 1577 1690 verklayten
1638 1610 1852 1673 sollten
1914 1610 2014 1673 die
2058 1604 2155 1683 ἕνη
2206 1609 2312 1673 καὶ
2363 1608 2472 1673 νέα
2518 1609 2665 1672 noch

276 1718 371 1779 als
430 1714 490 1779 V
482 1714 1001 1798 ersiihnunqqfriet
1046 1714 1328 1778 benutzen
1348 1743 1374 1791 ,·
1422 1738 1587 1779 wenn
1636 1716 1726 1779 sie
1769 1715 1930 1778 dicae
1975 1715 2365 1807 verstreichen
2413 1715 2628 1778 lieesen
2650 1761 2665 1789 ,

274 1821 452 1885 sollte
519 1821 623 1884 die
686 1820 845 1885 Pein
908 1819 1017 1885 des
1063 1820 1391 1886 Processes
1439 1846 1519 1884 an
1565 1822 1673 1885 der
1720 1821 2010 1898 νουμηνία
2055 1821 2165 1884 mit
2211 1822 2318 1885 der
2363 1820 2669 1885 Hinterle-

270 1949 434 2008 φυηρ
495 1928 607 1991 der
663 1927 1135 1991 Gerichtskosten
1182 1927 1485 2009 beqinuen.
1583 1931 1747 1992 Aba·
1790 1927 1890 1992 die
1936 1926 2244 1990 Hah-sucht
2288 1927 2395 1990 der
2443 1927 2670 1990 Bekeir-

275 2035 390 2098 den
436 2036 553 2098 hat
598 2034 849 2098 dieeelbe
894 2033 1173 2120 verfrv'c'ht
1218 2034 1346 2096 und
1376 2034 1644 2097 dadurch
1679 2033 1885 2097 Solone
1910 2040 2052 2114 quae
2089 2033 2334 2096 Absickc
2373 2032 2665 2097 vereitelt.

275 2138 417 2219 Qua
490 2142 561 2204 in
633 2160 701 2205 re
764 2140 968 2226 igitur
1032 2145 1293 2224 apparet
1351 2137 1647 2205 Solonem
1715 2145 1848 2205 tam
1910 2138 2107 2204 fuisse
2165 2138 2508 2217 Φιλόδημον
2555 2139 2665 2212 την

273 2244 465 2325 Φύσιν
490 2296 506 2321 ,
577 2266 726 2311 eum
789 2247 980 2310 unius
1041 2244 1168 2310 diei
1228 2247 1504 2332 gratiam
1566 2242 1844 2312 faceret?
1904 2244 2034 2320 Qui
2095 2246 2297 2330 pridie
2343 2245 2665 2312 Kalendas

275 2373 401 2418 non
465 2357 566 2419 est
630 2351 963 2436 solvende,
1025 2372 1148 2417 non
1203 2355 1415 2440 magis
1464 2354 1519 2418 is
1565 2352 1811 2418 solvere
1857 2353 2091 2438 poterit
2134 2350 2441 2417 Kalendis
2486 2355 2666 2437 ipsis.

276 2457 538 2524 Iocatus
592 2464 688 2523 est
736 2457 979 2542 aliquid
1027 2456 1446 2543 Phidippides
1494 2464 1559 2524 et
1607 2464 1679 2524 ut
1724 2461 1969 2534 iocum,
2024 2459 2132 2544 qui
2181 2460 2413 2544 periit,
2463 2479 2667 2524 resus-

276 2566 593 2642 citemus,
643 2584 802 2650 opus
849 2570 945 2628 est
989 2565 1233 2628 comica
1263 2557 1474 2648 'vena‚
1525 2563 1732 2648 qualis
1778 2564 1845 2628 in
1887 2563 2306 2649 Aristophane
2343 2566 2482 2649 ipso
2522 2565 2670 2632 fuit.

276 2669 394 2736 nst
458 2672 667 2758 igitur
712 2669 1034 2734 lubricum
1083 2688 1240 2754 opus
1285 2669 1351 2734 id
1400 2675 1678 2747 tentare,
1729 2669 1809 2735 ad
1855 2670 2019 2755 quod
2064 2690 2186 2735 non
2235 2672 2389 2735 satis
2436 2677 2561 2754 est,
2611 2673 2667 2736 si

279 2777 587 2843 adhibeas
632 2777 1125 2863 grammaticam
1172 2774 1397 2841 ducem
1449 2779 1516 2840 et
1561 2774 1717 2841 talia
1763 2777 2110 2863 ingeniosis
2156 2775 2359 2861 poetis
2404 2775 2667 2841 fortasse

281 2882 521 2948 melius
581 2881 1049 2967 relinquuntur.
1145 2879 1517 2966 Suspicatus
1565 2887 1777 2947 tamen
1825 2902 2005 2958 sum,
2053 2883 2263 2947 iocum
2315 2882 2421 2946 hic
2468 2881 2666 2947 latere

283 2988 359 3054 de
407 3010 483 3055 eo
531 3009 793 3075 genere,
844 2989 1011 3073 quod
1060 2988 1233 3066 παρὰ
1282 2988 1645 3068 προσδοκίαν
1691 2988 1817 3053 dici
1868 2988 2059 3053 solet:

1507 3092 1603 3179 ἵν’,
1652 3092 1694 3160 ὦ
1745 3095 1898 3172 μέλε
1921 3143 1937 3172 ,

742 3200 1036 3282 παρόντες
1087 3203 1137 3266 οἱ
1184 3200 1529 3283 Φεύγοντες
1579 3200 1777 3285 ἡμέρα
1822 3206 1940 3285 μιᾷ

740 3307 1020 3385 πρότερον
1070 3305 1522 3372 saumata-osvo·
1569 3305 1843 3380 ἑκόντες·
1896 3307 1945 3371 εἰ
1996 3306 2058 3371 δὲ
2107 3307 2237 3384 μή,

740 3410 914 3479 ἕωθεν
960 3413 1455 3479 ὥπολύοιντο
1501 3424 1577 3496 τῇ
1628 3412 1940 3496 νουμηνίᾳ.

285 3521 470 3602 Quod
533 3522 787 3586 etiamsi
847 3521 1109 3585 fortasse
1162 3524 1382 3603 poetae
1443 3540 1710 3584 manum
1767 3539 1890 3585 non
1952 3524 2409 3603 repraesentet.
2480 3521 2661 3586 facile

288 3635 457 3693 certe
502 3627 848 3711 unicuique
892 3624 1227 3691 intellectu
1275 3630 1390 3690 est.

1304 3865 1678 3875 ———--..

379 4042 453 4108 In
513 4042 570 4108 V
564 4043 717 4127 cepi-s
765 4064 854 4109 vs.
912 4041 992 4107 15
1039 4040 1358 4108 Xanthias
1403 4040 1729 4105 somnium
1775 4057 1966 4101 suum
2015 4042 2262 4101 narrat:

1893 4141 2128 4209 ἐδόκουν
2177 4144 2360 4208 οὶετὸν

654 4254 1130 4334 καταπτόμενον
1176 4255 1236 4326 ἐς
1287 4252 1395 4327 την
1442 4252 1594 4327 dyo
1615 4248 1753 4329 ραν
1800 4248 2071 4327 μέγαν
2119 4247 2326 4312 πάνυ

655 4363 1113 4444 ἀναρπάσαντα
1159 4368 1283 4431 τοῖς
1335 4355 1524 4434 ὄνυξιν
1575 4356 1821 4421 ἀσπίδα
