3192 5017
1396 1096 1684 1186 LANX
1743 1100 2190 1189 SATURA.

1659 1392 1938 1415 m—

686 1626 983 1693 Veterum
1025 1631 1293 1713 scripta,
1342 1630 1786 1694 historicorum
1839 1631 2164 1711 praecipue
2205 1628 2434 1704 libros,
2479 1632 2532 1691 si
2582 1630 2738 1711 quid
2789 1629 2974 1693 datur

586 1737 734 1807 otii.
785 1736 1027 1799 curiose
1074 1735 1514 1820 pervolutas,
1563 1743 1720 1796 totus
1761 1736 1824 1797 in
1863 1740 2030 1797 rebus
2053 1784 2068 1815 ,
2110 1755 2234 1817 quo
2273 1738 2533 1819 propius
2571 1738 2978 1819 antiquorum

589 1842 967 1925 populorum
1012 1845 1447 1906 monumentis
1490 1841 1854 1905 lectitandis
1891 1842 1969 1905 ad
2008 1844 2206 1925 ipsam
2253 1843 2658 1925 antiquitatis
2699 1841 2974 1906 indolem

587 1949 922 2032 accedam,
984 1952 1076 2012 ita
1140 1956 1352 2013 tamen
1419 1948 1632 2035 legere
1693 1967 1816 2010 non
1883 1947 2100 2011 desino
2156 1956 2228 2011 ut
2276 1947 2822 2012 adolescentulum
2873 1969 2976 2011 me

584 2054 800 2118 docuit
840 2055 1363 2120 Hemsterhusius
1405 2064 1637 2129 noster,
1679 2074 1973 2116 summus
2009 2052 2375 2140 philologus
2415 2054 2715 2136 idemque
2759 2053 2972 2117 Ruhn-

581 2159 770 2226 kenio
840 2168 1001 2231 teste
1066 2164 1131 2224 in
1187 2161 1491 2235 historia,
1548 2180 1780 2243 „quam
1833 2162 2054 2224 critica
2105 2163 2342 2224 ratione
2391 2160 2704 2224 tractabat
2723 2159 2782 2233 ‚'’
2831 2180 2972 2224 ver-

582 2273 757 2331 satus
807 2270 861 2331 si
910 2270 1052 2352 quis
1101 2266 1299 2332 alius:

673 2374 1015 2455 „difficili-2,
1066 2374 1379 2456 suspicax,
1428 2395 1650 2454 semper
1701 2395 1905 2435 verens
1950 2396 2024 2434 ne
2064 2374 2210 2456 quid
2246 2373 2550 2458 fallaciae
2583 2374 2750 2435 vela
2785 2373 2968 2434 libra·

576 2480 671 2544 rio
715 2481 811 2543 vel
852 2481 926 2542 ab
974 2481 1391 2563 interpolatore
1435 2478 1775 2541 struatur.”

666 2585 847 2651 Hanc
910 2589 1077 2650 enim
1144 2587 1315 2650 viam
1380 2589 1686 2649 institisse
1753 2585 1937 2649 video
1997 2586 2074 2649 ad
2144 2606 2338 2649 unum
2403 2605 2657 2660 omnes,
2717 2586 2824 2668 qui
2895 2588 2960 2648 in

576 2692 931 2778 disciplinis
992 2693 1311 2757 historicis
1368 2696 1503 2756 sive
1552 2691 2045 2777 archaeologicis
2094 2712 2346 2775 operam
2398 2700 2742 2775 posuerunt
2791 2691 2956 2755 haud

574 2798 869 2863 inutilem
945 2808 1007 2864 et
1074 2799 1235 2862 mihi
1300 2799 1555 2882 quidem
1628 2801 1719 2861 sic
1788 2796 2057 2862 firmiter
2130 2819 2497 2881 persuasum
2566 2806 2694 2862 est:
2743 2811 2960 2861 acutos

572 2904 934 2991 philologos
996 2927 1129 2969 esse
1193 2926 1370 2989 posse
1434 2907 1742 2967 nimirum
1808 2907 1918 2987 qui
1966 2925 2112 2967 cum
2177 2907 2410 2968 intima
2459 2906 2792 2988 utriusque
2841 2903 2956 2966 lin·

569 3032 736 3098 guae
782 3013 1007 3075 notitia
1057 3022 1245 3095 atque
1292 3010 1733 3075 familiaritate
1783 3018 2031 3075 vastam
2083 3031 2297 3074 rerum
2349 3014 2598 3094 copiam
2647 3031 2768 3074 non
2817 3030 2958 3073 con·

563 3121 911 3204 jungant3-
942 3124 1156 3182 eontra
1223 3136 1369 3181 vero
1432 3119 1497 3178 in
1534 3119 1883 3181 ⁸vetustatis
1933 3119 2244 3182 memoria
2296 3116 2678 3181 illustranda
2725 3116 2954 3180 identi-

568 3222 714 3287 dem
764 3223 891 3287 labi
942 3224 1527 3310 ingeniosissimum
1580 3243 1930 3305 quemque.
1982 3224 2091 3306 qui
2135 3221 2391 3287 subtilis
2427 3222 2764 3286 literarum
2805 3224 2951 3285 doc-

566 3331 769 3395 trinae
809 3350 1029 3413 expers
1071 3336 1369 3410 tanquam
1420 3331 1769 3392 necessario
1819 3329 2134 3412 praesidio
2183 3329 2530 3393 destitutus
2578 3332 2682 3392 sit.
2779 3328 2950 3391 Dum

552 3439 769 3521 'igitur
831 3438 895 3500 in
960 3435 1261 3522 legendo,
1327 3437 1695 3518 praesertim
1755 3437 1808 3498 si
1857 3438 1968 3518 qui
2016 3434 2137 3499 loci
2187 3444 2516 3500 occurrant
2565 3436 2948 3499 obscuriores

566 3548 630 3604 et
690 3542 1128 3625 impeditiores
1156 3590 1169 3615 ‚
1238 3544 1443 3605 varias
1505 3540 1793 3604 codicum
1863 3544 2438 3627 manuscriptorum
2488 3540 2792 3606 lectiones
2836 3564 2946 3604 nec

563 3669 688 3713 non
750 3649 1031 3713 diversas
1095 3649 1421 3713 doctorum
1484 3650 1766 3710 virorum
1833 3651 2222 3711 coniecturas
2275 3650 2949 3731 interpretationesque

565 3775 688 3841 qua
751 3775 1005 3839 possum
1070 3757 1357 3820 maxima
1416 3774 1567 3817 cura
1633 3754 2011 3837 perpendere
2077 3753 2282 3836 solen,
2345 3761 2528 3839 grato
2577 3758 2794 3818 animo
2842 3776 2952 3840 ag-

562 3882 748 3926 nosco
813 3868 1121 3945 quantum
1194 3870 1285 3924 tot
1344 3860 1738 3923 eruditorum
1789 3859 2123 3923 hominum
2173 3859 2547 3945 diligentia.
2597 3866 2944 3948 sagacitas,

563 3967 841 4031 doctrina
916 3960 1143 4037 multis
1218 3968 1394 4030 bonis
1455 3968 1818 4030 auctoribus
1869 3968 2194 4050 profuerit.
2293 3965 2476 4041 Quod
2542 3988 2694 4031 sane
2757 3990 2944 4053 quam

562 4076 839 4137 cernitur
900 4076 966 4135 in
1029 4072 1424 4157 Thucydide.
1522 4071 1722 4157 Cujus
1786 4075 2110 4156 scriptoris
2172 4076 2226 4135 si
2294 4075 2436 4156 quis
2483 4094 2630 4136 cum
2674 4075 2950 4140 editione

560 4176 705 4251 illa,
760 4196 951 4258 quam
999 4198 1197 4261 nuper
1244 4182 1309 4241 in
1358 4178 1714 4243 scholarum
1771 4200 1954 4241 usum
2017 4180 2166 4242 fecit
2217 4175 2708 4253 Herwerdenus‚
2750 4183 2948 4244 animi

563 4301 751 4344 causa
812 4300 1181 4364 componere
1245 4282 1402 4348 velit
1466 4286 1816 4369 principem
1877 4283 2209 4357 Aldinam‚
2265 4283 2472 4349 laetus
2521 4285 2769 4351 videbit
2817 4288 2948 4351 fon—

568 4392 720 4457 tem,
795 4391 1091 4471 temporis
1158 4390 1620 4473 hominumque
1685 4391 1918 4454 iniuria
1985 4391 2311 4454 turbidum
2373 4394 2614 4455 iactum
2665 4400 2730 4456 et
2777 4392 2944 4457 lut-u·
