3192 5017
1234 300 1610 349 emmonim.
2489 280 2615 346 291

332 470 512 549 haqes
572 491 718 558 pag.
783 471 949 535 834:
1024 473 1093 536 τὸ
1157 471 1220 535 δὲ
1277 473 1447 548 μετὰ
1510 478 1721 538 ταῦτα
1784 469 1987 537 ἵππων
2036 481 2152 535 ΔΗ
2203 472 2337 552 περὶ
2388 472 2624 548 άγῶνος

239 576 515 654 γίγνοιτο
578 578 716 653 ἑξῆς
768 575 917 644 ”AN
967 575 1485 655 νομοθετούμεναῐ
1538 577 1709 644 Imo:
1760 576 1962 644 ἵππων
2002 575 2153 643 ”AN
2206 577 2338 654 περὶ
2391 577 2626 653 άγῶνος

240 683 493 761 γίγνοιθ’
547 683 686 759 ἑξῆς
717 686 804 749 e*A
855 686 1310 762 νομοθετοῦμεν.

332 891 491 957 Ibid.
535 891 690 958 896.
733 893 907 981 lege:
964 889 1062 972 ἆρ’
1107 892 1196 959 ἔτι
1235 894 1352 980 (τι)
1379 895 1740 973 ποθοῦμενῆ
1773 898 1990 968 ἱκανῶς
2035 894 2453 960 δέδεικται
2497 895 2624 957 κτὲ.

333 997 488 1064 Mox
557 1000 724 1084 quod
786 1004 852 1064 in
914 1003 1208 1088 margine
1269 1000 1505 1065 habent
1569 1013 1625 1066 A
1690 1008 1753 1067 et
1818 1011 1885 1066 Ω
1935 1002 2027 1067 ita
2073 1000 2507 1086 recipiendum
2554 1005 2629 1064 ut

243 1104 536 1181 γενομένη
609 1126 789 1170 suam
863 1106 1078 1172 sedem
1148 1109 1434 1173 retineat.
1506 1145 1587 1156 -
1640 1108 2002 1173 ἱκανώτατα
2071 1108 2372 1172 δέδεικται
2443 1105 2628 1185 ψυχὴ

243 1217 359 1274 τῶν
401 1211 655 1274 ’πάντων
698 1212 1109 1291 πρεσβυτάτη
1160 1212 1498 1292 γενομένη,
1547 1213 1913 1294 Φανεῒσά
1964 1238 2055 1292 γε
2105 1214 2272 1294 άρχῇ
2321 1213 2626 1287 κινήσεως.

333 1424 492 1489 lbid.
544 1423 698 1490 898.
745 1425 888 1512 lege
937 1464 1022 1475 —-
1072 1427 1227 1504 μηδὲ
1277 1428 1419 1505 πρὸς
1465 1427 1677 1491 ταύτὰ
1725 1425 2029 1507 Φερομένη
2084 1427 2223 1504 μηδ’
2278 1428 2338 1492 ἐν
2384 1427 2627 1506 κόσμῳ,

240 1532 384 1605 μηδ’
435 1532 496 1594 ἐν
544 1529 759 1607 τάξει,
809 1533 977 1609 μηδ”
1009 1533 1070 1597 ἐν
1119 1533 1232 1618 (ἑνί
1277 1539 1420 1611 τινι)
1467 1534 1657 1611 λόγῳ.

333 1739 424 1804 Ib.
493 1739 645 1805 903.
719 1740 861 1828 lege
928 1739 1208 1808 ‘'OAnC
1273 1750 1410 1829 (pro
1471 1742 1660 1823 ὅπως)
1724 1744 1775 1809 δ’
1843 1746 1877 1818 ἡ
1941 1746 2024 1824 τῷ
2073 1749 2179 1808 τοῦ
2230 1744 2460 1816 παντὸς
2509 1745 2629 1822 βίῳ

241 1844 611 1925 ὑπάρχουσα
676 1848 855 1911 οὐσία
920 1849 1039 1927 οὐχ
1105 1844 1283 1912 ἕνεκα
1331 1855 1437 1914 σοῦ
1493 1850 1863 1928 γιγνομένη,
1919 1851 1993 1914 σὺ
2044 1848 2100 1913 δ’
2151 1847 2333 1915 ἕνεκα
2381 1850 2627 1914 ἐκείνου.

242 1951 666 2038 Participium
717 1974 754 2017 a
803 1954 1023 2026 λέληθε
1069 1954 1318 2039 pendet.

332 2168 570 2232 Phaodo
618 2165 738 2232 66:
789 2164 905 2235 ὅτε
977 2205 1038 2215 --
1092 2169 1195 2232 ὑπ’
1244 2170 1435 2232 αὐτοῦ
1482 2167 1617 2233 οὐδὲ
1664 2176 1959 2249 Φρονῆσαι
2010 2173 2156 2247 ἡμῖν
2206 2169 2627 2247 ἘΓγίγνεται

241 2274 516 2366 οὐδέποτ’
563 2273 751 2340 οὐδέν.
800 2273 1299 2340 Rescribendum
1350 2276 1796 2353 'eKylyueae-oee.
1847 2273 2112 2343 Certum
2154 2280 2250 2341 est
2287 2275 2627 2341 discrimen

237 2383 406 2447 inter
478 2380 629 2448 ἔνεςι
694 2387 756 2446 et
821 2377 1003 2457 ἔξεςι.
1100 2380 1168 2446 Si
1231 2381 1392 2446 nihil
1451 2384 1517 2445 in
1567 2384 1705 2468 ipsa
1752 2385 1842 2447 rei
1889 2389 2117 2448 natura
2164 2382 2458 2468 prohibet
2504 2402 2630 2466 quo

199 2526 214 2537 —
241 2488 458 2552 minus
519 2486 762 2571 aliquid
827 2484 941 2551 fiat
1004 2485 1194 2563 ἔνεςι,
1259 2490 1314 2551 si
1361 2488 1528 2552 nihil
1583 2492 1972 2554 extrinsecus
2020 2488 2308 2554 oblatum
2356 2489 2631 2572 impedit

239 2591 426 2668 ἓξεςι.

331 2804 495 2870 Ibid.
549 2803 659 2870 69.
719 2803 891 2891 Lege
941 2804 1028 2881 μὴ
1075 2804 1480 2884 σκιαγραφία
1527 2827 1621 2875 τις
1668 2801 1703 2884 ᾗ
1751 2805 1853 2868 καὶ
1904 2802 2356 2882 άνδραποδῶδές
2406 2829 2465 2868 τι
2518 2802 2622 2867 καὶ

235 2912 403 2976 οὐδὲν
467 2912 634 2988 ὑγιὲς
699 2910 852 2995 (οὐδ’
913 2910 1133 2983 ἀληθὲς
1151 2905 1202 2996 ?)
1256 2906 1391 2993 ἔχῃ.
1456 2908 1736 2997 Vulgata
1782 2910 1974 2977 lectio
2021 2908 2214 2985 μηδὲν
2260 2912 2626 2995 requireret.

334 3123 550 3204 Quum
599 3144 800 3209 nuper
844 3122 1186 3190 Philebum
1237 3123 1567 3209 discipulis
1609 3126 1769 3189 meis
1807 3126 2253 3209 interpretarer
2290 3126 2358 3188 in
2394 3125 2627 3189 vitium

238 3230 474 3307 incidi,
522 3231 577 3294 si
630 3228 910 3294 vulneris
958 3229 1470 3318 magnitudinem
1522 3229 1809 3295 metiaris
1831 3278 1846 3306 ‚
1894 3230 2201 3316 exiguum
2224 3280 2242 3314 ,
2284 3230 2381 3295 ein
2417 3230 2630 3296 labem

237 3342 518 3423 epectee,
568 3356 693 3420 qua
739 3341 942 3400 totam
993 3335 1485 3420 disputationem
1535 3335 1794 3412 infecit,
1841 3336 2408 3401 immanissimum.

332 3442 406 3507 In
454 3463 527 3508 ea
573 3441 814 3529 dialog-i
864 3446 1041 3526 parte
1090 3462 1249 3527 quae
1296 3443 1464 3507 intra
1507 3439 1814 3526 Stephani
1854 3443 2118 3529 pag-inas
2159 3440 2244 3506 46
2284 3443 2340 3507 A
2376 3446 2440 3508 et
2466 3441 2551 3508 47
2577 3441 2633 3506 Β

236 3549 621 3632 continetur,
695 3548 772 3613 de
846 3548 1280 3633 voluptatibus
1344 3550 1583 3636 agitur,
1649 3568 1810 3632 quae
1867 3550 1935 3612 in
1998 3548 2363 3633 corporibus
2411 3549 2633 3614 morbo

231 3655 478 3722 affectis
542 3674 576 3719 e
635 3654 924 3720 dolorum
987 3656 1381 3720 admixtione
1437 3654 1945 3720 vehementiores
1996 3652 2158 3719 fiunt
2209 3654 2309 3721 vel
2358 3652 2491 3720 fieri
2540 3657 2635 3718 vi-

233 3764 488 3827 dentur.
538 3761 725 3826 Nunc
772 3763 964 3827 verba
1011 3781 1362 3846 apponam,
1413 3781 1449 3823 a
1490 3761 1721 3843 quibus
1759 3760 2106 3846 disputatio
2145 3763 2373 3847 incipit
2411 3759 2633 3826 simul-

231 3889 361 3954 que
404 3887 479 3932 ea
525 3869 757 3951 quibus
804 3867 1229 3933 concluditur.

332 3983 496 4039 ΣΩ;
562 3975 776 4038 σκόπει
839 3973 909 4048 δὴ
975 3974 1091 4046 τὰς
1142 3976 1259 4038 τῶν
1305 3974 1542 4039 τοιῶνδε
1592 3971 1953 4051 νοσημάτων
2004 3972 2250 4049 ἡδονάς,
2301 3973 2442 4037 τίνα
2488 3975 2631 4039 ποτ’

231 4082 451 4160 ἔχουσι
502 4081 742 4158 τρόπον.

331 4195 551 4251 ΠΡΩε
596 4188 815 4270 ποίωνς

336 4301 496 4358 ΣΩε
562 4293 680 4362 τὰς
744 4298 860 4355 τῶν
926 4292 1331 4372 ἀσχημόνων,
1394 4286 1470 4365 ἃς
1535 4290 1630 4361 οὓς
1698 4292 1950 4368 εἴπομεν
2016 4292 2328 4371 δυσχερεῖς
2390 4301 2635 4371 μισοῦσι

233 4405 583 4471 παντελῶς.
