3192 5017
579 262 715 339 268
772 238 775 241 ’
1662 278 1907 340 mmo.

576 480 704 527 non
766 458 1186 526 nominetis.”·
1212 495 1298 509 ——
1344 460 1626 525 Eiusdem
1687 462 1965 526 auctoris
2022 460 2217 526 verba
2281 456 2525 546 duplici
2573 459 2813 524 ratione
2854 472 2946 521 ex·

580 565 808 651 plicari
869 569 1168 650 possunt,
1233 570 1308 630 ut
1368 571 1634 650 uterque
1695 565 2102 653 litigantium
2149 566 2229 631 ad
2280 587 2431 631 eum
2477 567 2806 651 provocet;
2854 560 2947 626 sed

585 676 726 737 tum
762 693 882 754 pro
928 672 1117 735 altero
1165 691 1289 736 non
1333 676 1659 756 provocat.
1753 669 1967 736 Verba
2007 694 2116 755 pro
2163 694 2252 736 me
2296 671 2505 737 aliena
2551 673 2702 735 sunt
2748 688 2786 732 a
2826 667 2947 732 loco

579 778 716 843 sive
777 775 1223 861 interpretare:
1285 776 1353 841 in
1416 797 1638 842 meum
1683 777 2131 855 commodum,
2181 779 2353 843 sive:
2402 796 2549 842 meo
2591 775 2732 841 loco
2754 823 2772 851 ,
2818 792 2949 837 cum

584 900 705 969 ego
753 901 902 945 enm
948 883 1276 947 nominare
1323 881 1653 960 deberem;
1706 902 1856 948 nam
1907 880 2126 949 Cicero
2161 902 2285 947 non
2322 881 2502 967 loqui
2537 879 2808 947 debebat
2843 897 2950 961 quo

584 992 871 1073 tempore
915 986 1233 1052 Aebutius
1280 991 1393 1077 aut
1437 987 1587 1053 Piso
1632 988 1960 1066 dicebant;
2010 1009 2126 1054 nec
2173 1009 2324 1053 sane
2364 1011 2476 1072 pro
2522 983 2823 1053 Cicerone
2856 1003 2952 1048 no·

578 1092 869 1158 minabat
886 1142 907 1177 ,
971 1113 1120 1157 cum
1183 1091 1296 1157 ille
1357 1092 1436 1158 de
1495 1113 1610 1159 suo
1671 1099 1926 1159 auctore
1985 1113 2111 1158 non
2156 1096 2318 1158 esset
2363 1094 2698 1158 taciturus.
2790 1089 2953 1154 Libri

581 1199 674 1263 sic
719 1198 990 1263 habent:
1048 1195 1250 1279 „illud
1300 1202 1517 1263 autem
1565 1199 1766 1263 miror
1781 1246 1798 1275 ,
1836 1219 1951 1264 cur
1991 1198 2087 1286 (Τ.
2131 1197 2284 1283 eima)
2325 1218 2440 1264 vos
2474 1195 2722 1282 aliquid
2756 1200 2954 1262 contra

580 1324 686 1369 me
740 1304 975 1368 sentire
1023 1301 1309 1368 dicatis.”
1401 1302 1541 1368 Hoc
1588 1309 1785 1381 recte;
1842 1306 2187 1370 sententia:
2238 1303 2483 1380 dicitis,
2534 1323 2650 1368 vos
2716 1318 2952 1367 mecum

585 1411 819 1475 sentire
863 1409 932 1472 in
975 1408 1294 1473 omnibus.
1343 1407 1592 1493 Nempe
1639 1407 1706 1472 in
1753 1410 1963 1474 animo
2009 1409 2239 1474 habere
2287 1409 2578 1473 videtur:
2626 1405 2953 1492 Aquilium

582 1534 804 1580 meum
868 1518 1194 1579 auctorem
1257 1512 1512 1579 dixistis
1567 1514 1743 1598 (vide
1788 1516 2175 1599 superiora);
2221 1514 2391 1578 hunc
2435 1535 2536 1577 voe
2585 1533 2836 1598 quoqne
2877 1509 2955 1575 al·

581 1619 855 1708 legatis3
927 1612 1240 1684 videmini
1310 1619 1518 1705 igitur
1582 1639 1839 1684 mecum
1911 1622 2161 1685 sentire.
2259 1618 2434 1683 Haec
2513 1618 2842 1684 cavillatio
2897 1618 2954 1679 in

580 1726 893 1811 proximis
937 1725 1140 1790 inesse
1186 1723 1474 1802 videtur,
1506 1745 1685 1810 ⁴quae
1728 1726 1796 1788 in
1849 1725 2175 1790 codicibus
2228 1727 2322 1789 ita
2360 1729 2512 1789 sunt
2549 1725 2951 1790 conformata:

590 1850 777 1914 ¹‚enm
827 1851 975 1895 eum
1021 1833 1342 1895 auctorem
1391 1849 1506 1895 vos
1544 1850 1657 1915 pro
1698 1850 1802 1895 me
1841 1829 2208 1915 appelletis3
2250 1836 2543 1895 nostrum
2570 1825 2955 1896 nominetis.”

578 1934 764 2001 Unde
809 1936 1074 2000 coniicio
1114 1933 1496 2021 legendum:
1547 1955 1737 2012 „cum
1786 1957 1949 2020 quem
1996 1941 2321 2000 auctorem
2367 1955 2481 2002 vos
2514 1935 2824 2018 potissime
2864 1953 2956 2017 ap-

580 2040 835 2126 pelletis
852 2086 868 2116 ‚
918 2044 1208 2105 nostrum
1256 2038 1659 2105 nominetis.”
1750 2039 1847 2104 Ex
1888 2039 2188 2122 potissime
2232 2060 2380 2105 casu
2426 2041 2686 2105 omissis
2727 2039 2956 2123 aliquot

578 2146 813 2212 litteris
882 2145 1199 2210 exstitisse
1261 2143 1517 2208 videtur
1572 2167 1683 2228 pro
1727 2167 1836 2209 me.
1921 2145 2018 2210 De
2065 2144 2269 2210 forma
2313 2145 2608 2210 vocabuli
2657 2146 2745 2210 cf.
2790 2141 2954 2209 Neue

578 2250 643 2316 Il
689 2249 760 2336 pf
812 2248 964 2315 692.
1018 2287 1101 2298 --
1149 2248 1354 2314 Paulo
1400 2255 1544 2333 post
1591 2250 2059 2327 „defensionem
2109 2270 2336 2316 causae
2382 2250 2810 2316 constituere”
2843 2270 2952 2315 non

578 2361 750 2422 recte
819 2355 1080 2432 dicitur;
1156 2355 1528 2420 constitutio
1588 2361 1687 2420 est
1748 2376 1961 2419 caueae
1976 2402 1993 2431 ,
2056 2356 2421 2439 quaestionis
2466 2357 2692 2440 (etiam
2741 2366 2952 2420 contro·

579 2460 810 2526 versiae
872 2459 950 2525 de
998 2458 1102 2524 Or.
1146 2457 1198 2523 I.
1253 2456 1446 2543 143);
1495 2458 1924 2525 defensionem
1967 2459 2358 2525 instituimus.
2454 2459 2823 2528 Diserimen
2867 2464 2955 2524 est

575 2567 769 2631 unius
813 2564 1066 2630 litterae
1083 2611 1100 2641 ,
1152 2584 1300 2629 cum
1349 2586 1457 2629 eon
1502 2584 1615 2649 per
1654 2588 1685 2628 c
1729 2568 2046 2631 inversam
2093 2563 2510 2652 significetur.

667 2776 777 2843 81.
844 2775 1197 2861 Postquam
1258 2771 1331 2842 O.
1400 2779 1728 2842 versutam
1787 2774 2068 2862 aliquam
2113 2777 2439 2843 interdicti
2483 2783 2817 2865 proposuit
2859 2801 2954 2845 ex-

574 2883 988 2970 plicationem
1049 2902 1166 2967 per
1224 2901 1416 2965 quam
1481 2882 1620 2965 ipsa
1679 2881 2002 2947 interdicti
2047 2884 2240 2949 verba
2286 2903 2398 2969 pro
2446 2881 2720 2952 Caecina
2765 2887 2953 2952 facere

576 2995 806 3078 argute
867 2989 1050 3055 docet
1066 3034 1083 3065 ,
1150 2986 1231 3053 ad
1285 2983 1597 3080 ‚Caecinae
1660 2986 2047 3053 defensorem
2110 3009 2175 3054 se
2225 2993 2568 3055 convertit:
2628 2993 2826 3077 „quid
2869 2996 2953 3057 est

575 3092 773 3161 Piso?
820 3094 1030 3180 placet
1077 3092 1200 3158 tibi
1245 3113 1352 3156 noe
1397 3111 1684 3179 pugnare
1727 3093 1941 3158 verbis
1955 3089 2016 3156 P’

666 3199 873 3266 Unius
941 3198 1072 3264 Erf.
1143 3200 1521 3263 auctoritate
1589 3203 1912 3281 receptum
1987 3202 2084 3263 est
2151 3220 2277 3262 noe.
2369 3199 2433 3265 N
2435 3220 2513 3265 on
2575 3200 2792 3268 dicam
2851 3204 2951 3269 vix

580 3305 887 3373 Latinum
946 3305 1151 3370 videri
1211 3324 1318 3367 noe
1357 3323 1660 3386 puyouare,
1707 3322 1851 3366 cum
1898 3321 2023 3368 non
2072 3303 2147 3368 de
2194 3307 2459 3370 instanti
2505 3305 2615 3371 sed
2662 3307 2742 3373 de
2791 3327 2954 3393 prae-

577 3413 771 3479 terito
831 3429 1040 3477 sermo
1101 3410 1219 3483 sit,
1267 3408 1387 3473 hoc
1431 3407 1643 3473 dicam
1690 3407 2092 3492 aptissimam
2142 3429 2275 3475 esse
2321 3413 2707 3477 sententiam
2757 3417 2816 3478 si
2859 3434 2952 3477 nos

580 3520 940 3584 omittatur.
1033 3513 1380 3597 Postquam
1453 3512 1885 3578 adversarium
1955 3533 2070 3578 suo
2138 3513 2356 3601 gladio
2406 3517 2724 3594 confodit,
2776 3517 2952 3605 fingit

578 3643 724 3690 eum
763 3624 896 3687 iam
938 3618 1133 3685 aliam
1175 3619 1484 3683 rationem
1525 3617 1905 3683 defensionis
1928 3624 2449 3703 praeoptatumm
2473 3642 2634 3687 esse:
2683 3630 2951 3710 „perstas

576 3731 647 3794 in
693 3733 807 3792 tua
853 3720 1254 3790 defensione?
1298 3725 1665 3788 etiamnunc
1710 3724 1832 3787 tibi
1878 3724 2087 3808 placet
2131 3745 2416 3813 pugnare
2454 3729 2670 3793 verbis
2689 3726 2751 3794 ‘2”
2793 3726 2949 3809 Quid

579 3832 896 3899 sententia
941 3831 1288 3913 requireret
1332 3835 1661 3893 senserunt
1705 3827 1926 3893 Keller
1962 3835 2027 3894 et
2066 3831 2535 3914 quodammodo
2568 3833 2752 3900 Rein.
2797 3834 2948 3914 Quo-

575 3941 754 4004 niam
800 3935 1188 4001 E’rfurtensis
1235 3935 1576 3998 auctoritas
1622 3932 1906 3998 multum
1954 3932 2166 4000 valere
2212 3935 2403 4002 debet
2425 3984 2443 4014 ,
2491 3941 2755 4006 fortasse
2810 3939 2949 4005 scri-

573 4043 891 4111 bendum:
944 4059 1100 4118 „nos
1144 4038 1492 4120 impuqnare
1538 4038 1814 4104 verbis.'‘
1907 4038 2039 4104 Sub
2086 4038 2279 4106 finem
2324 4043 2614 4109 eiusdem
2661 4046 2948 4112 sectionis

569 4152 643 4216 in
709 4148 837 4214 his:
920 4150 1037 4225 „tu
1105 4164 1212 4208 me
1282 4143 1362 4208 ad
1423 4144 1693 4210 verbnm
1756 4164 1978 4210 vocas:
2043 4165 2167 4211 non
2229 4152 2376 4213 ante
2435 4153 2690 4217 veniam
2758 4169 2944 4237 quam

570 4271 899 4321 recusato:
946 4271 1091 4331 nego
1135 4256 1417 4339 oportere,
1463 4252 1617 4331 neqo‘
1652 4249 1908 4315 obtineri
1939 4273 2134 4333 posse.
2178 4273 2343 4340 nego
2381 4252 2589 4319 ullam
2629 4277 2763 4322 rem
2799 4275 2943 4330 esse,

579 4378 739 4457 quae
775 4361 914 4455 ,aut
974 4353 1424 4439 comprehendi
1487 4357 1644 4421 satis
1690 4360 1805 4420 aut
1846 4358 2057 4423 caveri
2104 4363 2219 4422 aut
2264 4361 2474 4445 excipi
2519 4365 2745 4447 possit,
2795 4359 2944 4428 si-id
