3192 5017
573 273 663 353 44
1562 279 1981 358 morumne.

573 477 814 559 ἐτήρουν
856 478 968 553 τὴν
1013 477 1312 559 πρόσοδον.
1361 480 1771 569 Legendum:
1823 481 2213 562 προελθόντες
2257 516 2292 529 ι
2354 477 2628 558 δλίγΟΝ
2644 527 2663 559 ,
2705 481 2784 544 ut
2822 495 2951 561 cap.

578 583 731 650 111.
778 586 986 663 ὀλίγον
1032 586 1351 668 προελθών.

666 797 956 886 Thucyd.
1005 799 1124 866 IV.
1176 799 1326 866 113.
1375 800 1439 866 2.
1502 802 1555 867 οἱ
1602 801 1717 878 μέν
1764 825 1923 874 τινες
1970 801 2166 880 ὀλίγοι
2216 800 2665 883 διαφθείρονται
2714 799 2778 864 ἐν
2823 820 2958 879 χερ·

577 905 669 970 σὶν
739 906 1019 993 [αὖτῶν].
1092 908 1361 974 Prorsus
1419 907 1651 974 inutile
1711 915 1777 975 et
1833 909 2040 974 alieno
2085 907 2224 974 1060
2270 909 2718 995 interpositum
2765 906 2961 970 αὐτῶν

577 1012 934 1080 delendum
968 1034 1210 1080 censeo.

665 1225 963 1312 Thucyd.
1014 1225 1132 1292 IV.
1185 1224 1341 1291 115.
1392 1224 1498 1292 30.
1564 1226 1637 1293 τὸ
1687 1227 1739 1292 δ’
1784 1227 2032 1304 οἴκημα.
2066 1227 2272 1305 λαβὸν
2318 1225 2524 1307 μεῖζον
2572 1223 2771 1307 ἄχθος
2822 1223 2962 1301 ἐξα-

577 1332 755 1407 πίνης
801 1329 1180 1413 κατερράγη.
1230 1331 1291 1398 Ν
1295 1353 1440 1398 61110
1488 1354 1801 1419 umquam
1841 1354 1914 1400 60
1952 1355 2164 1411 sensu,
2212 1354 2401 1419 quem
2444 1332 2624 1398 locus
2659 1331 2959 1418 postulat,

580 1437 747 1503 dixit
792 1448 1282 1520 καταρραγῆναι.
1380 1438 1708 1524 Quidquid
1747 1441 2071 1523 collapsum
2120 1445 2213 1506 est
2260 1440 2497 1505 dicitur
2534 1446 2962 1518 καταρρυῆναι,

581 1544 1086 1626 κατερρυηκέναιε
1134 1547 1351 1630 itaque
1390 1545 1574 1610 unice
1612 1567 1835 1612 verum
1874 1551 1971 1612 est
2012 1555 2371 1627 κατερρΤΙ-Ῑ.
2412 1545 2684 1610 Photius
2723 1554 2965 1622 Καταρ·

449 1661 453 1666 ’
579 1659 788 1731 ρυῆναι
810 1674 825 1717 2
876 1658 1281 1717 καταπεσεῖν.

670 1860 965 1949 Thucyd.
1012 1861 1119 1927 IV.
1173 1861 1326 1929 120.
1373 1864 1538 1946 Φασὶ
1588 1863 1643 1928 δ’
1692 1865 1743 1929 οἱ
1792 1873 2113 1930 Σκιωναῖοι
2163 1869 2484 1939 Πελληνῆς
2530 1861 2645 1940 μὲν
2694 1857 2852 1927 εἶναι
2901 1858 2964 1922 ἐκ

584 1969 1080 2045 Πελοποννήσου,
1146 1969 1456 2042 πλέοντας
1510 1969 1563 2035 δ’
1612 1969 1738 2036 ἀπὸ
1787 1970 2011 2052 Τροίας
2061 1976 2232 2053 σφῶν
2279 1968 2420 2041 τοὺς
2469 1967 2738 2049 πρώτους
2788 1987 2967 2033 κατε-

582 2077 869 2157 νεχθῆναι
937 2076 999 2147 ἐς
1060 2076 1130 2141 τὸ
1193 2076 1415 2158 χωρίον
1477 2081 1681 2142 τοῦτο.
1730 2076 1899 2156 Quid
1947 2088 2042 2142 est
2087 2083 2262 2157 σφῶν
2310 2075 2452 2148 τοὺς
2500 2071 2818 2156 πρώτουςῖ
2864 2071 2966 2138 An

578 2179 682 2246 1111
739 2183 852 2267 qui
897 2182 1092 2267 primi
1152 2182 1219 2248 111
1276 2183 1433 2249 haec
1495 2181 1636 2249 loca
1694 2183 1892 2248 delati
1939 2180 2129 2248 sunt?
2178 2181 2478 2303 Suspicor
2521 2180 2965 2269 Thucydidem

580 2286 818 2353 dixisse
875 2287 1042 2373 quod
1105 2290 1174 2352 in
1235 2309 1305 2354 re
1365 2288 1569 2354 simili
1632 2289 1855 2354 dicunt
1900 2308 2158 2355 omnes:
2204 2290 2456 2354 maiores
2501 2308 2649 2354 suos
2696 2308 2734 2354 a
2780 2286 2968 2352 Troia

575 2393 914 2460 redeuntes
968 2396 1037 2460 in
1082 2395 1239 2462 haec
1285 2393 1425 2461 loca
1472 2395 1833 2462 devenisse:
1881 2398 2098 2482 itaque
2145 2417 2404 2463 verum
2421 2402 2553 2461 est:
2605 2400 2780 2477 σφῶν
2829 2389 2963 2462 τοὺς

579 2508 1023 2582 πρΟΓΟΝους.

669 2712 963 2801 Thucyd.
1027 2712 1136 2782 IV.
1212 2714 1365 2783 122.
1432 2714 1494 2781 6.
1581 2716 1894 2797 ψήφισμα
1975 2717 2338 2792 ἐποιήσαντο
2411 2715 2678 2789 Κλέωνος
2753 2711 2966 2794 γνώμη

581 2819 1017 2907 [πεισθέντες].
1064 2821 1486 2888 Herwerden:
1538 2823 1841 2906 „expunxi
1886 2822 2230 2894 πεισθέντες
2270 2844 2389 2904 non
2429 2823 2638 2887 lectum
2661 2848 2698 2885 a
2733 2816 2965 2887 Valla.”

577 2926 951 3015 Numquam
1014 2929 1308 2997 dubitavi
1373 2931 1529 3014 quin
1594 2929 1939 3001 πεισθέντες
1989 2936 2153 2996 esset
2199 2932 2512 3015 spurium.
2605 2929 2690 2994 Et
2737 2925 2965 2995 caeteri

581 3038 647 3101 et
689 3035 828 3122 ipse
876 3034 1286 3123 Thucydides
1327 3042 1688 3102 constanter
1725 3041 1794 3101 in
1833 3035 2072 3102 talibus
2108 3036 2403 3102 dicebant
2437 3035 2703 3109 Κλέωνος
2731 3035 2964 3114 γνώμῃ.

578 3139 704 3209 Sed
767 3141 936 3228 quod
981 3141 1370 3209 Herwerden
1419 3141 1669 3208 addidit
1717 3165 1879 3221 „non
1928 3147 2134 3208 lectum
2179 3165 2219 3206 a
2277 3140 2520 3208 Valla.”
2565 3161 2691 3206 non
2736 3140 2930 3227 probo
2946 3181 2963 3212 ,

577 3269 855 3336 namque
920 3247 1101 3314 nullo
1171 3253 1550 3336 argumento
1570 3296 1587 3327 ,
1656 3248 1836 3315 nullo
1906 3249 2144 3314 indicio
2213 3257 2384 3315 certo
2448 3248 2702 3334 probari
2760 3247 2964 3334 potest

578 3355 999 3422 Laurentium
1045 3354 1306 3421 Vallam
1353 3376 1543 3421 usum
1595 3376 1728 3422 esse
1764 3354 2030 3421 meliore
2068 3354 2234 3421 libro
2273 3374 2467 3440 quam
2509 3354 2740 3440 quibus
2780 3351 2964 3418 hodie

579 3464 862 3539 utimur,
940 3465 1005 3527 et
1059 3464 1134 3526 ut
1197 3459 1452 3525 tandem
1515 3459 1855 3546 aliquando
1909 3464 2198 3528 constitit
2259 3460 2426 3526 nihil
2483 3460 2564 3526 ad
2631 3459 2964 3526 Platonem

578 3566 1043 3635 emendandum
1108 3564 1401 3653 prodesse
1464 3565 1796 3651 Ficinum,
1861 3567 2026 3632 nihil
2094 3566 2177 3632 ad
2238 3566 2624 3653 Dionysium
2669 3565 2961 3632 Halicar-

575 3694 934 3741 nassensem
998 3673 1201 3738 facere
1260 3672 1422 3759 Lapi
1467 3673 2054 3758 interpretationem
2075 3721 2093 3751 ‚
2144 3672 2235 3739 sic
2284 3672 2543 3739 Vallam
2590 3692 2837 3758 quoque
2884 3666 2958 3735 ad

576 3777 1024 3868 Thucydidem
1069 3777 1515 3866 corrigendum
1561 3798 1698 3844 esse
1741 3778 2041 3846 inutilem
2092 3799 2537 3867 agnoscamus.

667 3994 957 4083 Thucyd.
1005 3992 1128 4060 IV.
1180 3991 1330 4059 125.
1377 3990 1619 4059 ἄπωθεν
1660 3994 1787 4075 γὰρ
1829 3995 1989 4061 πολὺ
2032 3995 2325 4070 αλλήλων
2365 3994 2954 4076 ἕςρατοπεδεύοντο.

576 4101 651 4170 Id
697 4107 795 4170 est
838 4109 1036 4168 caetra
1067 4101 1368 4185 ponebant
1381 4129 1411 4179 ,·
1446 4100 1555 4167 sed
1595 4103 1746 4187 quia
1779 4104 2124 4188 requiritur
2158 4109 2358 4166 castra
2400 4103 2686 4168 habebant
2709 4105 2954 4169 exemto

576 4230 704 4275 una
747 4209 1008 4275 literula
1051 4207 1254 4273 scribe
1299 4207 1878 4288 ἐςρατοπέδΕΤντο.

668 4421 958 4513 Thucyd.
1007 4420 1118 4490 IV.
1177 4420 1331 4488 126.
1381 4421 1445 4488 6.
1518 4418 1545 4488 ὃ
1616 4423 2054 4503 ὑπομείναντες
2126 4426 2563 4510 ἐπιφερόμενον
2638 4426 2741 4492 καὶ
2816 4420 2957 4490 ὅταν
