3192 5017
599 266 734 335 232
1596 280 1985 333 sornocnm.

595 460 808 544 magis
869 476 1060 541 quam
1123 478 1187 518 n.
1260 453 1382 519 151
1451 476 1516 540 p.
1564 452 1722 532 242,
1787 457 1866 519 cf.
1917 454 2063 521 Oec.
2111 453 2252 524 civ.
2302 457 2364 522 II
2411 456 2582 536 268,
2634 460 2745 524 ubi
2787 461 2950 523 Boec·

597 563 794 629 khius
854 568 1070 628 contra
1132 559 1420 626 tabulam
1482 561 1562 646 de
1619 560 1832 625 fallaci
1880 564 2236 647 conjectura
2283 565 2547 631 eandem
2594 566 2858 631 formam
2897 568 2952 628 in

597 674 850 735 textum
908 668 1151 734 intulit.
1252 666 1346 732 Of.
1414 665 1679 733 Carolus
1738 664 2061 733 Grauxius
2104 672 2255 735 dam
2302 673 2366 735 la
2411 673 2618 736 Revue
2660 673 2734 735 de
2776 672 2956 735 Philo-

595 777 749 858 loqie
792 775 824 839 1
870 774 1024 859 263,
1071 776 1182 859 qui
1229 778 1425 840 etiam
1476 782 1729 839 acutam
1776 778 2200 859 suspicionem
2251 778 2509 844 Hieksii
2560 778 2946 852 memoravit,

599 883 677 947 de
740 902 866 968 qua
909 881 1067 947 olim
1105 880 1393 966 judicare
1437 879 1691 956 licebit,
1739 888 2076 966 postquam
2121 904 2287 951 nova
2330 886 2563 950 harum
2614 884 2952 951 tabularum

596 991 875 1055 recensio
919 988 1247 1074 prodierit.

679 1202 814 1268 Diu
897 1223 972 1267 ac
1058 1200 1343 1266 multum
1427 1201 1789 1285 quaesitum
1859 1199 1983 1264 fuit
2049 1201 2125 1267 de
2195 1204 2550 1292 paedagogi
2621 1205 2831 1271 verbis
2897 1205 2955 1266 in

596 1309 830 1374 Electr.
879 1307 1002 1373 21:

1050 1413 1187 1492 πρὶν
1234 1409 1330 1478 οὖν
1375 1412 1489 1476 τιν’
1535 1412 1759 1490 ἀνδρῶν
1807 1411 2194 1493 ἐξοδοιπορεῖν
2242 1416 2431 1495 ςέγης

1052 1518 1435 1596 ξυνάπτετον
1477 1516 1783 1592 λόγοισιν·
1832 1520 1907 1592 ὡς
1959 1520 2284 1585 ἐνταῦθ’
2331 1524 2519 1601 ἔμεν

1055 1620 1132 1689 ἵν’
1183 1623 1384 1689 οὐκέτ’
1433 1625 1621 1687 ὀκνεῖν
1666 1623 1895 1702 καιρός,
1947 1627 2096 1689 ἀλλ’
2145 1626 2332 1708 ἔργων
2379 1631 2578 1707 ἀκμή.

599 1733 885 1819 Toupius
943 1732 1213 1797 coniecit
1270 1729 1610 1807 ξυναπτέον
1634 1777 1650 1807 ,
1699 1730 1809 1795 sed
1856 1733 2237 1798 contradixit
2282 1734 2694 1801 Hermannus
2719 1787 2737 1809 .
2788 1753 2953 1821 argu·

600 1850 816 1907 mento
860 1859 1017 1904 usus
1063 1841 1163 1902 uti
1209 1837 1370 1901 mihi
1421 1836 1680 1920 quidem
1729 1836 1984 1902 videtur
2029 1858 2152 1904 non
2201 1841 2385 1907 valde
2433 1843 2682 1908 idoneo.
2733 1839 2954 1906 Deinde

598 1947 769 2012 idem
837 1945 1156 2029 Toupius‚
1228 1964 1374 2007 cum
1448 1941 1692 2006 videret
1760 1942 2031 2007 formam
2097 1945 2238 2021 ἔμὲν
2302 1947 2600 2031 Sophocli
2659 1969 2782 2013 non
2843 1964 2957 2010 esse

602 2051 1093 2125 obtrudendam‚
1143 2050 1421 2132 scripsit:
1478 2049 1553 2120 ὥς
1605 2046 1858 2112 ἐνταῦθ’
1905 2048 2000 2114 ἵνκ
2055 2089 2136 2099 -
2188 2055 2292 2116 οὐκ
2341 2051 2428 2120 ἔς·’
2478 2051 2567 2117 ἔτ’
2608 2055 2800 2119 ὀκνεῖν
2834 2076 2955 2115 και·

602 2160 732 2237 ρός,
796 2160 865 2221 in
929 2177 1053 2241 qua
1113 2157 1425 2238 scriptura
1474 2153 1538 2216 id
1588 2175 1788 2218 unum
1839 2155 2160 2240 displicet,
2212 2159 2380 2243 quod
2427 2164 2640 2225 minus
2687 2159 2963 2246 perspici·

602 2270 736 2340 tur,
786 2263 952 2326 unde
999 2262 1235 2326 vitium
1282 2266 1506 2323 natum
1555 2261 1643 2322 sit
1689 2266 1753 2324 et
1801 2259 2064 2326 barbara
2109 2264 2314 2329 forma
2361 2267 2503 2341 ἐμὲν
2549 2288 2685 2332 sese
2733 2268 2798 2330 in
2845 2272 2959 2328 tex·

600 2376 743 2434 tum
786 2366 1221 2432 insinuaverit.
1270 2363 1554 2451 Longius
1587 2365 1994 2451 progreditur
2026 2368 2387 2454 Nauckius,
2428 2374 2532 2436 cui
2574 2373 2701 2438 duo
2739 2373 2955 2457 priores

600 2474 901 2543 versiculi
968 2469 1333 2556 interpolati
1403 2477 1551 2535 sunt
1620 2478 1874 2556 propter
1943 2487 2321 2560 argumenta
2391 2481 2660 2544 minime
2729 2483 2953 2562 inepta,

601 2592 762 2667 quae
807 2578 955 2644 vide
1004 2576 1171 2662 apud
1215 2579 1452 2661 ipsum.
1499 2575 1672 2640 Mihi
1718 2586 1966 2641 certum
2003 2586 2102 2643 est
2138 2603 2305 2646 nunc
2351 2604 2429 2647 ne
2469 2584 2676 2670 digito
2716 2583 2952 2669 quidem

600 2689 917 2774 attingere
980 2682 1345 2769 perplexam
1409 2682 1843 2765 quaestionem
1898 2684 1975 2748 de
2021 2688 2289 2769 pristina
2333 2709 2403 2754 ac
2450 2692 2733 2775 genuina
2777 2689 2957 2755 forma

599 2795 829 2859 harum
894 2789 1363 2876 tragoediarum
1426 2809 1540 2852 nec
1605 2788 1951 2873 quidquam
2015 2793 2082 2854 in
2142 2791 2407 2858 alteram
2471 2802 2682 2860 utram
2735 2802 2956 2882 partem

601 2899 981 2987 pronunci03
1053 2895 1119 2959 id
1189 2900 1402 2959 autem
1473 2894 1693 2970 vide0,
1765 2898 2054 2980 quisquis
2122 2898 2314 2963 fuerit
2376 2901 2604 2965 horum
2670 2920 2953 2966 versuum

602 3008 903 3090 scriptor,
949 3005 1084 3068 sive
1131 3004 1187 3065 is
1235 2998 1573 3084 Sophocles
1619 2999 1753 3085 ipse
1798 3001 1956 3078 fuit,
2008 2998 2162 3069 sive'
2190 3005 2417 3070 histrio
2451 3008 2749 3090 quidam,
2794 3010 2954 3072 cuius

599 3113 925 3180 licentiam
989 3108 1275 3194 Lycurgi
1336 3106 1440 3170 lex
1506 3126 1787 3171 coercere
1848 3129 1973 3172 non
2037 3113 2281 3194 potuit,
2333 3114 2469 3178 sive
2514 3116 2955 3200 grammaticus

599 3221 858 3306 quidam
921 3214 1424 3289 Alexandrinus,
1488 3212 1656 3275 hunc
1718 3215 1923 3299 igitur
1984 3218 2270 3300 quisquis
2318 3219 2549 3302 fuerit,
2599 3219 2806 3285 delabi
2850 3237 2956 3282 non

597 3329 879 3413 potuisse
948 3322 1027 3387 ad
1098 3320 1368 3385 formam
1441 3318 1618 3394 ἐμὲν,
1683 3340 1831 3382 nam
1897 3322 2294 3406 interpolatis
2357 3322 2550 3402 locis,
2617 3323 2953 3391 cuiusmodi

596 3436 756 3499 bene
803 3428 998 3495 multi
1045 3427 1122 3492 ab
1169 3424 1622 3509 interpretibus
1665 3430 2001 3510 notantur,
2051 3430 2304 3494 etiamsi
2352 3430 2670 3517 elegantia
2727 3431 2954 3496 deficiat

601 3547 667 3607 et
730 3539 974 3625 tragica
1037 3537 1167 3603 vis.
1234 3539 1446 3597 tamen
1502 3532 1798 3616 pudenda
1860 3538 2168 3600 sermonis
2216 3540 2376 3602 vitia
2423 3539 2592 3603 haud
2640 3539 2820 3604 facile
2865 3536 2951 3600 de·

598 3644 999 3735 prehenderis
1068 3642 1194 3703 nisi
1263 3638 1525 3702 fortasse
1590 3638 1877 3703 versibus
1945 3640 2213 3707 ulterius
2283 3647 2613 3728 corruptis.
2725 3642 2953 3710 Tenebo

599 3756 804 3841 igitur
851 3748 970 3813 sub
1017 3742 1268 3809 ἐνταῦθ’
1317 3744 1460 3821 ἐμὶν
1507 3742 1704 3808 latere
1749 3745 2056 3811 sinceram
2097 3747 2436 3814 lectionem
2475 3757 2540 3814 et
2579 3750 2749 3815 facili
2789 3766 2951 3835 opera

601 3852 1120 3941 recuperabimus
1189 3854 1518 3934 antiquam
1591 3854 1812 3934 poetae
1881 3873 2144 3916 manum
2218 3854 2582 3920 scribendo:
2656 3861 2730 3928 ὡς
2816 3851 2951 3920 ἔνθ’

601 3966 931 4040 ἕςκμεν.
1027 3956 1203 4022 Haec
1270 3962 1486 4021 autem
1553 3960 1762 4039 prima
1830 3979 2094 4042 persona
2161 3960 2313 4024 facit
2374 3968 2448 4026 ut
2511 3965 2726 4028 minus
2783 3964 2948 4028 etiam

602 4078 916 4140 sincerum
988 4064 1281 4129 videatur
1346 4059 1728 4136 ξυνάπτετον
1791 4070 1855 4127 et
1916 4063 2145 4149 'Poupii
2207 4065 2370 4131 illud
2428 4068 2766 4145 ξυνοιπτέον
2811 4085 2949 4133 nunc

601 4177 837 4245 melius
882 4174 1078 4237 etiam
1125 4167 1466 4233 stabilitur.
1563 4167 1855 4254 Denique
1899 4191 2150 4255 prorsus
2197 4193 2320 4237 non
2368 4182 2630 4259 apparet
2667 4172 2951 4261 quomodo

603 4282 934 4349 Nauckius
973 4299 1065 4341 vs.
1110 4274 1195 4339 22
1228 4295 1377 4340 eum
1415 4294 1505 4339 vs.
1557 4273 1639 4338 19
1683 4278 2059 4363 conjungere
2085 4283 2391 4362 potuerit,
2425 4281 2670 4347 duobus
2697 4281 2950 4347 versibus

607 4388 973 4460 eliminatis.
1066 4383 1265 4448 Nobis
1312 4377 1468 4444 ἔνθα
1518 4418 1597 4428 -
1650 4381 1750 4445 ἵνα.
1799 4383 1920 4447 sibi
1969 4387 2371 4469 respondent,
2421 4391 2612 4453 sicuti
2659 4393 2724 4453 in
2770 4387 2902 4456 illo:
