3192 5017
710 1088 2119 1179 'AIIOMNHMONETMATA

556 1301 1132 1398 GUILIELMI
1191 1300 1627 1393 GEORGII
1685 1299 2268 1391 PLUYGERS.

1230 1646 1374 1711 pars
1420 1625 1611 1690 tertis

822 1817 936 1892 AD
987 1812 1444 1890 CICERONIS
1492 1811 1971 1888 EPISTOLAS.

1220 2113 1600 2151 ψ

1036 2380 1150 2472 AD
1200 2377 1761 2454 FAMILIARES.

310 2596 361 2660 Ι.
412 2595 470 2659 1.
524 2591 598 2657 3:
653 2605 721 2656 ut
755 2592 1088 2655 exercitum
1125 2587 1339 2673 reliyio
1377 2586 1557 2650 tollat
1576 2633 1590 2662 ‚
1635 2597 1691 2651 te
1717 2599 2026 2651 Auctorem
2051 2599 2296 2652 senatus
2319 2590 2597 2653 retineat.

308 2699 692 2766 Emendavit
735 2695 1084 2783 Pluygers:
1137 2706 1193 2758 te
1233 2704 1649 2757 nnnuctorem.

310 2807 620 2872 Reductor
663 2803 906 2890 legitur
951 2802 1148 2866 etism
1198 2797 1365 2883 apud
1407 2796 1586 2863 alios.
1637 2797 1970 2863 Menenius
2009 2797 2303 2886 Agrippa
2340 2819 2378 2864 s
2419 2800 2605 2866 Livio

226 2910 450 2977 dicitur
508 2910 590 2976 II.
659 2908 764 2974 33.
830 2923 1168 2972 annuo'ron
1206 2905 1404 2992 plebis
1453 2904 1779 2968 Romanae
1824 2907 1892 2968 in
1943 2905 2169 2969 urbem.
2265 2904 2599 2986 Ceterum,

229 3021 279 3084 si
339 3038 650 3104 nusquam
715 3016 873 3082 alibi
942 3013 1303 3101 legeretur,
1366 3013 1802 3094 unusquisque
1864 3031 1979 3075 suo
2041 3010 2354 3077 arbitratu
2413 3033 2609 3079 novas

230 3124 452 3190 formas
518 3127 587 3189 in
647 3159 734 3172 —-
796 3138 879 3187 on
955 3129 1021 3185 et
1083 3155 1169 3168 —
1235 3134 1300 3182 10
1376 3137 1490 3202 pro
1560 3137 1628 3181 re
1691 3123 1841 3181 nata
1903 3113 2109 3204 fingit.
2204 3116 2317 3183 Ad
2372 3119 2609 3206 plebem

233 3234 534 3297 traducere
551 3278 567 3307 ,
629 3233 694 3295 et
760 3228 1068 3294 traductio
1129 3226 1217 3288 ad
1272 3222 1508 3310 plebem
1572 3222 1793 3287 dicunt
1854 3242 2074 3288 omnes
2092 3270 2109 3300 ,
2174 3219 2394 3290 Cicero
2440 3224 2613 3292 solus

232 3337 387 3402 dixit
443 3340 513 3402 in
572 3334 865 3421 Epistola
910 3335 997 3398 ad
1040 3330 1324 3396 Atticum
1372 3327 1452 3395 ΙΙ.
1503 3328 1562 3393 9.
1625 3330 1695 3393 1:
1747 3329 1843 3394 hic
1886 3342 2094 3396 noster
2140 3328 2612 3418 Hierosolyma-

233 3446 357 3508 rius
399 3458 778 3508 wasnuomon
821 3442 909 3504 ad
944 3438 1205 3527 plebem,
1253 3441 1318 3501 et
1365 3434 1587 3502 eedem
1637 3436 1799 3502 ratio
1845 3440 1943 3501 est
1986 3437 2053 3500 in
2094 3434 2240 3502 aliis
2278 3441 2609 3505 sexcentis.

318 3651 363 3716 Ι.
425 3651 489 3717 2.
541 3649 619 3716 2:
685 3647 1137 3737 perspiciebant
1205 3647 1368 3711 enim
1436 3648 1504 3710 in
1571 3644 1901 3712 Hortensii
1967 3649 2327 3712 sententiam
2399 3648 2617 3714 multis

229 3760 505 3845 partibus
561 3756 777 3844 plures
838 3757 1037 3820 ituros
1057 3799 1073 3831 ,
1122 3775 1504 3839 quamquam
1549 3765 1761 3840 aperte
1825 3751 2104 3818 Vulcatio
2150 3755 2612 3850 assentirentur.

240 3862 422 3929 Multi
464 3864 848 3950 roqabantur
891 3873 1075 3947 atque
1118 3860 1189 3924 id
1232 3861 1440 3945 ipsum
1486 3859 1831 3924 consulibus
1875 3860 2107 3924 invitis.

320 3968 654 4055 Duplicem
696 3968 1115 4052 suspicionem
1153 3967 1219 4029 in
1258 3966 1550 4052 margine
1590 3963 1960 4049 adscripsit:
2002 3988 2382 4051 quamquam
2405 3979 2617 4053 aperte

241 4088 302 4139 ut
347 4075 612 4141 Volcatio
653 4075 1100 4138 assentirentur
1138 4070 1325 4136 multi
1362 4071 1765 4157 roqabantur.
1808 4076 1956 4136 sut:
1998 4095 2380 4159 quamquam
2408 4084 2619 4160 aperte

258 4180 518 4249 Volcatio
565 4182 1011 4247 assentirentur
1055 4177 1241 4243 multi
1258 4226 1277 4263 ‚
1323 4176 1533 4245 deleto
1578 4178 1978 4263 roqabantur.

328 4392 376 4459 1.
425 4393 486 4460 6.
543 4394 617 4459 l:
678 4415 833 4482 quae
894 4403 1196 4478 yerantur
1242 4392 1498 4482 accipies
1543 4412 1618 4455 ex
1667 4388 1986 4473 Pollione,
2036 4390 2146 4475 qui
2191 4390 2472 4455 omnibus
2516 4413 2620 4456 ne-

2351 4510 2382 4562 8
