3192 5017
1259 285 1590 340 fotmus.
2497 265 2622 339 181

262 461 431 525 etiam
490 464 566 527 iis
634 486 792 549 quae
852 465 1190 551 patiantur
1254 466 1540 529 tristiora
1584 465 1887 551 patienda
1948 485 2071 528 esse
2131 467 2360 529 ducant
2408 465 2622 552 potius

259 589 431 652 quam
458 570 590 655 fide
635 571 924 635 decedant
942 617 959 646 ‚
1005 574 1091 637 sic
1132 573 1302 659 quod
1344 573 1431 635 ad
1474 569 1835 635 Lucretium
1879 568 2405 657 Hortensiumque
2466 573 2618 635 atti-

256 687 409 738 neret
460 678 607 740 scire
656 678 852 739 tutius
885 678 1091 762 fuisse
1134 678 1412 742 claudere
1448 689 1675 763 portas
1721 699 1912 762 quam
1955 677 2022 740 in
2067 677 2277 740 urbem
2323 698 2422 742 eos
2461 677 2617 741 acci-

252 802 397 866 pere·
491 779 614 861 Qui
655 783 1044 849 exclusissent
1087 807 1186 850 eos
1232 782 1601 847 Emathiam
1620 829 1637 859 ‚
1687 781 2122 869 Amphipolim
2139 829 2156 859 ,
2208 783 2576 847 Maroneam
2594 828 2613 858 ‚

257 884 477 951 Aenum
518 889 847 953 incolumes
890 912 1011 954 esse
1027 916 1050 966 ,-
1099 893 1274 978 apud
1317 912 1378 953 se
1422 888 1656 976 templa
1702 889 1981 952 omnibus
2027 891 2405 953 ornamentis
2456 911 2614 953 com-

251 992 461 1078 pilata,
507 995 824 1081 spoliaque
868 997 1173 1082 sacrileqii
1216 996 1287 1062 C.
1328 994 1690 1060 Lucretium
1725 997 1982 1059 navibus
2004 993 2273 1059 Antium
2297 998 2615 1074 devexisse,

256 1096 425 1163 libera
482 1123 745 1188 corpora
800 1104 868 1165 in
926 1104 1277 1167 servitutem
1339 1102 1595 1189 abrepta
1617 1148 1635 1178 ‚
1674 1101 1988 1184 fortunas
2049 1103 2351 1167 sociorum
2392 1102 2621 1190 populi

258 1202 511 1270 Romani
571 1209 850 1294 direptas
909 1231 1031 1274 esse
1090 1221 1149 1274 et
1205 1210 1477 1295 quotidie
1534 1208 1752 1295 diripi.
1848 1206 2028 1271 Nam
2083 1231 2158 1273 ex
2203 1210 2488 1273 instituto
2543 1206 2614 1274 C.

255 1307 511 1375 Iaoeretii
565 1312 977 1378 Hortensium
1034 1337 1272 1402 quoque
1314 1317 1381 1379 in
1428 1315 1596 1379 tectis
1641 1313 1833 1378 hieme
1866 1316 2118 1401 pariter
2161 1327 2346 1401 atque
2388 1326 2618 1381 aestate

252 1416 479 1482 navales
541 1422 730 1484 socios
791 1420 1008 1485 habere
1067 1434 1150 1486 et'
1185 1421 1399 1486 &tomos
1461 1444 1608 1484 suas
1663 1420 1882 1508 plenas
1927 1422 2114 1485 turba
2158 1424 2411 1487 nautica
2453 1444 2576 1487 esse
2591 1446 2615 1497 ,·

251 1525 470 1588 versari
508 1526 671 1590 inter
711 1547 775 1590 se
815 1529 1094 1611 coniuqes
1139 1527 1473 1612 liberosque
1517 1549 1660 1591 suos
1675 1571 1694 1602 ‚
1741 1526 1963 1612 quibus
1998 1527 2157 1592 nibil
2192 1550 2382 1614 neque
2423 1530 2619 1593 dicere

246 1630 412 1711 pensi
448 1632 528 1694 sit
566 1653 759 1717 neque
787 1633 1028 1715 facere.

328 1735 531 1820 Atque
587 1737 703 1802 has
748 1737 1166 1825 indignitates
1212 1738 1618 1823 patiebantur
1662 1735 2139 1816 Chalcidenses,
2188 1739 2422 1825 quibus
2468 1738 2618 1806 fide·

248 1834 421 1906 liores
462 1843 659 1907 socios
703 1841 981 1908 Romani
1023 1863 1147 1909 non
1192 1842 1531 1909 habebant.

326 1944 541 2034 Itaque
584 1947 807 2014 Patres
848 1951 1164 2015 sociorum
1211 1950 1483 2034 querelis
1527 1952 1692 2016 moti
1738 1948 2092 2017 Consulum
2133 1956 2199 2017 et
2234 1951 2612 2018 Praetorum

250 2055 307 2115 et
343 2050 695 2141 legatorum
741 2057 993 2120 iniuriis
1037 2056 1296 2122 obviam
1340 2059 1436 2121 ire
1481 2056 1915 2127 decreverunt.
1965 2057 2134 2138 Quid
2180 2077 2285 2123 eos
2330 2060 2613 2122 maxime

249 2157 559 2243 impulerit
616 2160 975 2228 luculenter
1019 2160 1296 2228 declarat
1339 2161 1655 2250 Polybius
1701 2164 1869 2249 apud
1914 2163 2266 2229 Diodorum
2314 2162 2610 2230 Siculum

250 2260 451 2331 XXX.
496 2265 575 2332 8:
645 2281 921 2345 senatus,
990 2270 1229 2355 inquit,
1292 2293 1485 2356 quum
1549 2269 1817 2334 Perseus
1873 2283 2122 2357 praeter
2180 2273 2456 2335 omnium
2501 2293 2608 2334 ex-

246 2377 654 2456 spectationem
714 2374 1023 2440 Romanis
1082 2376 1231 2441 bello
1282 2400 1415 2464 par
1459 2388 1609 2440 esset
1651 2390 1711 2444 et
1756 2399 1947 2463 aequo
1993 2377 2205 2442 Diarte
2245 2377 2466 2440 bellum
2507 2399 2611 2461 qe·

247 2490 393 2542 reret
447 2492 505 2544 et
571 2478 953 2546 Graecarum
998 2483 1318 2546 civitatum
1362 2484 1572 2546 studia
1617 2485 1703 2546 ad
1746 2481 2044 2547 Perseum
2091 2483 2455 2548 inclinarent
2472 2528 2489 2559 ‚
2537 2494 2609 2546 ut

255 2579 610 2649 Graecorum
669 2587 1137 2652 benevolentiam
1197 2589 1483 2652 retineret
1501 2635 1518 2665 ‚
1566 2610 1799 2671 semper
1839 2610 1939 2653 eos
1985 2611 2137 2653 novo
2183 2588 2393 2674 aliquo
2439 2589 2608 2652 bene·

237 2692 372 2774 ficio
424 2693 539 2757 sibi
595 2694 989 2759 conciliabat.-
1051 2695 1085 2768 ἦ
1135 2692 1489 2770 σύγκλητος
1537 2694 1641 2759 οὶεί
1685 2717 1745 2758 τι
1796 2698 2222 2758 καινοτοιοῦσοι
2269 2694 2409 2765 τοὺς
2452 2695 2606 2758 Ἕλ-

247 2809 417 2871 ληνας
489 2799 932 2878 Φιλανθρώπως
994 2836 1077 2847 -
1143 2799 1631 2877 ἐπελαμβάνετο
1704 2807 1815 2875 τῆς
1885 2807 2002 2865 τῶν
2072 2797 2277 2880 ὄχλων
2347 2801 2602 2870 εὐνοίαις.

246 2900 397 2970 Hinc
462 2911 718 2972 senatus
786 2905 1151 2972 consultum
1217 2906 1483 2992 plenum
1544 2906 1969 2971 humanitatis
2028 2906 2272 2971 factum
2331 2911 2457 2970 est:
2521 2924 2606 2972 ms

248 3025 372 3082 QUIS
428 3030 649 3078 ULLAM
708 3029 843 3077 mm
894 3031 962 3080 m
1026 3030 1289 3077 BELLUM
1332 3029 1847 3080 MAGISTRA'HBUS
1892 3012 2191 3077 Romame
2238 3028 2604 3078 OONFRRRB'P

246 3131 687 3194 mumoum
731 3134 899 3192 quon
945 3135 1227 3184 summus
1275 3135 1681 3185 omsmssar.
1768 3118 1908 3184 Hoc
1939 3122 2248 3206 fiduciam
2294 3121 2361 3182 in
2397 3131 2605 3207 poste-

248 3245 370 3286 rum
433 3247 668 3311 quoque
728 3225 1101 3312 praebuerat
1163 3225 1388 3290 levatos
1448 3248 1509 3290 se
1571 3225 1854 3289 oneribus
1914 3228 2322 3312 impensisque
2386 3226 2605 3311 quibus

246 3328 355 3393 alia
394 3331 533 3396 aliis
577 3331 1025 3418 imperantibus
1070 3331 1610 3396 exhauriebantwr.
1661 3331 1829 3417 (Liv.
1880 3330 2115 3396 XLIII.
2169 3330 2273 3395 17.
2325 3330 2416 3416 2).

316 3433 493 3502 Nihil
553 3441 801 3522 poterat
861 3438 1051 3501 sociis
1111 3439 1472 3521 exoptatius
1531 3435 1806 3502 evenire.
1902 3437 2122 3522 Itaque
2167 3436 2601 3503 Romanorum

244 3535 421 3627 leg-ati
464 3540 769 3609 Graeciae
815 3546 879 3607 et
923 3544 1112 3608 Asiae
1154 3545 1448 3608 civitates
1493 3545 1964 3608 circumeuntes
2009 3545 2274 3609 recitato
2319 3543 2437 3610 hoc
2485 3543 2605 3609 Pa-

245 3647 395 3711 trum
452 3648 704 3715 decreto
765 3647 1228 3736 benignitatem
1288 3654 1543 3713 senatus
1605 3654 1671 3713 et
1723 3651 2193 3714 humanitatem
2239 3652 2309 3714 in
2354 3650 2603 3716 coelum

243 3751 554 3820 efferebant
625 3754 947 3821 laudibus.
1002 3754 1316 3841 Polybius
1383 3753 1678 3819 XXVIII.
1747 3753 1820 3818 3:
1892 3749 2092 3819 Αὖλος
2153 3758 2322 3821 κατὰ
2393 3762 2605 3821 τοῦτον

241 3857 329 3921 τὸν
369 3860 574 3940 χρόνον
620 3859 1069 3940 ἀντιςροὶτηγος
1119 3859 1195 3924 ὢν
1245 3861 1347 3946 (A.
1396 3859 1722 3926 Hostilius
1768 3881 1881 3945 pro
1934 3858 2208 3927 Consule
2247 3882 2408 3928 anno
2445 3862 2603 3949 169)

243 3964 332 4027 καὶ
395 3967 892 4048 παραχειμάζων
958 3968 1018 4031 ἐν
1090 3966 1422 4050 Θετταλίᾳ
1488 3968 1661 4044 μετὰ
1726 3975 1843 4032 τῶν
1907 3966 2221 4044 δυνάμεων
2281 3968 2604 4050 ἐξέπεμψε

244 4073 611 4150 πρεσβευτὰς
668 4076 768 4168 ,εἷς
827 4074 968 4148 τοὺς
1028 4074 1200 4139 κατὰ
1257 4075 1368 4149 τὴν
1432 4073 1722 4139 Ἑλλάδα,
1767 4073 1989 4146 τόπους
2037 4074 2219 4140 Γοῖιόν
2265 4079 2602 4142 Ποπίλλιον

247 4177 332 4240 καὶ
370 4187 577 4245 Γναῖον
621 4180 1006 4271 Ὀκτάβιον,
1056 4172 1111 4245 οἳ
1157 4186 1387 4259 πρῶτον
1433 4180 1546 4257 μὲν
1592 4181 1680 4249 εἷς
1724 4179 1948 4259 Θήβας
1990 4181 2263 4253 ἐλθόντες
2300 4182 2602 4265 ἐπῄνεσαν

249 4282 336 4347 καὶ
381 4286 810 4365 παρεκάλεσαν
857 4286 999 4358 τοὺς
1047 4286 1364 4364 Θηβαίους
1414 4284 1870 4364 διαφυλάττειν
1914 4288 2024 4361 τὴν
2070 4287 2212 4368 πρὸς
2263 4292 2599 4368 Ῥωμαίους

253 4386 486 4472 εὔνοιαν,
525 4394 659 4474 ἑξῆς
710 4395 775 4461 δὲ
820 4394 1053 4467 τούτοις
1104 4392 1589 4476 ἐπιπορευόμενοι
1641 4395 1757 4466 τὰς
1808 4393 1868 4457 ἐν
1908 4397 2343 4478 Πελοποννήσῳ
2389 4398 2600 4476 πόλεις
