3192 5017
383 1154 972 1248 EXEGETICA
1028 1154 1160 1246 ΕΤ
1216 1152 1647 1246 CRITICA
1704 1152 1852 1243 AD
1910 1151 2464 1244 CICERONIS

628 1291 1246 1384 ORATIONEM
1302 1290 1503 1382 PRO
1562 1291 1662 1381 A.
1725 1289 2218 1381 CAECINA.

1177 1602 1648 1646 ..ψ’

324 1863 493 1945 Quae
553 1864 634 1931 ad
692 1885 950 1932 eausam
1013 1860 1463 1931 Caecinianam
1527 1862 1846 1947 pertinent
1904 1881 2109 1946 nuper
2170 1867 2303 1928 tam
2365 1865 2616 1946 copiose

244 1990 418 2055 quam
469 1970 795 2060 eleganter
840 1971 1130 2057 exposita
1173 1974 1324 2035 sunt
1370 1988 1408 2035 a
1454 1969 1593 2034 viro
1633 1964 2124 2035 consultissimo
2160 1965 2224 2032 J.
2263 1966 2615 2056 Kappeyne

241 2096 353 2141 van
418 2077 495 2143 de
556 2075 864 2163 Coppello
924 2079 991 2141 in
1051 2073 1253 2140 libro:
1311 2073 1465 2139 Θυα-
1523 2090 1645 2139 vm
1687 2089 1933 2139 nom
1976 2078 2044 2136 in
2090 2077 2187 2138 het
2232 2073 2616 2140 interdictum

242 2183 324 2245 uti
369 2183 716 2268 possidetis.
777 2182 1121 2265 Uitqeqeven
1178 2182 1324 2246 door
1368 2181 1443 2245 de
1486 2180 1645 2245 Koa.
1695 2179 1887 2245 Akad.
1939 2201 2057 2244 van
2131 2179 2619 2267 Weiemohappen

240 2294 292 2351 te
332 2290 718 2354 Auster-dam.
765 2293 959 2353 Amet.
1016 2285 1250 2354 1880.”
1341 2286 1504 2353 Eam
1545 2285 2044 2371 disputationem
2084 2305 2210 2353 non
2250 2308 2383 2354 esse
2417 2288 2616 2355 latine

242 2394 529 2480 scriptam
591 2395 773 2461 doleo
834 2413 961 2460 non
1008 2399 1143 2460 tam
1191 2398 1406 2460 nostra
1450 2411 1643 2458 eausa
1687 2412 1880 2476 quam
1930 2397 2315 2459 exterorum.
2408 2393 2616 2461 Nemo

243 2501 401 2565 enim
447 2501 616 2587 apud
661 2521 774 2567 nos
820 2503 1051 2567 existet
1066 2549 1085 2584 ‚
1140 2501 1254 2585 qui
1300 2499 1418 2565 hoo
1461 2520 1667 2587 genus
1713 2500 2016 2565 orationis
2059 2497 2340 2565 nitidum
2402 2505 2467 2567 et
2515 2501 2614 2566 fu-

241 2625 371 2671 sum
432 2613 834 2693 aspernetur3
899 2608 1132 2673 exteris
1194 2611 1412 2672 autem
1476 2608 1569 2670 sio
1633 2604 1848 2689 aliqua
1892 2602 2233 2670 difficultas
2279 2607 2615 2684 obiicitur3

241 2718 298 2776 et
337 2715 404 2778 in
449 2718 754 2799 perpetuo
799 2711 1066 2779 flumine
1102 2712 1415 2779 librorum
1454 2716 1519 2777 et
1556 2709 1927 2777 libellorum
1951 2759 1968 2786 ,
2007 2731 2132 2796 quo
2170 2709 2346 2796 prela
2382 2712 2616 2779 sudant

241 2822 298 2881 et
338 2820 460 2885 viri
505 2819 675 2885 docti
720 2838 917 2905 paene
964 2818 1339 2895 obruuntur,
1390 2837 1463 2883 ea
1505 2818 1918 2903 potissimum
1967 2822 2373 2903 appetuntur,
2413 2838 2575 2903 quae
2592 2867 2613 2905 ‚

242 2926 452 2989 ceteris
511 2924 768 3010 quidem
819 2926 919 3011 (ut
963 2924 1173 3011 aiunt)
1219 2923 1481 3010 paribus
1498 2971 1516 3002 ,
1565 2924 1705 2988 sine
1751 2924 2086 3008 putamine
2133 2922 2403 2990 molesto
2447 2924 2613 2991 frue-

241 3030 368 3093 tum
417 3029 685 3097 offerunt
729 3036 794 3096 et
839 3050 1147 3116 saporem.

320 3134 642 3215 Quaedam
704 3158 781 3203 ex
844 3157 920 3202 ea
976 3138 1512 3203 commentatione
1569 3133 1851 3201 delibare
1905 3133 2089 3200 iuvat
2132 3154 2260 3201 non
2305 3136 2616 3203 iuriscon-

240 3239 415 3307 sultis
473 3243 581 3309 sed
644 3241 1010 3331 philologis.
1103 3241 1231 3322 Qui
1291 3244 1347 3308 si
1392 3262 1536 3308 eam
1582 3243 1930 3307 orationem
1951 3290 1969 3325 ‚
2019 3243 2317 3326 quoniam
2367 3244 2434 3308 in
2479 3245 2619 3310 iure

241 3354 513 3413 versatur
571 3354 710 3414 tota
766 3346 1232 3414 iurisconsultis
1276 3346 1650 3434 relinquunt
1697 3367 1769 3412 ao
1814 3367 1941 3413 non
1988 3354 2205 3413 contra
2251 3349 2615 3428 vindicant,

241 3471 352 3517 non
415 3459 669 3520 tantum
744 3473 983 3543 magna
1040 3474 1106 3520 se
1180 3455 1437 3540 privant
1509 3452 1875 3539 voluptate,
1954 3452 2064 3519 sed
2136 3455 2335 3520 etiam
2412 3454 2617 3522 officio

245 3554 471 3625 desunt.
566 3559 685 3626 Est
746 3562 917 3626 enim
979 3580 1110 3626 una
1166 3580 1244 3625 ex
1307 3558 1572 3645 optimis
1620 3557 1935 3626 Tullianis
1954 3609 1972 3644 ,
2020 3564 2087 3626 et
2132 3560 2212 3626 ad
2256 3563 2395 3628 eius
2438 3562 2617 3651 inge-

243 3664 406 3730 nium
454 3671 521 3731 et
566 3664 1000 3751 eloquentiam
1047 3665 1482 3755 cognoscenda
1526 3667 1852 3751 quantivis
1897 3666 2111 3751 pretii.

322 3772 408 3838 Ao
467 3774 755 3859 primum
820 3770 1081 3858 quidem
1141 3772 1324 3838 docet
1383 3771 1496 3848 K„
1563 3771 2010 3837 deductionem
2072 3792 2149 3838 ex
2197 3792 2381 3862 agrn,
2435 3774 2616 3840 cuius

245 3883 627 3945 controversa
689 3879 777 3943 sit
836 3880 1145 3964 possessio
1162 3927 1181 3964 ,
1246 3898 1389 3945 eam
1447 3898 1611 3963 quae
1680 3879 1941 3943 moribus
2006 3879 2280 3943 deductio
2351 3879 2618 3961 dieitur,

245 3977 363 4049 fieri
422 3987 623 4051 etiam
678 3985 965 4069 potuisse
1024 3986 1159 4051 sine
1214 3986 1522 4071 praetoris
1567 3984 1945 4061 interdicto3
1992 4004 2126 4049 esse
2172 4004 2314 4051 eam
2361 4006 2620 4072 praepa-

245 4092 540 4157 rationem
602 4090 785 4176 quasi
830 4089 1058 4155 iudioii
1075 4138 1093 4168 ,
1144 4094 1219 4156 ut
1264 4095 1436 4158 certo
1483 4092 1654 4157 inter
1698 4088 2034 4178 litigantes
2077 4096 2325 4157 constet
2369 4112 2497 4178 qua
2541 4094 2620 4160 de

248 4212 305 4259 re
357 4203 617 4283 agatur3
679 4200 933 4283 praetor
992 4197 1198 4285 igitur
1241 4199 1343 4263 uti
1390 4218 1561 4263 nuno
1595 4195 1960 4283 possideant
2001 4194 2337 4283 litigantes
2383 4218 2625 4284 posses-

248 4300 473 4369 sionem
536 4299 912 4369 eonfirmare
952 4305 1199 4389 potest,
1249 4302 1555 4372 adversus
1600 4323 1675 4369 ea
1718 4304 1858 4370 vim
1909 4303 2182 4387 (veram)
2228 4300 2364 4370 fieri
2409 4312 2624 4375 vetare

250 4403 418 4489 (talia
476 4408 605 4474 fere
663 4407 987 4475 interdicti
1049 4409 1270 4491 verba)
1332 4430 1458 4476 non
1519 4414 1776 4475 tantum
1824 4412 1971 4496 ante
2018 4407 2465 4476 deductionem
2511 4413 2622 4482 sed
