3192 5017
457 255 548 327 90
1459 269 1856 331 Ausonum.

549 449 788 539 Agam.
837 449 971 519 868
993 473 1010 518 z

1001 561 1109 625 καὶ
1155 557 1529 639 τραυμάτων
1574 561 1691 639 μὲν
1737 563 1788 628 εἰ
1837 562 2028 628 τόσων
2073 561 2431 641 ἐτύγχανεν

1000 666 1146 746 ανὴρ
1192 662 1310 745 ὅδ’,
1355 669 1434 741 ὥς
1481 669 1629 747 πρὸς
1680 663 1832 734 οἰκον
1880 668 2224 750 ὠχετεύετο

1000 772 1196 856 φάτις
1219 821 1236 850 ,
1284 773 1583 853 τέτρωται
1632 775 1878 841 δικτύου
1926 776 2096 840 πλέω
2143 774 2374 853 λέγειν.

458 877 745 945 Exhibui
783 878 1117 968 vulgatam
1155 881 1570 965 scripturam,
1613 903 1808 968 quam
1846 882 2227 949 Karstenius
2251 884 2345 947 ita
2365 883 2857 966 interpretatur:

444 988 637 1072 plura
680 987 853 1052 habet
898 987 1151 1051 vulnera
1197 1008 1368 1071 quam
1416 995 1559 1052 eunt
1606 995 1752 1052 retis
1782 989 2129 1072 foramina.
2199 986 2371 1054 'I'um
2422 986 2601 1053 addit
2647 987 2860 1051 brevi-

458 1092 852 1179 loquentiam
916 1113 1056 1160 eam
1122 1113 1255 1159 esse
1273 1140 1291 1171 ‚
1357 1113 1518 1178 quae
1577 1097 1952 1180 interpretes
2001 1095 2130 1160 fere
2175 1092 2509 1159 fefellerit:
2560 1091 2860 1157 additum

460 1205 678 1267 sutem
752 1198 966 1279 λέγειν
1036 1200 1250 1266 verbis
1320 1200 1564 1266 δικτύου
1625 1202 1795 1266 πλέω
1862 1201 2193 1287 emphasin
2255 1206 2486 1288 suget3
2547 1200 2715 1286 quod
2780 1205 2862 1264 ut

458 1306 683 1393 probet
750 1306 1129 1372 Karstenius
1150 1355 1166 1384 ‚
1240 1305 1421 1372 effert
1488 1306 1708 1395 Agam
1779 1307 1912 1374 266
1972 1314 2038 1373 et
2099 1306 2273 1393 Sept.
2340 1305 2473 1374 970
2494 1357 2511 1384 ,
2577 1326 2853 1391 quorum

458 1411 745 1479 locorum
791 1412 957 1477 mihi
1001 1417 1217 1478 tamen
1263 1411 1514 1479 diversa
1552 1418 1716 1480 ratio
1757 1415 2030 1481 videtur.
2083 1413 2385 1479 Desidero
2425 1418 2593 1479 certe
2630 1431 2862 1497 aequa·

468 1518 784 1585 bilitatem
804 1568 821 1603 ,
885 1520 999 1584 ubi
1059 1520 1368 1603 interpres
1428 1522 1496 1584 in
1562 1522 1770 1586 tribus
1830 1521 2042 1587 verbis
2103 1519 2300 1586 simul
2353 1525 2533 1586 notet
2579 1518 2860 1585 brevilo-

462 1626 792 1711 quentiam
840 1630 906 1690 et
952 1624 1431 1691 abundantiam.
1501 1626 1775 1713 Aliquid
1824 1624 2305 1692 condonandum
2353 1631 2451 1692 est
2492 1628 2628 1692 vati
2674 1623 2860 1690 flam-

459 1748 640 1797 meos
698 1751 921 1798 versus
983 1729 1361 1797 medullitus
1418 1733 1781 1818 propinanti
1800 1781 1816 1810 ‚
1881 1732 1991 1798 sed
2047 1732 2153 1797 hic
2201 1752 2452 1818 quoque
2496 1730 2654 1797 certi
2700 1728 2858 1794 fines

461 1841 647 1922 sunt,
713 1857 870 1924 quos
929 1838 1132 1903 bonus
1193 1843 1380 1923 poete
1436 1859 1563 1904 non
1627 1841 1886 1927 migrat.
1984 1837 2109 1904 Sed
2168 1838 2546 1905 Karstenius
2591 1838 2860 1903 fortasse

457 1965 586 2012 non
642 1947 857 2031 potuit
902 1963 1278 2031 cognoscere
1325 1943 1634 2010 Ahrentis
1682 1946 2042 2011 evidentem
2091 1945 2593 2010 emendationem
2641 1941 2857 2022 τέτρη-

460 2074 568 2116 ται
640 2070 753 2137 pro
821 2048 1120 2129 τέτρωται
1194 2055 1257 2115 et
1323 2049 1689 2116 Dindorfius
1749 2051 1975 2117 itidem
2037 2056 2206 2117 recte
2268 2048 2453 2116 πλέον
2511 2070 2626 2137 pro
2683 2049 2854 2114 πλέω

461 2156 682 2223 edidit.
733 2156 909 2236 Quae
954 2155 1211 2221 offensio
1258 2161 1546 2242 superest
1589 2160 1659 2221 in
1709 2155 2030 2223 infinitivo
2077 2157 2286 2236 λέγειν
2300 2207 2318 2242 ,
2360 2178 2499 2223 eam
2540 2155 2859 2223 declinare

460 2265 814 2350 poterimus
874 2264 1001 2328 sic:
1067 2263 1358 2343 τέτρηται
1423 2262 1666 2328 δικτύου
1732 2262 1998 2328 ποὶλαι
2059 2264 2328 2330 πλέον.
2425 2262 2499 2328 In
2547 2261 2662 2328 tali
2710 2283 2856 2327 sen·

459 2372 662 2437 tentis
708 2369 1087 2437 adverbium
1137 2367 1342 2435 πάλαι
1390 2369 1577 2455 plane
1623 2370 2046 2436 necessarium
2094 2371 2276 2437 duco.

550 2582 850 2651 Nondum
894 2583 1271 2667 interpretes
1316 2582 1662 2648 attendisse
1710 2582 2010 2648 videntur
2045 2581 2128 2649 ad
2167 2583 2402 2671 Agsm.
2444 2580 2599 2648 917.
2635 2581 2857 2650 Verba

461 2695 613 2758 sunt
656 2690 1057 2776 imperatoris
1098 2690 1166 2754 in
1212 2691 1486 2774 patriam
1534 2691 1772 2754 reversi
1820 2689 1900 2755 ed
1946 2707 2250 2756 uxorem:

827 2795 1101 2879 ἀπουσίᾳ
1147 2795 1262 2873 μὲν
1307 2790 1494 2867 εἶπας
1540 2793 1788 2866 εἰκότως
1836 2795 1959 2877 ἐμῇ
1980 2814 1998 2833 ·

827 2902 1078 2982 μακρὰν
1122 2902 1250 2980 γὰρ
1297 2899 1601 2979 ἐξέτεινας
1623 2923 1640 2940 ·
1687 2903 1840 2966 ἀλλ’
1888 2902 2215 2980 ἐναισίμως

826 3010 1124 3073 αἰνεῖν·
1177 3013 1322 3087 παρ’
1370 3005 1580 3073 ἄλλων
1627 3010 1750 3089 χρὴ
1797 3006 1925 3072 τόδ’
1973 3005 2379 3089 ἔρχεσθαι
2430 3009 2640 3090 γέρας.

461 3113 670 3185 Sicuti
724 3118 947 3182 statim
1009 3116 1300 3200 sequitur
1360 3116 1814 3201 imperativus:
1880 3116 1985 3180 καὶ
2045 3113 2264 3179 τᾶλλα
2310 3116 2398 3192 μὴ
2447 3117 2740 3195 γυναικὸς
2789 3118 2854 3181 ἐν

462 3224 704 3304 τρόποις
752 3223 865 3299 ἐμὲ
914 3217 1182 3305 ἅβρυνε,
1229 3223 1320 3286 sic
1367 3219 1630 3286 malim:
1680 3219 1894 3286 αἴνει
1943 3241 2056 3307 pro
2101 3222 2291 3286 αἰνεῖν
2339 3228 2404 3288 et
2459 3220 2854 3302 εὑρέσθαι

462 3329 822 3419 elegantius
881 3328 1008 3393 nisi
1071 3326 1262 3393 fallor
1322 3329 1443 3393 erit
1504 3348 1694 3412 quum
1747 3324 2051 3407 ἔρχεσθαι
2075 3378 2091 3402 ,
2140 3329 2306 3413 quod
2354 3329 2615 3394 fortasse
2660 3349 2740 3394 ne
2782 3330 2854 3394 in

461 3434 791 3524 tragoedia
830 3433 1089 3519 quidem
1129 3432 1531 3499 tolerandum
1566 3440 1697 3509 est,
1736 3433 1815 3499 cf.
1858 3434 2084 3501 Elmsl.
2128 3435 2208 3500 ad
2228 3435 2382 3500 Eur.
2409 3434 2665 3502 Heracl.
2693 3435 2851 3500 210.

557 3651 784 3733 Agsm.
835 3644 971 3715 924
992 3664 1008 3712 2

786 3841 795 3844 -
917 3753 979 3818 έν
1026 3753 1317 3825 ποικίλοις
1366 3751 1430 3817 δὲ
1477 3749 1701 3828 θνητὸν
1744 3751 1895 3818 ὄντα
1942 3753 2242 3819 κάλλεσιν

921 3857 1160 3937 βαίνειν
1207 3858 1338 3936 ἐμοὶ
1387 3859 1501 3938 μὲν
1544 3861 1825 3938 οὐδαμῶς
1873 3857 2019 3926 ἄνευ
2064 3860 2349 3940 Φόβου.

462 3970 644 4039 Haec
702 3970 759 4035 si
812 3965 1156 4033 contuleris
1214 3987 1359 4032 cum
1405 3965 1952 4054 Clytaemnestrae
1997 3966 2208 4033 verbis
2254 3988 2349 4034 vs.
2400 3966 2565 4034 937:
2614 3969 2701 4045 μή
2750 3993 2850 4033 νυν

463 4078 569 4145 τὸν
631 4072 1003 4157 ἀνθρώπειον
1063 4070 1359 4157 αἰδεσθῇς
1422 4074 1660 4159 ψόγον,
1721 4076 1834 4141 vix
1890 4074 2126 4159 poteris
2172 4095 2296 4141 non
2343 4077 2650 4161 suspicari
2701 4075 2849 4141 ἄνευ

464 4182 732 4269 ψόγου
776 4180 1123 4270 legendum
1170 4200 1328 4246 esse.

555 4394 707 4465 Tria
765 4397 1018 4460 minuta
1078 4391 1414 4480 displicent
1477 4393 1542 4455 in
1606 4388 2153 4479 Clytaemnestrae
2223 4394 2431 4460 verbis
2494 4394 2570 4461 ad
2620 4391 2849 4462 Casan-
