3192 5017
1200 301 1530 353 ruamus.
2201 253 2206 262 Ι
2437 278 2568 351 173

228 476 468 544 eonsules
521 483 699 544 erant
756 477 833 542 P.
878 476 1173 543 luemus
1218 473 1511 543 Caesus
1526 524 1544 554 ,
1596 474 1671 541 G.
1720 472 1996 541 Oissms
2041 475 2372 543 Lonemus
2390 526 2409 561 ,
2458 481 2569 563 qui

229 605 355 649 anno
412 581 526 650 171
587 583 813 649 Idibus
871 582 1132 649 Martiis
1192 584 1497 649 honorem
1560 583 1789 647 inituri
1849 587 2046 648 erant.
2144 581 2367 669 Itaque
2414 585 2568 650 haec

228 711 354 755 anno
400 689 519 755 172
565 697 841 756 exeunte
884 689 1129 755 Romae
1178 696 1320 755 acta
1369 694 1544 754 sunt.

294 797 449 877 Quod
487 803 707 862 autem
747 797 882 862 dixi
919 796 1238 862 Romanos
1276 795 1595 883 malignos
1636 795 1714 860 de
1749 794 2017 860 Rhodiis
2040 815 2326 862 rumores
2349 796 2570 864 sedulo
2655 815 2660 820 ·

232 925 277 968 se
310 905 450 968 scire
493 902 961 979 dissimulasse,
1013 902 1165 967 audi
1211 901 1561 988 Polybium
1613 899 1854 965 XXIII.
1905 899 1983 966 2:
2033 900 2204 966 κατὰ
2243 904 2385 974 τοὺς
2429 926 2567 967 και-

234 1009 325 1086 ροὺς
364 1010 604 1080 τούτους
656 1012 842 1095 (anno
894 1006 1050 1094 169)
1100 1002 1274 1081 ἦλθον
1322 1009 1429 1073 καὶ
1479 1006 1653 1088 παρὰ
1696 1007 1932 1072 Ῥοδίων
1971 1007 2263 1087 πρέσβεις
2301 1007 2412 1083 ἤδη
2454 1016 2565 1084 τῆς

233 1117 411 1194 θερείας
468 1116 781 1194 ληγούσης
845 1114 1266 1194 Ἡγησίλοχος
1331 1115 1437 1178 καὶ
1502 1112 1868 1193 Νικαγόρας
1917 1115 2023 1178 καὶ
2073 1115 2408 1195 Νίκανδρος
2457 1116 2568 1191 τήν

232 1247 281 1286 τε
315 1224 522 1300 Φιλίαν
572 1220 1050 1298 ἀνανεωσόμενοι
1099 1220 1206 1286 καὶ
1254 1221 1423 1285 σίτου
1466 1221 1739 1294 θέλοντες
1782 1218 2114 1299 ἐξαγωγὴν
2152 1221 2401 1305 λαβεῖν,
2427 1218 2574 1297 ἅμα

230 1329 274 1393 δὲ
328 1331 422 1394 καὶ
491 1330 627 1408 περὶ
690 1334 805 1394 τῶν
870 1327 1175 1405 διαβολῶν
1234 1326 1767 1406 ἀπολογησόμενοι
1829 1334 1948 1393 τῶν
2004 1326 2352 1407 λεγομένων
2400 1330 2572 1394 κατὰ

227 1442 310 1507 τῆς
371 1437 629 1510 πόλεως.
677 1472 761 1484 —-
810 1438 874 1501 οὐ
945 1437 1069 1511 μὴν
1141 1432 1178 1510 ἥ
1243 1458 1325 1512 γε
1390 1434 1744 1512 σύγκλητος
1813 1435 1958 1501 τότε
2030 1436 2571 1512 προσεποιήθη

228 1543 485 1608 τούτων
549 1542 775 1608 οὐδὲν
833 1543 1057 1622 καίπερ
1123 1548 1343 1622 σαφῶς
1399 1540 1596 1607 εἰδυῖα
1645 1543 1730 1606 τὰ
1777 1542 2087 1620 γενόμενα
2134 1544 2281 1622 παρ’
2327 1544 2572 1620 αὐτοῖς,

224 1647 359 1713 σίτου
412 1650 473 1715 δὲ
544 1649 694 1715 δέκα
741 1649 1045 1727 μυριάδας
1095 1647 1401 1725 μεδίμνων
1452 1646 1702 1726 έξάγειν
1750 1649 1820 1713 ἐκ
1869 1649 2163 1718 Σικελίας
2210 1649 2381 1735 (add.
2431 1648 2576 1715 ἔδω·

223 1759 339 1840 κεν).
404 1755 502 1821 De
564 1756 787 1822 eadem
852 1755 1172 1844 legatione
1232 1755 1452 1820 scribit
1516 1754 1816 1820 XXVIII.
1873 1754 1973 1821 14.
2024 1756 2443 1830 ἀπεςάλησαν
2489 1758 2576 1828 εἷς

224 1864 306 1935 τὴν
343 1863 575 1940 Ῥώμην
622 1861 972 1942 ἀρχομένης
1022 1861 1253 1941 θερείας
1301 1863 1746 1945 Ἡγησίλοχος,
1795 1860 2190 1941 Νικαγόρας,
2241 1863 2580 1944 Νίκανδρος

225 2005 289 2017 -
330 1970 576 2042 ἐντολὰς
643 1968 896 2050 ἔχοντες
960 1968 1357 2033 ἀνανεοῦσθαι
1423 1968 1507 2032 τὰ
1571 1967 1982 2050 φιλάνθρωπα
2044 1967 2190 2046 πρὸς
2239 1971 2575 2045 Ῥωμαίους

223 2076 304 2139 καὶ
364 2076 508 2155 πρὸς
580 2076 700 2150 τὰς
762 2075 1067 2155 διαβολὰς
1133 2076 1581 2152 ἀπολογεῖσθαι
1649 2076 1767 2148 τὰς
1831 2074 2180 2152 λεγομένας
2242 2074 2360 2140 ὑπό
2405 2100 2581 2141 τινων

222 2183 360 2246 κατὰ
418 2192 532 2258 τῆς
597 2181 854 2254 πόλεως.
918 2183 971 2247 οἱ
1032 2182 1094 2248 δὲ
1156 2181 1290 2260 περὶ
1339 2182 1440 2246 τὸν
1486 2182 1911 2261 Ἠγησίλοχον
1958 2178 2103 2260 ἅμα
2143 2189 2270 2255 τοῖς
2318 2205 2583 2263 προειρη-

224 2289 388 2364 μένοις
434 2289 541 2355 καὶ
592 2288 726 2370 περ)
776 2296 1011 2363 σιτικῆς
1060 2285 1391 2365 ἐξαγωγῆς
1443 2288 1825 2365 ποιησόμενοι
1866 2285 2113 2366 λόγους.
2208 2288 2452 2355 Deinde
2488 2292 2583 2356 ita

224 2399 436 2484 pergit:
502 2399 590 2461 τὰ
651 2396 764 2474 μὲν
829 2390 928 2460 οὖν
974 2395 1089 2460 ὑπὸ
1138 2395 1366 2460 τούτων
1412 2394 1665 2476 ῥηθέντα
1713 2395 1859 2476 πρὸς
1909 2396 2021 2469 τῆν
2068 2394 2420 2473 σύγκλητον
2471 2396 2575 2460 καὶ

224 2504 317 2575 τὰς
360 2502 631 2575 δοθείσας
680 2504 890 2572 αὐτοῖς
938 2501 1290 2581 ἀποκρίσεις
1337 2500 1454 2568 ὑπὸ
1499 2511 1612 2575 τῆς
1662 2503 2018 2580 συγκλήτου
2065 2500 2171 2566 καὶ
2221 2502 2371 2567 διότι
2420 2501 2585 2567 πάν-

225 2632 321 2672 των
359 2617 472 2675 τῶν
518 2610 957 2692 φιλανθρώπων
1006 2606 1305 2690 τυχόντες
1355 2608 1694 2684 ἐπανῆλθον
1743 2612 1804 2673 ἐν
1851 2617 1976 2682 τοῖς
2023 2611 2354 2680 Ἰταλικοῖς
2423 2608 2588 2674 εἴποι-

227 2738 346 2792 μεν,
414 2715 481 2780 id
551 2721 649 2780 est
716 2717 785 2780 in
853 2714 1265 2799 praecedente
1325 2713 1511 2780 libro.
1606 2713 1853 2779 Deinde
1913 2714 2190 2780 ostendit
2248 2736 2363 2780 cur
2410 2718 2589 2800 prius

229 2822 521 2905 scripserit
588 2820 745 2906 quid
811 2820 1018 2907 egerit
1076 2817 1349 2907 legatie,
1414 2819 1567 2905 quid
1630 2819 1866 2885 dixerit
1883 2870 1901 2898 ,
1969 2820 2124 2904 quid
2184 2820 2505 2887 audiverit
2550 2841 2588 2886 a

228 2934 415 2993 senatu
434 2976 451 3004 ‚
500 2948 695 3013 quam
739 2927 1130 3015 legationem
1178 2924 1389 2990 Rhodi
1439 2925 1759 2991 decretam
1808 2947 1942 2992 esse
1985 2946 2058 2992 ac
2097 2926 2390 2991 missam:
2437 2943 2588 2993 πολ-

230 3033 376 3106 λάκις
424 3036 669 3119 inquit,
722 3031 1215 3112 ἀναγκαζόμεθα
1257 3031 1374 3103 τας
1416 3031 1716 3110 ἐντεύξεις
1760 3037 1877 3096 τῶν
1915 3031 2253 3112 πρεσβειῶν
2293 3034 2398 3098 καὶ
2443 3035 2583 3107 τοὺς

233 3141 671 3217 χρηματισμοὺς
719 3138 1033 3220 προτέρους
1085 3137 1502 3219 ἐξαγγέλλειν
1543 3145 1653 3211 τῆς
1699 3138 2113 3211 καταςάσεως
2152 3141 2257 3204 καὶ
2297 3146 2409 3214 τῆς
2447 3139 2588 3218 ἐξα-

234 3253 457 3319 τοςολῆς
479 3269 494 3284 ·
566 3247 701 3311 ἐπεὶ
767 3245 893 3324 γάρ
957 3244 1095 3309 καθ’
1160 3241 1378 3313 ἕκαςον
1443 3243 1576 3317 ἔτος
1635 3244 1754 3316 τὰς
1803 3246 1947 3310 κατ’
1992 3246 2283 3320 ἀλλήλων
2333 3244 2586 3327 πράξεις

228 3353 543 3431 γράφοντες
615 3351 963 3432 πειρώμεθα
1034 3351 1094 3415 έν
1164 3349 1244 3416 έν)
1320 3352 1502 3430 καιρῷ
1567 3354 2191 3431 συγκεφαλαιοῦσθαι
2258 3353 2376 3424 τὰς
2440 3356 2588 3432 παρ’

231 3456 437 3530 ἑκάςοις
498 3457 790 3543 πράξεις,
848 3460 1026 3531 δῆλον
1085 3460 1164 3530 ὥς
1227 3455 1578 3535 ἀναγκαῖόν
1646 3460 1733 3526 ἕςι
1802 3463 1980 3523 τοῦτο
2027 3459 2401 3537 συμβαίνειν
2452 3461 2586 3541 περὶ

230 3565 315 3636 τὴν
372 3566 645 3646 γραφήν.
738 3564 921 3630 Nihil
986 3584 1208 3629 eorum
1269 3583 1430 3649 quae
1487 3563 1701 3630 Rhodi
1748 3585 1784 3629 a
1834 3564 2083 3630 Dinone
2130 3570 2196 3630 et
2241 3565 2586 3654 Polyarato

231 3668 498 3737 adversus
542 3670 863 3737 Romanos
908 3677 973 3735 et
1020 3669 1380 3736 dicerentur
1426 3676 1490 3735 et
1536 3676 1878 3757 agerentur
1925 3676 2218 3737 senatum
2265 3672 2580 3761 fugiebat,

230 3775 319 3840 sed
360 3779 423 3840 in
468 3778 822 3863 praesentia
867 3797 901 3841 e
947 3796 1074 3862 rep.
1129 3797 1265 3842 esse
1311 3775 1649 3842 videbatur
1694 3776 1850 3843 haec
1899 3779 2114 3843 omnia
2160 3780 2320 3845 scire
2362 3800 2428 3845 se
2466 3780 2590 3846 dis-

232 3880 500 3950 simulare
521 3931 538 3961 ,
599 3888 664 3948 et
724 3880 925 3970 legati
987 3882 1261 3970 benigne
1323 3885 1572 3968 excepti
1636 3888 1787 3948 eunt
1804 3932 1821 3960 ‚
1888 3885 2156 3949 comiter
2217 3905 2587 3971 responsum

231 3993 339 4063 eet,
397 3997 455 4054 et
511 3991 818 4054 frumenti
866 4009 944 4053 ex
990 3987 1213 4054 Sicilia
1259 3989 1631 4074 exportandi
1677 3995 1957 4074 potestas
2002 3990 2353 4058 liberaliter
2400 3993 2583 4060 facta.

232 4089 335 4157 Sed
398 4117 744 4180 numquam
809 4105 1020 4160 tamen
1082 4115 1286 4180 neque
1350 4101 1497 4161 ante
1563 4095 1807 4161 bellum
1871 4117 2076 4181 neque
2121 4099 2190 4161 in
2237 4097 2374 4182 ipso
2419 4098 2589 4167 bello

231 4206 324 4262 aut
363 4199 624 4268 Perseus
669 4222 848 4286 spem
896 4200 1216 4266 societatis
1264 4221 1413 4266 cum
1460 4199 1733 4266 Rhodiis
1780 4201 2256 4289 coniungendae
2297 4203 2591 4290 deposuit

233 4311 326 4367 aut
363 4304 588 4373 Rhodii
636 4306 942 4373 Romanis
986 4310 1265 4391 suspecti
1312 4327 1450 4373 esse
1497 4307 1823 4372 desierunt
1840 4354 1859 4384 ‚
1908 4328 2110 4392 quum
2156 4307 2343 4376 facile
2395 4330 2589 4398 appa-

234 4417 376 4476 reret
428 4435 528 4481 eos
591 4417 709 4481 etsi
755 4434 881 4480 non
926 4418 1141 4499 aperte
1187 4414 1400 4479 hostes
1446 4419 1655 4479 essent
1699 4418 1914 4480 tamen
1959 4415 2028 4479 in
2073 4412 2280 4482 officio
2327 4436 2590 4484 cessare.
