3192 5017
555 136 686 232 1²56
1529 175 1946 235 raooormu.

552 361 661 423 tur
719 350 812 422 ὅτι
874 380 1018 440 περ
1075 355 1109 423 ό
1118 364 1173 441 Φ
1193 372 1395 431 ελος.
1489 359 1735 427 Locum
1782 382 1907 428 non
1954 356 2273 425 intellexit
2319 356 2629 440 interpres
2678 340 2969 419 Latinus

553 466 840 529 vertens:
888 468 946 528 εἰ
991 470 1185 530 tamen
1233 465 1378 531 bono
1415 465 1487 530 id
1520 465 1658 531 iure
1676 468 1955 551 sactum,
1996 464 2169 532 male
2190 471 2309 530 τῶν
2334 461 2651 542 Ῥωμαίων
2675 463 2967 549 iungens

555 589 705 635 cum
751 590 1116 658 praegresso
1160 571 1499 651 βασιλέων.

641 674 718 741 Ρ.
766 673 880 754 83,
931 674 974 741 8
1024 680 1188 764 (cap.
1240 675 1353 765 13)
1415 675 1643 765 supple
1689 678 1890 744 καίτοι
1937 677 1988 744 εἰ
2037 681 2250 744 τοῦτον
2297 676 2487 744 αὐτὸν
2537 674 2698 764 (τὸν)
2755 676 2967 758 καιρὸν

552 782 613 858 ἐς
660 780 917 865 πράξεις
967 783 1255 851 δαπανᾶν
1302 782 1526 861 ἤθελεν
1547 833 1566 864 ,
1616 785 1748 851 κτὲ.

640 889 713 955 Ρ.
766 888 879 968 93,
928 888 1017 957 20
1067 892 1230 979 (cap.
1282 889 1396 979 15)
1461 890 1881 971 ἐγκλημάτων
1944 915 2013 957 τε
2078 890 2325 966 ἠκούετο
2374 887 2619 966 πλῆθος
2667 889 2787 955 καὶ
2841 914 2968 956 κα-

548 995 973 1070 ταλύσεως
1035 995 1220 1078 πέρι
1285 999 1431 1062 τῶν
1480 997 1905 1074 κατηκόων
1952 996 2390 1079 ληίζεσθαι
2438 995 2799 1078 δικαςῆριον
2853 995 2961 1073 ἦν,

548 1103 655 1170 καὶ
724 1102 975 1172 δικαςαὶ
1047 1102 1443 1183 ξυνελέγοντο
1514 1104 1662 1185 πρὸς
1733 1106 1927 1180 αὐτῆς
1994 1107 2057 1192 (a
2117 1101 2469 1189 Theodora)
2539 1105 2962 1185 ἀγειρόμενοι.

547 1210 753 1278 Locus
811 1210 1168 1277 lacunosae.
1229 1210 1478 1277 Possis:
1530 1211 1664 1278 καὶ
1713 1209 2260 1282 καταλύσεως
2309 1209 2490 1291 περὶ
2543 1211 2964 1290 <βασιλείας

549 1318 655 1384 καὶ
729 1317 862 1396 περὶ
922 1321 1030 1382 τοῦ
1078 1319 1253 1393 την>
1315 1324 1466 1383 τῶν
1528 1317 1948 1394 κατηκόων
2010 1314 2406 1400 λῄζεσθαι
2467 1316 2828 1398 δικαςῆριον
2876 1313 2965 1392 ἦν.

548 1423 694 1492 Nisi
739 1423 900 1490 forte
945 1425 1161 1510 potius
1211 1424 1405 1491 verba
1448 1424 1555 1490 καὶ
1596 1423 2001 1496 καταλύσεως
2030 1462 2113 1474 —-
2141 1423 2480 1506 δικαςῆριον
2521 1421 2591 1501 ἦν
2632 1447 2668 1491 e
2705 1423 2960 1491 scholio

549 1530 628 1597 ad
675 1530 870 1598 verba
916 1529 1335 1609 ἐγκλημάτων
1381 1528 1623 1607 πλῆθος
1671 1552 1956 1598 manasse
2002 1530 2425 1596 existimanda
2470 1536 2644 1597 sunt.

637 1635 714 1702 P.
762 1635 870 1716 97,
926 1636 960 1702 1
1012 1635 1195 1724 (Cap.
1246 1635 1357 1726 16)
1408 1639 1475 1704 οὐ
1527 1638 1655 1718 γὰρ
1708 1632 1941 1703 Εἶδεν
1988 1633 2310 1718 ανθρώπου
2352 1635 2544 1717 Φύσις
2585 1640 2854 1720 ὀκνηρῶς
2896 1635 2952 1709 ἐς

550 1739 756 1809 ἄδικον
789 1744 972 1826 Φόνον
1013 1744 1186 1811 ἱέναι.
1236 1743 1311 1810 L.
1356 1741 1618 1810 Οἶδεν.
1666 1745 1958 1811 Fortasse
1999 1750 2095 1810 est
2119 1746 2355 1810 vitium
2381 1745 2953 1834 typographicum.

638 1849 714 1916 P.
767 1849 918 1936 102,
971 1850 1011 1916 6
1059 1847 1219 1932 ἅπερ
1268 1874 1372 1929 μοι
1421 1852 1484 1915 ἐν
1531 1858 1656 1925 τοῖς
1707 1847 2164 1931 ἔμπροσθεν
2209 1849 2418 1930 λόγοις
2475 1852 2948 1929 λελέξεται.

547 1953 675 2022 Sed
718 1961 1114 2043 neque.ante
1157 1978 1361 2043 neque
1407 1963 1552 2045 post
1600 1978 1673 2025 ea
1719 1978 1819 2023 res
1858 1958 2170 2046 tangitur.
2218 1956 2403 2024 Hanc
2440 1957 2790 2024 historiam
2832 1977 2953 2024 non

547 2061 905 2130 absolutam
953 2083 1087 2130 esse
1132 2071 1303 2130 recte
1348 2070 1568 2131 monet
1613 2063 2015 2131 Alamannus
2063 2063 2142 2130 ad
2189 2064 2257 2130 h.
2288 2063 2333 2130 l.

639 2168 718 2236 P.
774 2168 929 2250 103,
984 2172 1013 2236 l
1065 2169 1115 2236 l.
1162 2170 1429 2236 δείσασα
1474 2172 1528 2238 δ’
1577 2174 1611 2248 ἦ
1665 2171 1801 2257 (pro
1849 2170 1938 2253 δὲ)
1989 2170 2146 2249 γυνη
2194 2171 2324 2237 κτὲ.

636 2275 715 2342 Ρ.
767 2275 918 2356 106,
971 2278 1005 2344 1
1070 2278 1302 2345 τούτοιν
1347 2285 1571 2360 χεῖρας
1613 2277 1731 2350 τὰς
1781 2274 1988 2353 δεξιὰς
2038 2273 2309 2355 ἔτεμε.
2359 2275 2466 2344 An
2513 2273 2941 2358 ἅπέτεμεῗ

638 2383 714 2449 Ρ.
770 2383 921 2463 121,
971 2382 1012 2449 6
1060 2385 1223 2472 (cap.
1273 2383 1385 2471 21)
1451 2384 1555 2450 καὶ
1626 2390 1737 2458 τῆς
1802 2384 1950 2465 ὑπὲρ
1997 2385 2226 2450 τούτων
2273 2381 2577 2465 αἰσχύνης
2626 2385 2945 2466 ἀδεές-ερον

547 2490 633 2556 τὰ
693 2491 1033 2571 τιμήματα
1091 2493 1210 2558 τῶν
1256 2492 1525 2573 ἀρχῶν
1573 2491 1649 2557 ἐν
1696 2490 2178 2572 παραβύςῳ,
2229 2492 2381 2557 ἀλλ’
2430 2491 2490 2562 ἐς
2539 2492 2610 2557 τὸ
2654 2491 2940 2572 δημόσιον

546 2603 659 2671 τῆς
705 2598 943 2679 οὶγορὶξς
992 2597 1317 2679 ἔπραττεν.
1381 2598 1521 2664 Aut
1563 2597 1970 2664 librariorum
2022 2605 2133 2664 aut
2178 2619 2514 2685 operarum
2557 2597 2753 2686 eulpa
2803 2603 2937 2686 post
3075 2607 3081 2654 Ι

547 2705 754 2787 ἀρχῶν
800 2707 992 2792 periit
1038 2706 1195 2772 οὐκ.

634 2812 709 2879 Ρ.
765 2811 912 2889 122,
967 2812 1051 2902 13
1096 2811 1146 2878 l.
1200 2810 1625 2888 ὦΠεπῆδησαν
1670 2832 1784 2897 pro
1832 2812 2276 2888 ἆΝεπῆδησαν.

637 2919 711 2987 Ρ.
781 2918 933 2995 123,
1002 2918 1042 2982 4
1104 2915 1213 2992 ἕως
1275 2917 1415 2991 τοὺς
1464 2915 1687 2989 ἵππους
1736 2914 2033 2993 ἅπαντας
2081 2920 2275 2985 δοῖεν
2321 2915 2541 2998 οὕσπερ
2591 2917 2735 2992 τοὺς
2782 2918 2934 2998 βαρ·

545 3025 775 3108 βάρους
823 3025 1176 3106 ἀφείλοντο.
1225 3025 1436 3092 Immo
1484 3025 1901 3111 ἀποδοῖεν,
1951 3025 2118 3111 quod
2166 3026 2432 3095 verbum
2473 3026 2785 3113 Procopio
2809 3044 2925 3090 non

546 3132 734 3200 aliter
777 3153 971 3219 quam
1020 3130 1286 3199 Graecis
1333 3132 1635 3198 omnibus
1682 3137 1780 3197 est
1824 3133 2091 3197 reddere.

637 3240 710 3306 P.
766 3239 914 3318 128,
970 3238 1053 3304 13
1104 3239 1265 3327 (cap.
1315 3238 1427 3324 22)
1478 3240 1528 3304 οἱ
1575 3239 1640 3305 δὲ
1684 3238 1771 3304 τὰ
1818 3242 2129 3320 χρήματα
2177 3240 2632 3320 περιῃρημένοι
2682 3242 2744 3305 ἐν
2792 3238 2924 3305 vriu-

547 3343 646 3413 θει
715 3345 984 3427 μεγαλῳ
1054 3343 1557 3427 περιεκοέθηντο.
1634 3344 1862 3412 Deleta
1929 3348 2394 3433 praepositione
2464 3346 2633 3412 male
2704 3350 2924 3415 iterata

545 3473 777 3539 repone
826 3449 1148 3527 ἐκάθηντο.

638 3559 715 3625 Ρ.
783 3557 929 3637 133,
1000 3557 1084 3626 13
1144 3560 1311 3646 (cap.
1364 3558 1479 3646 24)
1528 3559 1679 3624 ἀλλ’
1728 3560 1781 3625 οἱ
1830 3557 2168 3640 λογοθέται
2217 3561 2583 3639 καλούμενοι
2632 3562 2740 3625 οὐκ
2800 3556 2922 3624 εἴων

544 3668 613 3734 ἐκ
663 3668 781 3735 τῶν
828 3667 1202 3746 καταλόγων
1248 3662 1666 3749 ἀφαιρεῖσθαι
1717 3666 1801 3731 τὰ
1858 3672 1973 3731 τῶν
2040 3665 2568 3742 τετελευτηκότων
2631 3666 2913 3743 ὀνόματα,

544 3776 767 3858 καίπερ
831 3774 1023 3853 ὁμοῦ
1088 3772 1635 3854 διαφθειρομένων,
1686 3770 1896 3845 ἄλλως
1946 3799 2014 3838 τε
2066 3776 2170 3838 καὶ
2221 3776 2391 3839 κατὰ
2439 3773 2577 3846 τοὺς
2626 3775 2915 3852 πολέμους

544 3882 805 3967 συχνοὺς
851 3879 1245 3961 γενομένους,
1290 3880 1460 3966 [τῶν]
1490 3881 1781 3950 πλεῖς-ων.
1833 3879 2143 3946 Deleatur
2166 3880 2475 3946 articulus
2498 3882 2908 3966 importunus.

639 3989 715 4058 P.
782 3987 932 4074 155,
1000 3989 1034 4053 1
1106 3986 1279 4073 (oap.'
1325 3985 1439 4067 28)
1511 3987 1569 4060 ἐς
1624 3984 1946 4068 Βυζάντιον
2017 3984 2384 4068 ἀφικόμενοι
2449 3985 2554 4051 καὶ
2617 3989 2908 4067 χρήματα

541 4099 627 4180 τῷ
676 4097 942 4176 βασιλεῖ
983 4093 1177 4175 τούτῳ
1225 4092 1535 4174 προέμενοι
1584 4092 1815 4159 ἐδέοντο
1862 4094 2041 4173 σφίσι
2080 4093 2182 4158 τὸν
2222 4094 2340 4160 τῶν
2381 4099 2639 4159 πολιτῶν
2681 4092 2907 4170 ὄλεθρον

543 4204 707 4273 οὐδὲν
773 4202 1306 4287 ὧφεληκότων
1369 4199 2018 4282 ξυγκατεργάζεσθαι.
2093 4198 2303 4265 Immo
2367 4199 2530 4265 οὐδὲν
2579 4203 2904 4282 ὥφειλη·

543 4313 629 4383 κό
646 4336 826 4392 των,
875 4315 949 4376 ut
994 4315 1252 4396 apparet
1298 4329 1334 4372 e
1381 4327 1749 4395 praegressa
1796 4308 2177 4374 narratione.
