3192 5017
468 280 603 345 402
1548 286 1781 351 mvms.

468 470 632 549 rplov
671 468 888 551 φαμὲν
927 466 1301 546 διανοηθῆναι
1341 471 1620 552 πρότερον
1660 479 1954 551 πολεμεῖν
1997 473 2317 550 Ῥωμαίοις
2352 472 2454 538 τὸν
2496 476 2858 541 τελευταῖον

471 577 744 655 πόλεμον
813 578 917 642 καὶ
989 578 1109 651 τὰς
1179 580 1581 659 παρασκευὰς
1658 581 1932 657 ἑτοίμους
2005 582 2148 661 πρὸς
2211 579 2448 656 ταύτην
2514 580 2686 663 ἔχειν
2747 584 2857 656 τὴν

471 684 791 761 ἐπιβολήν,
830 685 1053 749 ἐκείνου
1089 682 1142 748 δ’
1183 686 1646 765 ἐκχωρήσαντος
1682 686 1921 764 Περσέα
1948 687 2233 764 γενέσθαι
2258 689 2532 769 χειριςὺν
2553 685 2848 768 πράξεων.

470 790 640 855 Hine
687 812 801 856 sua
848 793 1081 856 sumsit
1127 790 1352 858 Livius
1404 790 1512 857 39.
1561 791 1686 856 23:
1736 815 1864 855 cum
1910 794 2119 857 Perseo
2157 816 2293 875 reqe
2329 802 2386 858 et
2427 793 2851 859 Macedonibus

471 900 686 963 bellum
755 900 913 984 quod
977 898 1314 962 imminebat
1382 921 1499 962 non
1562 900 1719 963 unde
1768 900 2046 985 plerique
2090 906 2414 983 opinantur
2455 922 2559 964 nec
2605 901 2677 962 ab
2725 900 2854 982 ipso

472 1006 687 1071 Perseo
748 1028 959 1069 caueae
1019 1005 1189 1088 cepit.
1255 1006 1534 1071 inchoata
1595 1006 1780 1069 initia
1833 1030 1872 1069 a
1916 1007 2196 1091 Philippo
2243 1018 2386 1071 eunt
2432 1014 2489 1071 ct
2531 1008 2587 1071 ie
2632 1007 2760 1090 ipse
2805 1012 2862 1070 ei

470 1112 704 1176 diutius
758 1111 1001 1175 vixisset
1044 1112 1115 1173 id
1157 1111 1371 1174 bellum
1408 1111 1703 1192 yemis-vet.
1755 1117 1819 1177 et
1867 1110 1973 1176 39.
2023 1110 2150 1177 29:
2199 1114 2312 1178 hae
2354 1135 2569 1179 caueae
2611 1117 2861 1176 maa-ime

471 1218 731 1281 animum
791 1215 1066 1299 Philippi
1124 1216 1540 1281 alienaverunt
1602 1217 1675 1282 ab
1723 1218 2012 1282 Romame
2030 1268 2047 1301 ‚
2097 1225 2165 1283 ut
2211 1241 2328 1284 non
2380 1243 2418 1285 a
2466 1220 2681 1285 Perseo
2708 1219 2857 1302 filio

471 1330 596 1388 eius
657 1323 827 1388 novis
883 1323 1080 1387 caucis
1141 1333 1356 1386 motum
1417 1325 1524 1387 sed
1575 1324 1646 1387 ob
1691 1325 1800 1387 hae
1845 1347 1885 1387 a
1917 1333 2099 1407 patre
2145 1327 2358 1390 bellum
2407 1328 2675 1390 relictum
2702 1324 2852 1409 filio

473 1431 669 1494 videri
708 1436 920 1513 possit.
1016 1428 1093 1493 In
1138 1429 1241 1494 his
1288 1449 1445 1514 quae
1495 1427 1573 1495 de
1619 1428 1921 1516 Philippo
1961 1432 2263 1497 dicuntur
2296 1435 2628 1499 verissima
2665 1435 2849 1497 sunt:

474 1536 702 1601 multis
747 1535 1180 1601 Romanorum
1228 1536 1481 1601 iniuriis
1517 1537 1926 1603 exacerbatus
1961 1558 2313 1624 numquam
2353 1539 2604 1604 destitit
2639 1539 2856 1602 animo

472 1642 708 1707 bellare
768 1662 918 1707 cum
981 1640 1287 1706 Romanis
1346 1646 1411 1707 et
1471 1639 1638 1707 elam
1701 1642 1940 1709 bellum
2005 1665 2241 1730 parare.
2293 1644 2521 1711 Livius
2568 1641 2674 1709 29.
2727 1641 2850 1707 24:

468 1748 788 1834 Phibqopm
846 1770 1158 1832 numquam
1216 1747 1443 1811 remisit
1504 1749 1765 1812 animum
1810 1773 1849 1812 a
1895 1751 2244 1832 colliqendis
2289 1740 2355 1814 in
2389 1774 2544 1834 pace
2588 1749 2818 1813 viribus
2834 1796 2850 1824 ,

466 1856 682 1941 quibus
724 1855 1071 1940 quandoque
1116 1856 1264 1917 data
1302 1854 1567 1940 fortuna
1613 1835 1774 1919 eseet‘
1802 1858 1886 1919 ad
1930 1858 2143 1921 bellum
2189 1864 2475 1922 uter-clm.

559 1961 781 2046 Itaque
863 1959 1062 2047 vulgo
1131 1960 1413 2025 ereditur
1477 1960 1749 2026 Perseus
1819 1963 2038 2029 eodem
2111 1966 2174 2027 in
2247 1963 2565 2028 Romanos
2635 1962 2850 2026 animo

468 2090 593 2153 quo
639 2078 819 2152 pater
868 2065 1210 2151 Philippus
1256 2065 1470 2131 fuisse.
1519 2066 1987 2152 Exspectabant
2034 2088 2249 2135 omnes
2297 2068 2540 2134 bellum
2590 2089 2627 2133 a
2671 2073 2851 2153 patre

466 2175 633 2241 elam
680 2179 975 2258 paratum
1025 2192 1063 2236 a
1106 2169 1239 2238 filio
1285 2177 1538 2259 gestum
1590 2172 1692 2238 iri.
1787 2174 2101 2241 Eumenes
2151 2178 2211 2240 in
2261 2174 2436 2241 curia
2474 2177 2745 2240 erimina
2781 2176 2845 2237 in

464 2280 697 2347 Persea
764 2299 1080 2365 exponens
1150 2278 1317 2364 (Liv.
1392 2279 1504 2345 42.
1576 2279 1687 2364 11)
1758 2281 1942 2346 dieit:
2011 2283 2155 2346 haec
2221 2305 2350 2347 eum
2416 2280 2849 2367 (Philippum)

462 2390 820 2454 volutantem
869 2386 936 2448 in
983 2384 1179 2448 animo
1225 2407 1554 2469 oppressum
1591 2386 1738 2472 fato
1788 2409 2025 2470 requam
2072 2394 2129 2452 ei
2173 2388 2485 2473 reliquisse
2529 2410 2694 2472 quem
2755 2387 2850 2450 in-

451 2497 848 2582 festissimum
915 2512 1035 2555 ecee
1091 2491 1369 2554 sensisset
1431 2490 1741 2557 Romanis.
1807 2494 2022 2580 Itaque
2080 2495 2299 2559 Persea
2345 2495 2764 2557 hereditarium
2810 2516 2848 2554 a

452 2608 632 2686 patre
691 2599 958 2662 relictum
1024 2596 1239 2660 bellum
1301 2604 1357 2661 el
1401 2597 1584 2660 eimul
1627 2621 1755 2661 cum
1801 2600 2046 2683 &aperio
2093 2602 2377 2664 traditum
2426 2619 2660 2663 annum
2714 2600 2844 2662 iam

462 2709 811 2792 septimum
860 2706 906 2787 ¹)
956 2705 1119 2766 alere
1180 2710 1236 2766 et
1270 2703 1485 2789 fovere
1531 2705 1796 2769 omnibus
1841 2706 2132 2770 conciliis.
2183 2706 2261 2770 ef.
2313 2705 2422 2770 42.
2472 2705 2547 2771 5:
2597 2705 2847 2769 Perseus

461 2815 675 2877 bellum
720 2817 840 2873 iam
885 2815 1014 2874 vivo
1048 2816 1230 2893 patre
1275 2810 1588 2891 coqilatum
1636 2811 1704 2873 in
1748 2817 1941 2876 animo
1989 2814 2226 2877 volvens
2264 2834 2456 2876 omnes
2493 2833 2610 2875 non
2643 2821 2850 2892 centes

459 2919 625 2983 modo
685 2915 972 2980 Graeciae
1015 2916 1121 2979 sed
1161 2915 1433 2979 civitatee
1481 2916 1661 2979 etiam
1709 2955 1792 2965 —-
1841 2919 1958 2982 sibi
2003 2919 2374 2982 conciliabat.
2429 2917 2612 2982 Hane
2660 2915 2846 3003 vulgi

460 3027 821 3111 opinionem
882 3021 1185 3099 Perseus,
1248 3022 1357 3106 qui
1419 3042 1496 3086 ex
1561 3042 1634 3087 ea
1697 3030 2026 3110 suspectus
2073 3023 2382 3090 Romanis
2430 3024 2538 3089 sed
2583 3020 2849 3089 Graecis

459 3130 776 3196 ineundus
847 3134 911 3194 et
975 3133 1269 3213 aceeptus
1333 3137 1467 3193 erat
1489 3176 1505 3203 ,
1569 3149 1771 3214 neque
1831 3152 1898 3196 re
1952 3151 2154 3216 neque
2208 3131 2416 3197 verbis
2462 3136 2573 3196 aut
2621 3127 2847 3194 confir-

460 3238 679 3303 mabat
726 3240 838 3300 aut
885 3233 1169 3298 tollebat.
1220 3232 1342 3299 Sed
1390 3234 1554 3299 nihil
1602 3240 1817 3301 minus
1865 3236 2132 3302 Perseus
2179 3239 2247 3300 in
2295 3236 2508 3302 animo
2548 3235 2850 3302 volvebat

458 3364 649 3430 quam
700 3341 867 3408 bello
916 3347 980 3405 et
1026 3344 1223 3407 armis
1271 3362 1416 3405 cum
1465 3340 1773 3407 Romanis
1819 3344 2210 3409 contendere.
2307 3342 2486 3423 Quod
2534 3346 2700 3428 patri
2751 3345 2847 3407 in-

461 3448 841 3515 festissimus
880 3445 1185 3512 Romanis
1224 3448 1562 3513 videbatur
1583 3495 1600 3526 ,
1645 3454 1780 3513 erat
1820 3449 1973 3514 haee
2021 3451 2360 3514 assentatio
2407 3454 2470 3513 et
2517 3448 2843 3513 simulatio

460 3563 535 3622 ut
581 3554 872 3641 perderet
917 3553 1178 3619 fratrein
1226 3553 1627 3619 Demetrium
1676 3553 2111 3620 Romanorum
2159 3555 2437 3620 amicum
2490 3560 2555 3620 et
2603 3576 2674 3620 eo
2730 3575 2845 3619 no·

458 3663 633 3728 mine
695 3660 861 3745 patri
923 3659 1212 3723 odiosum
1280 3666 1344 3724 et
1404 3661 1703 3726 invisum.
1798 3661 2045 3746 Reapse
2109 3660 2429 3726 Romanos
2475 3666 2608 3726 tam
2661 3663 2850 3727 anxie

460 3776 526 3835 et
587 3764 919 3853 pueriliter
975 3766 1338 3849 metuebat,
1398 3773 1471 3831 ut
1535 3767 1700 3832 nihil
1747 3770 2134 3833 intentatum
2189 3767 2514 3852 reliquerit
2561 3769 2848 3852 primum

459 3881 535 3941 ut
594 3874 719 3939 sibi
782 3892 926 3936 eum
996 3870 1231 3956 populo
1280 3870 1565 3938 Romano
1613 3895 1736 3959 pax
1783 3880 1850 3938 et
1896 3875 2179 3939 amicitia
2226 3879 2569 3949 constaret,
2622 3873 2852 3938 deinde

464 4001 664 4068 quum
708 3976 951 4045 bellum
992 3979 1339 4062 pertinacia
1379 3976 1811 4045 Romanorum
1858 3982 2199 4065 erupisset,
2243 3984 2541 4064 utquam
2567 3981 2846 4063 primum

368 4138 376 4145 .
458 4108 638 4157 arma
703 4085 1177 4169 deponerentur.
1275 4084 1551 4172 Legatos
1616 4087 1693 4151 de
1753 4107 1904 4172 paee
1966 4088 2223 4151 mittere
2285 4106 2408 4150 non
2468 4084 2810 4150 desistebat
2828 4131 2845 4160 ,

458 4194 774 4261 submisse
837 4190 1183 4256 admodum
1247 4196 1311 4257 et
1373 4197 1622 4277 praeter
1682 4194 1925 4280 regiam
1989 4194 2394 4258 maiestatem
2443 4190 2521 4257 ad
2567 4189 2849 4255 humiles

530 4421 581 4484 1)
616 4419 797 4469 ineerta
834 4420 946 4470 haee
980 4420 1250 4471 coniectura
1284 4424 1355 4468 est
1393 4436 1479 4487 pro
1512 4420 1705 4470 iamiam
1727 4420 1948 4485 primum.
