3192 5017
1399 295 1647 347 1sums.
2586 275 2715 343 39¹7

315 458 603 545 seclusa,
665 469 771 534 vix
835 470 1021 537 aliter
1085 472 1357 536 scribere
1403 479 1694 556 potuerat
1741 469 1957 533 Isaeus
2006 487 2199 551 quam
2244 464 2627 539 δυνηθεὶς
2677 468 2712 542 ἢ

318 576 511 646 αὐτὸς
561 572 729 656 ἔχειν
778 578 908 644 κτὲ.
958 585 1072 643 aut
1117 576 1293 653 ἐξὸν
1343 578 1376 653 ἢ
1427 580 1633 657 αὐτῷ
1684 576 1852 655 ἔχειν
1901 576 2054 648 xri..
2100 593 2370 656 quorum
2411 580 2712 638 neutrum

316 681 418 743 sic
479 685 800 767 corrumpi
861 686 1143 769 potuisse
1203 695 1277 748 ut
1333 684 1829 749 substitueretur
1890 682 2220 757 ἀμελήσας
2282 679 2410 743 κτὲ.
2482 681 2709 763 proba-

321 784 454 849 bile
500 793 614 850 est.

417 890 454 972 ξ
504 889 566 954 6.
614 894 717 957 τὸν
765 900 871 959 τοῦ
924 895 1273 964 Ξεναινέτου
1321 895 1594 976 ἀδελφὸν
1640 894 2140 970 εἰσάγουσιν
2188 892 2536 972 Ἀριςαρχῳ
2586 891 2704 956 ὑόν.

321 995 426 1060 Ex
484 997 604 1062 hoc
668 999 1117 1087 similibusque
1179 1002 1336 1067 locis
1398 1022 1727 1087 perperam
1774 1004 1876 1067 vir
1922 1001 2324 1065 doctissimus
2370 1002 2445 1062 A.
2496 998 2581 1062 H.
2631 995 2709 1063 G.

321 1101 403 1166 P.
469 1124 592 1168 van
655 1105 776 1171 den
840 1106 925 1172 Es
991 1109 1057 1172 in
1122 1126 1341 1193 opere:
1402 1110 1477 1173 de
1521 1111 1656 1172 iure
1691 1109 2079 1193 familiarum
2127 1107 2291 1190 apud
2332 1107 2719 1170 Athenienses

320 1228 474 1295 pag.
543 1208 627 1276 ¹79
702 1211 909 1277 effecit
977 1213 1253 1293 εἰσάγειν
1313 1231 1567 1299 prorsus
1632 1214 1801 1279 idem
1864 1235 1997 1279 esse
2059 1213 2226 1297 quod
2282 1213 2714 1293 εἰσποιεῖσθαι,

319 1312 476 1379 licet
541 1316 845 1383 effectum
914 1320 1186 1386 eundem
1251 1342 1383 1387 esse
1441 1320 1627 1386 facile
1686 1320 2047 1386 concedam.
2142 1317 2391 1403 Nempe
2439 1318 2713 1396 εἰσάγειν

323 1440 450 1486 non
526 1420 761 1488 dicitur
830 1429 1073 1492 ratione
1133 1428 1356 1492 habita
1423 1426 1709 1492 familiae
1768 1429 1837 1490 in
1898 1446 2087 1510 quam
2153 1426 2295 1509 quis
2341 1424 2707 1508 adoptatur,

323 1526 436 1591 sed
501 1527 823 1612 phratriae
879 1532 1077 1616 patris
1138 1532 1424 1618 adoptivi
1489 1536 1556 1597 in
1606 1554 1797 1617 quam
1846 1535 1988 1616 quis
2035 1530 2489 1607 introducitur,
2540 1530 2720 1596 velut

321 1632 444 1697 hoc
492 1632 650 1700 loco.
708 1636 806 1703 De
852 1639 1070 1703 eadem
1120 1661 1189 1704 re
1234 1660 1384 1704 mox
1434 1640 1672 1703 dicitur
1717 1640 1753 1722 ξ
1800 1636 1843 1700 8
1889 1640 1965 1707 ὥς
2013 1637 2146 1702 οὐδὲ
2194 1635 2334 1700 καθ’
2385 1633 2489 1702 ἕνα
2540 1636 2716 1713 νόμον

321 1740 695 1822 ’Λρίςαρχος
756 1747 871 1816 εἷς
936 1748 1121 1817 τοὺς
1186 1745 1620 1828 φράτερας
1688 1744 1865 1809 τοὺς
1931 1744 2243 1807 ἐκείνου
2307 1745 2714 1816 εἰσῆκται.

324 1842 423 1911 Of.
470 1848 508 1930 g
558 1847 599 1912 9
651 1852 718 1915 αἶ
768 1852 1122 1931 εἶσαγωγαὶ
1172 1860 1286 1916 τῶν
1336 1852 1719 1925 εἱσποιήτων.

413 1954 450 2036 ἓ
503 1953 586 2019 12
634 1956 806 2022 κατὰ.
845 1959 945 2022 τὸν
989 1961 1166 2036 νόμον
1205 1955 1266 2030 ὃς
1309 1960 1415 2023 οὐκ
1454 1960 1527 2042 ἐᾷ
1573 1965 1719 2022 τῶν
1766 1965 1907 2032 τῆς
1958 1957 2399 2035 ἐπικλήρου
2442 1955 2711 2033 κύριον

320 2055 514 2145 εἶναι,
578 2062 760 2127 ἀλλ’
829 2065 863 2139 ἢ
930 2065 1071 2136 τοὺς
1136 2066 1373 2138 παῖδας
1429 2065 1530 2130 ἐπὶ
1592 2065 1786 2136 δίετες
1853 2063 2221 2141 ἡβήσαντας
2273 2063 2551 2144 [κρατεῖν
2599 2067 2716 2124 τῶν

320 2166 717 2255 χρήμασι-αὴ.
789 2169 956 2235 Usus
1018 2171 1480 2257 particularum
1547 2173 1696 2236 αλλ’
1766 2171 1799 2246 ἢ
1864 2174 2081 2257 arguit
2135 2172 2351 2253 spuria
2412 2189 2545 2232 esse
2592 2170 2717 2232 tria

333 2273 644 2339 vocabula
689 2296 727 2340 a
773 2296 879 2340 me
927 2271 1186 2355 resecta,
1280 2275 1584 2343 Ceterum
1637 2279 2102 2364 grammaticus
2148 2296 2220 2340 ea
2268 2274 2604 2358 adscripsit
2640 2293 2717 2337 ex

322 2378 460 2463 ipsa
521 2380 697 2467 lege,
761 2389 833 2446 ut
900 2384 1228 2467 apparebit
1289 2386 1687 2468 comparanti
1751 2381 2014 2448 Suidam
2062 2403 2112 2446 s.
2138 2403 2202 2447 v.
2255 2380 2403 2452 τέως
2451 2387 2516 2444 et
2564 2380 2721 2456 ἡβή-

322 2509 566 2559 σαντες.
660 2486 803 2553 Nisi
851 2489 1011 2554 forte
1060 2488 1404 2575 legendum
1460 2499 1648 2575 putas
1695 2491 1846 2553 ἀλλ’
1893 2490 1925 2564 ἢ
1976 2488 2113 2560 τοὺς
2163 2488 2396 2558 παῖδας
2421 2534 2435 2562 ,
2488 2483 2709 2565 <οὓς>

326 2592 374 2654 ἐ.
401 2590 452 2656 δ.
481 2596 536 2667 ή.
589 2601 835 2671 κρατεῖν
883 2600 1000 2658 τῶν
1047 2595 1408 2675 χρημάτων.

417 2697 584 2782 §16
654 2700 989 2776 μέλλοντες
1066 2699 1774 2780 ὠφεληθήσεσθαι
1845 2703 1960 2779 μὲν
2023 2700 2246 2777 μηδέν,
2312 2698 2711 2780 ζημιωθή-

324 2802 626 2870 σεσθαι
670 2807 731 2870 δὲ
771 2805 1064 2885 μεγαλα.
1117 2807 1333 2873 Isaeus
1375 2818 1439 2873 et
1474 2808 1769 2893 aequales
1796 2807 2090 2872 dicebant
2128 2805 2709 2887 ὠφελήσεσθαι

321 2919 384 2976 et
429 2909 1021 2991 ζημιώσεσθαι.

412 3018 450 3100 ὃ
502 3015 584 3083 17
647 3019 732 3090 εἷς
796 3018 1112 3102 ὑπόχρεων
1179 3021 1424 3109 [οὐσίανι
1475 3022 1612 3106 καὶ]
1664 3016 1819 3085 οἶκον
1867 3020 2197 3085 εἷσεποίουν
2242 3023 2417 3100 σφοῖς
2463 3019 2708 3090 αὐτούς.

324 3123 748 3211 Expungatur
793 3125 1130 3212 glossema.

411 3232 447 3314 g
496 3230 583 3296 22
645 3232 766 3309 ἐγὼ
830 3232 892 3296 δὲ
957 3234 1061 3297 καὶ
1130 3232 1353 3311 αὐτός,
1418 3231 1460 3298 ὦ
1526 3232 1773 3316 ἄνδρες,
1824 3228 1997 3310 οἶμαι
2043 3234 2165 3297 δεῖν
2215 3232 2423 3312 κυρίας
2480 3231 2710 3316 (insere

323 3337 459 3420 μὲν)
509 3332 666 3401 εἶναι
714 3339 833 3410 τὰς
881 3336 1228 3417 διαθήκας,
1276 3331 1351 3409 ἃς
1408 3337 1481 3403 ἂν
1531 3337 1749 3410 ἕκαστος
1795 3337 2089 3412 διαθῆται
2132 3339 2263 3414 περὶ
2306 3344 2421 3401 τῶν
2464 3337 2709 3421 ἑαυτοῦ,

324 3445 456 3522 περὶ
520 3445 726 3520 μέντοι
790 3450 906 3508 τῶν
971 3447 1310 3525 ἀλλοτρίων
1370 3446 1460 3510 οὔ.
1554 3444 1734 3510 Haec
1781 3445 1968 3529 plane
2014 3443 2373 3521 sufficiunt,
2424 3443 2531 3508 sed
2581 3466 2713 3510 ma-

325 3548 621 3636 gistellus
674 3549 906 3634 aliquis
965 3551 1425 3637 discipulorum
1483 3554 1696 3639 gratia
1760 3551 1915 3617 haec
1978 3554 2071 3616 ita
2116 3549 2438 3635 supplevit
2485 3561 2558 3615 ut
2605 3552 2711 3616 ad-

327 3656 498 3722 deret
559 3658 755 3724 verba
813 3660 1018 3738 κυρίας
1067 3654 1222 3723 εἶναι
1270 3659 1388 3732 τὰς
1434 3658 1766 3743 διαθήκας,
1814 3657 2010 3736 ὥσπερ
2058 3656 2133 3730 ἃς
2186 3658 2260 3721 ἂν
2308 3656 2525 3727 ἕκαςος
2574 3663 2707 3736 περὶ

325 3765 439 3828 τῶν
509 3763 728 3827 ἑαυτοῦ
801 3761 1136 3840 διαθῆται,
1198 3785 1393 3849 quae,
1454 3768 1510 3830 si
1572 3786 1677 3831 me
1740 3766 1953 3834 audis.
2024 3769 2100 3828 ut
2156 3768 2451 3830 nascatur
2509 3767 2710 3831 oratio

328 3868 585 3946 γνησίως
634 3871 929 3948 Ἀττική,
979 3891 1108 3935 una
1152 3871 1350 3937 litura
1396 3874 1773 3956 quantocius
1820 3870 2084 3936 delenda
2129 3874 2295 3935 sunt.

413 3977 450 4059 ξ
495 3972 584 4040 26
647 3975 750 4038 καὶ
819 3978 901 4047 εἷς
950 3978 1059 4049 τὴν
1107 3977 1258 4052 ἐμὴν
1306 3977 1548 4055 μητέρα
1597 3982 1812 4041 τοῦτον
1861 3976 1961 4042 τὸν
2012 3985 2227 4055 κλῆρον
2293 3978 2705 4054 ἐπιγιγνό-

328 4102 584 4157 μενον.
650 4080 879 4148 Verius
941 4082 1197 4148 videtur
1261 4085 1526 4150 verbum
1577 4084 1858 4169 simplex
1905 4083 2426 4161 γιγνόμενον.
2474 4081 2571 4147 Of.
2621 4080 2714 4145 III

331 4187 435 4272 38,
499 4185 592 4252 XI
652 4185 759 4252 22.
824 4185 1363 4272 Praepositionem
1414 4189 1853 4275 dittographia
1901 4209 1935 4253 e
1980 4191 2270 4271 sequenti
2315 4186 2563 4276 syllaba
2604 4208 2715 4252 na·

327 4299 457 4359 tam
509 4315 643 4360 esse
700 4293 1094 4359 crediderim.

419 4401 480 4465 X
527 4400 566 4485 g
617 4399 655 4465 ’7
723 4403 827 4465 καὶ
876 4403 979 4466 τὸν
1028 4402 1232 4466 παῖδα
1285 4400 1666 4478 ἐπιδείξω
1717 4401 1820 4466 καὶ
1871 4401 2008 4474 τοὺς
2060 4401 2339 4484 πρότερον
2386 4400 2720 4485 ἀμφισβη-
