3192 5017
1202 324 1684 373 mmmmm.
2505 309 2635 376 399

250 494 501 560 Nomen
563 497 753 567 ’Άτος
814 500 879 563 in
940 518 1137 562 numo
1201 496 1553 584 Smyrnaeo
1602 502 1851 563 exstare
1897 502 2115 562 auctor
2162 503 2258 562 est
2304 495 2598 562 Mionnet
2618 547 2637 582 ‚

251 598 630 683 Dessm‘ption
677 602 751 665 de
796 599 946 668 me‘d.
1000 603 1331 668 ano-ianm.
1385 610 1448 668 et
1493 604 1613 668 hoc
1654 602 2055 688 epitaphium
2094 601 2332 668 alicubi
2369 605 2438 667 in
2477 601 2636 669 Asia

252 708 497 772 minore
546 709 880 773 inventum
932 730 1066 775 esse
1112 709 1368 774 dicitur.

348 885 499 952 459.
588 890 801 965 ’Ἥμην
847 889 997 954 ποτὲ
1046 889 1206 973 νέος,
1258 887 1682 966 ἐυπλόκαμος,
1722 889 1950 956 ’Ἂδωνι
2000 886 2232 976 ὅμο[ιος
2260 942 2274 969 ,

594 994 798 1074 αὐτὰρ
845 993 1031 1061 ἔοι-ιτα
1082 995 1373 1075 χαλεπὸν
1419 1006 1616 1075 γῆρας
1666 1020 1748 1073 με
1795 995 2216 1081 ἔδοὶμασ[σεν,

593 1100 803 1179 κυρτὸν
853 1101 954 1177 ἠδὲ
1005 1099 1302 1179 ἄναλκιν,
1353 1108 1641 1183 κεφαλῆς
1690 1103 1754 1168 δὲ
1800 1103 2026 1183 τρίχας
2081 1103 2384 1189 ἔμαρψεν,

594 1208 837 1289 κωφόν,
887 1207 1313 1287 ἄμβλυωπόν·
1362 1210 1610 1282 ὀδόντας
1662 1208 2121 1294 ἑξέτ[ηξεν.

256 1312 581 1379 Ultimum
629 1314 1148 1401 supplementum
1196 1322 1418 1401 aptum
1467 1338 1589 1382 non
1639 1322 1755 1382 est.
1804 1317 2102 1405 Legerim
2165 1316 2646 1404 ε’ξέτ[ριψεν.

352 1495 522 1571 502,
574 1498 637 1563 8.

577 1598 700 1678 ὅςις
752 1604 803 1670 δ’
848 1603 922 1670 ἂν
973 1612 1183 1689 τολμᾷ
1234 1604 1438 1671 θέσθαι
1487 1604 1658 1671 νέκυν
1704 1607 1789 1678 εἰς
1841 1606 1952 1685 ἐμὲ
2002 1607 2238 1682 νηδύν

576 1710 763 1791 χωρὶς
812 1716 918 1776 τοῦ
962 1696 1181 1783 παιδὸς
1230 1712 1529 1792 πατέρος,
1580 1708 1649 1777 οὖ
1694 1709 1819 1792 ἔχω
1870 1714 2039 1778 κατὰ
2086 1712 2355 1797 ras-ede,

577 1817 751 1883 δώσει
802 1856 881 1868 -
932 1817 1183 1898 δηνάρια
1229 1820 1441 1900 μύρια.

351 1919 425 1988 In
469 1923 682 2010 lapide
724 1922 860 2012 legi
905 1925 1017 2003 ἐμὲ
1066 1925 1241 2001 νηδύν
1286 1946 1400 2012 pro
1447 1926 1600 2003 ἐμὴν
1649 1926 1861 1999 νηδύν.
1914 1931 1989 1993 ut
2037 1945 2186 1992 mox
2225 1946 2319 1992 vs.
2361 1924 2449 1990 22
2479 1931 2648 1992 recte

261 2034 360 2095 est
423 2029 601 2103 νηδὺν
661 2031 746 2100 εἷς
811 2031 998 2111 ἐμήν,
1060 2053 1289 2118 parum
1351 2031 1655 2098 credibile
1699 2038 1810 2098 est.
1865 2031 2175 2118 Expectes
2221 2034 2307 2105 εἰς
2358 2032 2469 2108 ἐμὲ
2516 2030 2648 2096 ἄλ-

264 2150 303 2201 λ
322 2160 421 2202 ον.
514 2135 657 2203 Non
709 2140 921 2226 magis
969 2144 1203 2223 exputo
1225 2186 1241 2217 ,
1290 2139 1443 2224 quid
1488 2141 1578 2226 ‘sit
1624 2160 1717 2205 vs.
1767 2136 1855 2203 28

718 2244 870 2309 ἀλλ’
919 2247 1315 2324 ἑγγενοῦς
1362 2244 1556 2310 ὄλοιτο
1607 2243 1920 2326 πάνρειζον
1969 2245 2181 2322 γένος,

263 2349 375 2416 sed
422 2351 705 2436 suspicor
751 2372 978 2419 verum
1026 2373 1159 2418 esse
1212 2352 1581 2423 ἐντελῶς.

360 2530 515 2618 609,
565 2532 627 2599 7.

528 2660 535 2665 ’
584 2632 617 2713 ἣ
665 2639 735 2715 δὴ
785 2641 888 2706 καὶ
938 2639 1105 2715 νέκυς
1155 2637 1306 2706 οὖσα
1352 2639 1487 2715 ἴσην
1531 2639 1716 2719 βίον
1767 2637 2014 2721 ἔλλαχε
2063 2643 2303 2717 τειμήν.

262 2745 470 2812 Scribi
516 2747 741 2813 debuit
787 2754 851 2813 et
897 2748 1160 2813 fortasse
1209 2750 1521 2833 scriptum
1570 2752 1667 2811 est
1713 2745 1762 2822 β
1782 2747 1805 2811 ι’
1823 2770 1886 2825 ῳ.

361 2928 516 3014 616,
565 2930 626 2995 5.

632 3039 735 3101 καὶ
783 3036 855 3112 33,
903 3036 1225 3113 καλεύμην
1269 3035 1643 3118 Ταξιάρχης
1692 3036 1753 3099 ἐν
1796 3036 2034 3114 βροτοῖς

631 3146 698 3209 οὔ
745 3145 870 3223 γὰρ
921 3145 980 3208 ἐν
1030 3142 1444 3223 έξαμέτροισιν
1494 3143 1750 3221 ἥρμοσεν
1795 3139 2042 3218 τοῦνομ’
2092 3140 2256 3216 ἐμόν.
2372 3219 2375 3221 Α

261 3252 825 3339 Ludimagistrum
872 3252 972 3336 (eo
1020 3253 1191 3316 enim
1242 3270 1502 3315 munere
1548 3252 1777 3315 vivum
1818 3269 1883 3314 se
1923 3249 2215 3313 functum
2260 3269 2395 3313 esse
2438 3249 2658 3313 scribit

263 3360 334 3423 in
383 3360 791 3447 praegressis)
830 3365 1225 3424 aversantem
1285 3376 1526 3422 morem
1578 3356 1767 3420 istius
1819 3357 2045 3419 aetatis
2093 3353 2340 3420 nullam
2385 3354 2659 3420 habendi

263 3467 333 3530 in
397 3466 764 3531 nominibus
822 3466 1092 3550 propriis
1155 3472 1567 3529 numerorum
1636 3463 1978 3538 rationem,
2044 3481 2166 3525 non
2217 3465 2312 3526 est
2359 3459 2659 3526 credibile

266 3572 368 3637 bis
429 3572 777 3659 impegisse
840 3573 906 3636 in
968 3573 1255 3656 sequenti
1316 3570 1685 3634 hexametro
1708 3617 1725 3651 ,
1774 3569 1886 3652 qui
1936 3569 2178 3652 optime
2226 3568 2521 3653 procedet
2566 3569 2658 3633 sic

267 3679 578 3762 scriptus:

590 3785 656 3847 οὐ
706 3783 832 3861 γὰρ
881 3784 962 3848 ἐν
1012 3782 1499 3864 ἑξαμέτροις
1549 3781 1850 3860 ἥρμοσε
1899 3779 2143 3857 τοῦνομ’
2192 3780 2358 3857 ἐμόν.

264 3890 682 3975 Lapidarium
750 3909 899 3974 prae
959 3891 1319 3976 ignorantia
1376 3888 1686 3954 traditum
1748 3887 1872 3952 sibi
1919 3907 1956 3951 a
2003 3885 2298 3973 diligenti
2346 3887 2658 3972 magistro

264 3997 593 4082 exemplar
636 3998 986 4080 corrupisse
1033 3995 1379 4080 probabilis
1429 3994 1594 4058 mihi
1643 3993 1901 4059 videtur
1950 3994 2244 4077 suspicio.

267 4126 640 4247 Scribebam
686 4176 962 4243 Traiecti
1011 4166 1091 4241 ad
1136 4175 1436 4241 Rhenum

494 4305 711 4351 mense
756 4282 977 4368 Iuni0,
1030 4279 1230 4348 1882.

1250 4475 1734 4486 m
