3192 5017
1255 316 1612 364 nomrmn.
2509 291 2634 358 145

794 492 935 556 θεῶν
980 489 1612 563 κατοικήσασαν
1656 485 1864 565 ὄλβιον
1911 485 2115 566 δόμον.

252 597 372 663 Sed
438 617 561 663 non
625 602 722 662 est
779 596 957 662 locus
1005 598 1252 661 'eoristo
1316 596 1618 679 tempori,
1682 594 1967 660 nondum
2029 596 2202 660 enim
2261 592 2513 662 Helena
2558 598 2626 660 in

251 702 493 770 coelum
540 702 839 769 avolavit.
892 701 1088 767 Recte
1133 700 1345 766 editur
1389 721 1487 765 vs.
1541 698 1751 766 1636:

657 808 884 890 Κάςορί
929 832 1000 872 τε
1047 805 1413 872 Πολυδεύκει
1461 808 1519 870 τ’
1568 807 1631 870 ἕν
1678 803 1921 886 αἰθέρος
1970 814 2252 889 πτυχαῖς

653 913 960 994 ξύνθακος
1008 913 1181 990 ἔςαι,
1229 913 1534 986 ναυτίλοις
1581 912 1913 993 σωτήριος.,

249 1029 314 1089 et
359 1031 525 1091 recte
571 1022 802 1109 Apollo
849 1042 946 1087 vs.
999 1017 1209 1084 1684:

835 1126 1086 1200 Ἐλένην
1135 1124 1321 1199 Ζηνὸς
1368 1126 1695 1206 μελάθροις
1744 1126 2023 1194 πελάσω.

249 1232 672 1321 Consequitur
714 1232 1144 1321 reponendum
1192 1251 1364 1297 esse:
1419 1232 2112 1307 κατοικήσουσαν.

339 1549 415 1615 In
462 1551 805 1616 Phoenissis
852 1557 1135 1617 contorte
1183 1551 1430 1618 dictum
1481 1559 1579 1618 est
1596 1599 1615 1631 ‚
1663 1551 1830 1638 quod
1878 1550 1956 1617 de
1997 1549 2318 1638 Oedipode
2355 1549 2636 1638 legimus

243 1677 335 1723 vs.
385 1656 509 1723 61:

696 1767 783 1835 εἷς
831 1763 1065 1844 ὄμμαθ’
1112 1766 1304 1832 αὑτοῦ
1355 1765 1540 1832 δεινὸν
1588 1764 1909 1844 ἐμβάλλει
1956 1765 2060 1845 Φό
2074 1791 2236 1852 νον,

694 1870 1114 1951 χρυσηλάτοις
1163 1872 1468 1952 πόρπαξιν
1515 1870 1800 1950 αἱμάξας
1849 1871 2056 1951 κόρας.

251 1979 607 2064 Adscripsit
677 1976 1066 2043 Scholiasta:
1140 1980 1252 2053 τὴν
1321 1980 1397 2043 δι’
1460 1976 1728 2056 αἵματος
1790 1978 2109 2043 α’πῶλειαν
2170 1977 2347 2057 λέγει
2409 1979 2632 2060 φόνον,

251 2087 378 2151 άπὸ
452 2089 562 2149 τοῦ
635 2085 1109 2163 καθολικωτέρου
1173 2083 1473 2163 μετάγων
1532 2089 1638 2150 τὸν
1701 2085 1884 2164 λόγον
1948 2085 2050 2150 ἐπὶ
2114 2084 2185 2150 τὸ
2248 2085 2464 2171 μέρος,
2526 2086 2636 2152 sed

242 2191 531 2257 multum
596 2190 821 2255 dubito
868 2199 1117 2255 rectene
1166 2191 1415 2255 dicatur
1459 2191 1737 2276 Oedipus
1783 2190 1998 2257 oculos
2042 2211 2190 2256 suos
2236 2191 2628 2279 interfecisse.

242 2297 396 2377 Quis
458 2318 650 2362 sanus
706 2318 1010 2381 umquam
1072 2300 1162 2362 sic
1220 2296 1472 2363 locutus
1517 2294 1658 2362 est?
1706 2297 2023 2363 Audacem
2073 2297 2509 2382 metaphoram
2561 2300 2629 2363 in

244 2404 416 2470 chori
488 2406 732 2468 cantico
796 2404 1058 2468 fortasse
1119 2404 1344 2469 ferrem
1397 2403 1500 2469 vel
1550 2410 1718 2469 certe
1765 2425 2129 2469 excusarem
2152 2451 2168 2482 ‚
2219 2404 2329 2470 sed
2376 2407 2443 2469 in
2490 2425 2629 2491 pro·

240 2508 420 2598 logo,
474 2512 586 2594 qui
633 2509 909 2595 pedestri
956 2511 1232 2574 sermoni
1279 2512 1534 2594 propior
1580 2519 1712 2585 est,
1756 2509 2199 2574 translationes
2238 2511 2629 2577 verecundae

234 2637 348 2682 nec
408 2618 609 2682 nimis
673 2617 1014 2679 inusitatae
1071 2635 1206 2679 esse
1269 2615 1520 2678 debent.
1617 2612 1749 2678 Cur
1809 2621 2026 2678 autem
2073 2617 2266 2678 miser
2312 2613 2514 2680 oculis
2560 2635 2627 2681 se

235 2719 560 2807 privavit?
622 2720 984 2805 Respondet
1046 2723 1181 2805 ipse
1228 2721 1398 2805 apud
1449 2719 1829 2804 Sophoclem
1876 2722 1944 2783 in
1992 2718 2145 2784 Oed.
2197 2716 2413 2785 Colon.
2469 2719 2621 2785 434.

228 2828 403 2911 Ἔζει
469 2825 709 2911 θυμός,
774 2835 964 2911 atque
1008 2829 1099 2891 sic
1145 2826 1367 2891 hostili
1416 2826 1561 2891 odio
1609 2826 1838 2891 saeviit
1883 2827 1952 2889 in
1998 2845 2064 2890 se
2109 2824 2205 2890 nil
2250 2823 2382 2891 tale
2424 2828 2622 2891 meri-

234 2941 396 3001 tum.
446 2934 686 3000 Furore
730 2935 1034 2998 incitatus
1080 2934 1407 2998 commisit
1451 2932 1552 3009 id,
1604 2933 1786 2996 cuius
1834 2951 1982 2996 eum
2028 2937 2247 3015 postea
2294 2949 2431 2996 sero
2476 2947 2623 3017 poe-

235 3042 433 3107 nituit
462 3066 478 3105 ε

690 3145 884 3226 χρόνῳ
932 3143 1013 3222 δ’,
1064 3139 1156 3209 ὅτ’
1207 3143 1318 3219 ἤδη
1369 3148 1498 3218 πᾶς
1549 3145 1577 3210 ό
1626 3141 1874 3223 μόχθος
1923 3141 1992 3220 ἦν
2039 3141 2283 3222 πέπων,

692 3249 1043 3327 ἐμάνθανον
1089 3250 1193 3315 τὸν
1238 3250 1441 3328 θυμὸν
1487 3250 1870 3330 ἐκδραμόντα
1920 3273 2023 3328 μοι

687 3354 875 3437 μείζω
923 3360 1194 3432 κολαςῆν
1240 3364 1357 3421 τῶν
1407 3358 1543 3437 πρὶν
1593 3356 2060 3437 ἡμαρτημένων.

235 3465 571 3552 Euripides
640 3465 904 3531 eandem
976 3463 1215 3529 famam
1285 3468 1579 3544 secutus,
1651 3469 1858 3547 recte,
1925 3464 2051 3527 nisi
2120 3460 2339 3541 fallor,
2412 3467 2625 3549 potuit

236 3574 541 3638 scribere:

689 3677 771 3747 εἰς
819 3673 1054 3752 ὄμμαθ’
1100 3676 1290 3739 αὑτοῦ
1340 3674 1522 3740 δεινὸν
1570 3672 1893 3751 ἐμβάλλει
1940 3673 2211 3754 χόλον.

234 3780 357 3847 Sed
404 3782 580 3847 idem
626 3780 814 3847 aliter
855 3803 993 3846 rem
1039 3787 1540 3868 repraesentaret
1575 3782 1644 3846 in
1684 3781 2033 3867 Oedipode,
2080 3782 2262 3849 cuius
2297 3789 2623 3850 servatum

234 3887 668 3974 fragmentum
713 3892 840 3953 est:

684 3997 905 4069 Ἡμεῖς
946 3992 1009 4058 δὲ
1059 3992 1348 4073 Πολύβου
1397 3993 1582 4060 παῖδ’
1634 3993 1976 4074 ἐρείσαντες
2026 3991 2187 4074 πέδῳ

689 4096 1166 4176 ἐξομματοῦμεν
1214 4101 1318 4164 καὶ
1371 4099 1701 4178 διόλλυμεν
1749 4099 1952 4178 κόρας.

235 4202 419 4281 Quod
476 4209 770 4288 apparet,
832 4225 911 4269 ne
957 4211 1142 4288 poeta
1189 4203 1520 4290 Sophoclis
1568 4207 1851 4292 vestigia
1894 4207 2092 4270 nimis
2137 4226 2351 4291 presse
2397 4205 2631 4295 legisse

237 4309 587 4386 videretur,
640 4309 952 4394 quaedam
999 4314 1261 4376 novavit
1310 4318 1371 4377 et
1415 4313 1706 4379 videmus
1742 4331 1955 4378 servos
1993 4313 2206 4398 regios
2242 4311 2632 4398 supplicium

239 4433 487 4481 sumere
549 4415 625 4481 de
686 4414 829 4480 Laii
894 4417 1323 4496 interfectore,
1391 4421 1501 4502 qui
1564 4416 1804 4502 Polybi
1865 4415 2036 4482 filius
2099 4419 2450 4502 putabatur
2509 4442 2643 4487 esse

2372 4538 2436 4586 ιο
