3192 5017
549 279 682 348 390
1614 303 1858 352 lsasns.

632 475 670 558 ἓ
721 472 808 539 44
866 473 894 538 ὃ
959 474 1084 553 γὰρ
1148 472 1326 550 νόμος
1374 476 1481 540 οὐκ
1529 475 1605 556 ἐᾷ
1654 472 2004 557 ἐπανιέναι,
2054 472 2162 538 ἐὰν
2210 471 2298 548 μὴ
2348 472 2447 536 ὑὸν
2491 475 2925 556 καταλίπῃ

538 583 801 657 γνήσιον.
902 579 1222 646 Sollemne
1284 588 1347 646 et
1406 585 1787 665 perpetuum
1851 582 1917 644 in
1979 600 2053 644 ea
2114 600 2183 644 re
2260 589 2357 644 est
2427 580 2917 662 ἐγκαταλίπῃ,

538 685 673 751 scil.
726 687 786 750 ε’ν
830 688 914 765 τῷ
957 685 1096 765 οἴκῳ
1144 688 1226 758 εἰς
1278 682 1339 751 ὃν
1390 685 1467 751 ἄν
1513 711 1608 752 τις
1655 682 2001 766 εἰσποιηθῇ.

629 792 666 875 g
719 791 803 856 45
868 795 966 855 νῦν
1034 791 1086 856 δ’
1152 793 1835 873 ἀποχειροτονησάντων
1902 795 2019 856 τῶν
2066 791 2326 858 δικαςῶν
2374 792 2451 863 ὡς
2503 790 2668 856 οὐδὲν
2715 792 2914 864 αὐτοῖς

537 906 893 982 προσῆκΕν,
954 897 1074 963 οὐδ’
1139 899 1637 978 ἀμφισβητῆσαι
1685 901 2165 976 τετολμήκασιν.
2216 894 2708 982 Compositionis
2752 897 2917 963 Atti-

537 1026 645 1070 cae
692 1004 1012 1091 elegantia
1057 1004 1340 1089 postulat
1386 1014 1735 1085 προσῆκον.

629 1112 668 1195 ξ
716 1110 801 1176 49
864 1110 998 1190 περὶ
1058 1115 1292 1176 πολλοῦ
1359 1110 1706 1188 ποιούμενος
1767 1111 1872 1177 καὶ
1923 1112 2069 1192 πρὸς
2116 1115 2389 1176 ταῦτα
2438 1110 2539 1175 καί
2588 1110 2730 1190 πρὸς
2776 1109 2915 1183 τοὺς

538 1214 768 1286 ἄλλους
835 1215 1013 1286 θεοὺς
1077 1216 1378 1294 εὐσεβεῖν.
1438 1215 1808 1282 Correetum
1858 1223 1954 1282 est
2001 1237 2039 1281 a
2085 1215 2348 1282 Reiskio
2396 1221 2458 1280 et
2505 1220 2826 1300 receptum
2860 1235 2912 1312 ,a

538 1321 832 1388 Scheibio
895 1321 1233 1394 ταύτας.
1288 1322 1452 1403 Quia
1500 1330 1717 1389 tamen
1764 1343 1972 1388 sermo
2019 1327 2115 1387 est
2164 1321 2241 1386 de
2290 1320 2515 1387 Cerere
2558 1328 2622 1387 et
2667 1320 2910 1386 Proser·

537 1430 723 1514 pina,
772 1449 932 1512 quae
979 1428 1157 1493 duali
1202 1450 1468 1495 numero
1515 1430 1599 1494 τὼ
1648 1428 1772 1494 &ech
1814 1434 1879 1494 et
1918 1430 2002 1492 τὼ
2042 1425 2410 1508 θεσμοφόρου
2453 1427 2671 1492 audire
2694 1426 2911 1507 solent,

538 1533 675 1601 fieri
732 1541 945 1620 potest
989 1541 1063 1599 ut
1110 1534 1356 1601 librarii
1406 1535 1724 1602 voluerint
1770 1559 1869 1599 τα
1890 1535 1978 1600 ύτ
1998 1558 2074 1612 α,
2132 1554 2293 1619 quae
2341 1542 2435 1599 est
2482 1554 2680 1619 prava
2722 1533 2920 1597 forma

540 1640 747 1706 dualis
807 1641 1112 1706 substitui
1169 1640 1356 1707 solita
1411 1664 1524 1728 pro
1583 1642 1778 1708 τούτω
1801 1691 1819 1727 ,
1885 1644 2094 1726 sitque
2156 1641 2310 1706 haee
2370 1642 2656 1726 genuina
2712 1638 2921 1705 lectio·

539 1747 881 1813 Caeterum
951 1767 1101 1813 mox
1173 1748 1210 1831 ἓ
1261 1745 1345 1811 50
1407 1747 1649 1835 legitur
1708 1748 1970 1819 ταύταις
2036 1755 2176 1819 ταῖς
2238 1744 2419 1817 θεαῖς
2440 1795 2459 1830 ,
2507 1766 2671 1830 quae
2715 1747 2927 1811 abesse

540 1874 643 1920 me
701 1852 895 1919 malle
956 1853 1126 1919 haud
1186 1853 1475 1920 diffiteor.
1571 1853 1824 1920 Cer-tius
1886 1860 1983 1919 est
2045 1853 2110 1918 in
2165 1854 2401 1918 vicinia
2447 1873 2596 1917 eum
2642 1850 2925 1917 Dobraeo

540 1966 893 2026 correctum
936 1963 1322 2045 oportuisse:
1371 1958 1557 2032 οὕτως
1606 1958 2290 2038 ὁμολογουμένως
2338 1965 2475 2044 (pro
2524 1997 2607 2008 —
2635 1961 2733 2043 νη)
2775 1953 2927 2024 οὖσα

543 2064 747 2140 δούλη.
797 2062 894 2131 Of.
945 2066 982 2149 g
1034 2065 1140 2129 56.

633 2172 671 2255 ἓ
720 2170 807 2236 50
868 2171 1176 2249 ἐτόλμησε
1242 2173 1631 2250 συμπέμψαι
1692 2176 1802 2246 τὴν
1866 2173 2118 2251 πομπὴν
2169 2170 2274 2236 καὶ
2323 2170 2615 2235 εἰσελθεῖν
2660 2170 2728 2234 τὸ
2777 2169 2925 2251 ἱερὸν

543 2275 647 2341 καὶ
712 2276 857 2341 ἰδεῖν
915 2277 958 2341 ἃ
1022 2280 1127 2342 οὐκ
1175 2276 1352 2353 ἐξὸν
1398 2280 1581 2360 αὐτῇ.
1643 2278 1966 2344 ·Naberus
2014 2277 2183 2343 delet
2227 2269 2308 2353 ἃ,
2358 2277 2467 2342 sed
2514 2275 2744 2341 malim
2796 2296 2926 2342 eor·

540 2382 750 2470 rigere
808 2381 971 2460 ἐξῆν,
1040 2385 1188 2468 quia
1249 2384 1543 2470 displicet
1606 2384 1750 2449 ἰδεῖν
1812 2384 1980 2449 nude
2040 2383 2353 2469 positum,
2415 2402 2540 2448 non
2589 2381 2808 2447 addito
2854 2385 2928 2445 ut

542 2509 733 2575 supra
779 2490 865 2553 τὰ
913 2487 1091 2554 ἔνδον.

634 2595 670 2678 ἓ
721 2592 806 2660 52
855 2596 906 2659 εἰ
954 2596 1007 2660 δ’
1068 2594 1288 2671 ἔξεςι
1333 2597 1447 2675 μὲν
1492 2594 1815 2662 διαθέσθαι
1866 2595 2134 2662 absurde
2182 2594 2430 2659 dietum
2479 2593 2558 2658 de
2603 2592 2920 2658 defuncto·

539 2698 912 2788 Corrigatur
959 2700 1173 2779 ἐξῆν,
1226 2708 1298 2767 ut
1345 2704 1664 2788 praecedit
1703 2703 1753 2767 εἰ
1795 2703 1908 2778 μὲν
1952 2698 2189 2766 διέθετο
2224 2697 2354 2775 ἐξὸν
2381 2699 2573 2780 αὐτῷ.
2624 2697 2723 2765 Cf.
2748 2700 2788 2784 ἓ
2816 2696 2925 2764 26.

629 2807 666 2890 g
717 2804 804 2871 58
849 2810 1115 2873 tertium
1163 2810 1397 2884 γνήσιοι
1449 2810 1664 2874 abesse
1710 2808 1959 2873 malim.

628 2913 667 2996 ξ
718 2912 802 2977 59
868 2913 1330 2999 supplendum:
1394 2915 1499 2979 καὶ
1561 2912 1789 2991 τούτῳ·
1813 2914 1927 2989 μὲν
1973 2910 2162 2982 οὐδεὶς
2209 2911 2616 2992 διαμαρτυρεῒ
2656 2911 2745 2987 μὴ
2800 2911 2929 2974 ἐπί-

538 3018 694 3083 δικον
762 3014 916 3083 εἶναι
987 3019 1090 3083 τὸν
1152 3027 1402 3110 ιιλῆρον,
1466 3019 1619 3085 ἀλλ’
1685 3018 2007 3101 εὐθυδικίᾳ
2072 3018 2272 3100 <ἕᾷ>
2339 3016 2610 3082 εἰσιέναι.
2701 3016 2929 3083 Mente

535 3125 947 3208 repetendum
996 3146 1129 3191 esse
1174 3132 1299 3195 πᾶς
1351 3151 1443 3197 τις
1493 3148 1570 3191 ex
1619 3129 1906 3212 opposito
1953 3125 2144 3197 οὐδείς
2194 3127 2339 3210 quis
2387 3122 2785 3191 monendus?

629 3231 665 3312 ξ
716 3228 802 3293 60
864 3232 948 3303 εἰς
1014 3230 1074 3296 δὲ
1136 3234 1275 3302 τοὺς
1324 3234 1743 3310 τετρακοσίους
1796 3231 2243 3310 ἐγγέγραπται
2303 3229 2433 3317 [καὶ
2483 3230 2757 3311 εἰσφέρει
2807 3232 2925 3303 τοὶς

535 3336 882 3424 εἰσ-Φοράς].
950 3337 1194 3404 Seclusi
1257 3343 1918 3425 interpretamentum.
1981 3338 2049 3403 si
2114 3336 2265 3421 quid
2329 3336 2556 3401 addere
2616 3336 2925 3403 voluisset

536 3448 744 3507 orator
768 3433 810 3520 ,’
855 3446 1234 3510 sententiam
1299 3448 1391 3511 sie
1450 3447 1929 3512 conformasset:
1980 3445 2030 3509 ε’.
2079 3443 2131 3507 δ.
2182 3466 2240 3506 τ.
2290 3465 2349 3507 τ.
2398 3442 2917 3522 ἐγγεγραμμένος

537 3547 804 3627 εἰσφέρει
850 3572 908 3612 τ.
959 3575 1010 3614 ε.

629 3654 665 3737 ξ
716 3651 801 3717 64
865 3655 930 3718 ού
996 3656 1122 3735 γὰρ
1188 3656 1265 3721 ἂν
1329 3655 1471 3737 εἴπῃ
1527 3656 1752 3738 μητρὸς
1813 3656 2040 3734 ὄνομα,
2095 3653 2333 3733 γνήσιοί
2379 3656 2561 3731 εἰσιν,
2610 3656 2764 3719 ἀλλ’
2813 3656 2921 3720 ἐὰν

506 3758 876 3840 ’ἐπιδεικνύῃ
921 3762 997 3833 ὦς
1045 3760 1261 3837 οἰληὸἥ
1309 3763 1520 3840 λέγει,
1573 3764 1714 3836 τοὺς
1764 3771 2089 3841 συγγενεῖς
2142 3760 2586 3842 <μοὶρτυρας>
2637 3764 2921 3842 παρεχό-

536 3889 716 3943 μενος
803 3866 944 3938 τοὺς
1014 3867 1253 3942 εἰδότας
1322 3876 1714 3935 συνοικοῦσαν
1784 3873 1865 3949 τῷ
1940 3869 2288 3946 Εὐκτήμονι
2363 3868 2492 3932 κτὲ.
2589 3868 2692 3935 Ita
2766 3871 2922 3934 haec

536 3974 731 4037 verba
787 3971 1137 4058 supplenda
1196 3984 1383 4050 sunt,
1451 3977 1693 4041 nudum
1757 3979 1927 4041 enim
1979 3972 2379 4055 παρέχεσθαι
2432 3997 2557 4041 non
2602 3978 2692 4041 sie
2739 3996 2922 4040 usur·

535 4085 743 4164 patur.
807 4077 1199 4165 compendia
1260 4081 1555 4147 vocabuli
1625 4067 1862 4160 μάρτυς
1930 4083 2058 4148 vid.
2125 4082 2292 4168 apud
2357 4081 2917 4149 Gardthausenum

538 4182 646 4248 Gr.
696 4183 836 4248 Pal.
887 4205 1032 4270 pag.
1082 4185 1232 4249 254.
1285 4186 1411 4251 Res
1456 4189 1587 4251 iam
1636 4187 1973 4254 Reiskium
2022 4210 2145 4254 non
2192 4179 2433 4260 latuit]
2478 4189 2584 4254 sed
2634 4191 2916 4253 monenti

535 4293 999 4376 obtemperavit
1044 4313 1251 4357 neme.

629 4395 747 4461 VII
802 4397 839 4481 g
892 4399 924 4464 1
995 4402 1246 4478 νΩιμήν
1309 4399 1462 4479 μέν,
1524 4397 1566 4464 ὦ
1631 4399 1875 4482 ἄνδρες,
1947 4405 2261 4483 προσήκειν
2323 4405 2390 4467 οὐ
2455 4402 2573 4475 τὰς
2618 4400 2915 4475 τοιαύτας
