3192 5017
1011 306 1748 364 sA‘rternomomoma.
2437 284 2567 367 165

191 481 447 570 reliquis
490 483 616 550 diis
666 489 731 550 et
777 485 1012 551 deabus
1064 488 1132 549 in
1178 486 1474 551 concione
1518 486 1758 567 suasit,
1806 487 1882 549 ut
1925 485 2052 570 ipsi
2096 486 2339 550 neutris
2381 486 2560 551 auxi-

190 587 350 656 lium
393 589 683 668 ferentes,
733 589 1117 657 abstine1ent
1164 610 1202 656 a
1248 611 1468 678 pugna
1484 637 1500 667 ‚
1549 593 1905 675 sequuntur
1949 589 2176 657 haece:

446 698 584 769 “sse
630 694 733 777 ἄρ’
783 694 943 781 ἔφη,
989 705 1069 778 τῇ
1116 695 1171 761 δ’
1217 692 1358 762 αὖτ’
1406 692 1808 761 ἐπεπείθοντο
1854 693 1986 761 θεοὶ
2033 694 2218 763 ἄλλοι

458 801 759 887 [πάντ-ες,
807 803 967 880 ὁμῶς
1016 800 1074 867 δ’
1124 803 1398 876 εἰσῆλθον
1442 800 1703 874 ἀολλέες
1751 802 1836 874 εἷς
1883 797 1989 867 ἕνα
2035 808 2280 888 χῶρον]

188 905 328 973 Nisi
387 928 537 975 vero
596 908 704 973 hic
768 915 953 993 poeta
996 909 1123 974 fuit
1168 911 1459 975 omnium
1507 908 1846 974 hominum
1895 907 2349 975 stolidissimus
2370 958 2387 989 ‚
2438 932 2563 979 non

188 1011 431 1078 addidit
489 1012 764 1080 alterum
826 1035 1083 1081 versum
1104 1063 1122 1097 ‚
1188 1015 1340 1100 quia
1383 1014 1476 1079 dii
1523 1016 1967 1080 concionantes
2013 1016 2145 1081 iam
2194 1022 2374 1082 erant
2418 1019 2565 1082 ἀολ-

188 1116 319 1192 λέες
369 1119 429 1183 ἐν
475 1119 558 1184 ἐν)
605 1124 819 1201 χώρῳ,
867 1126 945 1185 ut
989 1121 1288 1185 omittam
1337 1123 1570 1185 misere
1617 1119 1935 1186 abundare
1982 1120 2274 1188 voculam
2319 1126 2502 1199 ὁμῶς.

274 1223 606 1291 Praeterea
650 1226 914 1292 fortasse
963 1245 1077 1311 pro
1122 1225 1337 1311 spurio
1382 1225 1711 1291 habendus
1757 1230 1852 1290 est
1891 1245 2110 1292 versus
2147 1225 2413 1309 ἄμετρος
2446 1228 2567 1296 88:

542 1330 649 1396 καὶ
698 1338 917 1411 χεῖρας
967 1328 1247 1412 ἔσφιγγε
1297 1331 1402 1395 καὶ
1451 1331 1788 1407 δλλύμενος
1836 1329 2193 1413 κατέτρυζε.

184 1433 350 1502 Nam
395 1436 464 1502 in
513 1437 933 1503 deterioribus
980 1436 1239 1522 quidem
1289 1436 1672 1521 quibusdam
1719 1435 1903 1502 libris
1948 1441 2246 1504 correctis
2286 1443 2568 1506 numeris

183 1542 273 1607 sic
318 1542 624 1608 scribitur

450 1655 672 1729 χεῖρας
714 1646 767 1712 δ’
815 1646 1131 1728 ἔσφιγγεν
1177 1647 1282 1712 καὶ
1331 1648 1912 1726 ἀπολλύμενος
1960 1650 2319 1733 κατέτρυζε.

183 1751 290 1818 sed
353 1752 460 1820 vel
524 1756 616 1819 sic
678 1774 898 1820 versus
942 1754 1009 1820 h.
1056 1753 1102 1820 l.
1148 1774 1377 1840 parum
1426 1757 1616 1839 aptus
1667 1753 1944 1830 videtur,
1995 1776 2141 1821 cum
2190 1761 2562 1843 praesertim

183 1877 274 1926 vs.
327 1857 415 1923 92
462 1857 721 1948 legatur

544 1963 759 2033 ὕει-οιτοο
800 1966 856 2031 3’
901 1965 1238 2041 ὃλλύμενος
1282 1965 1474 2037 τοίους
1522 1962 1893 2045 ἐφθέγξατο
1938 1967 2183 2044 μύθους.

182 2066 463 2136 Verbum
526 2069 840 2152 ἔσφιγγεν
899 2071 1313 2156 interpolator
1359 2091 1397 2136 a
1440 2072 1743 2136 carminis
1791 2077 2046 2138 auctore
2088 2081 2426 2144 mutuatus
2473 2083 2565 2147 vi-

182 2172 396 2271 detur,
452 2178 566 2262 qui
611 2197 684 2243 eo
731 2198 883 2244 usus
930 2182 1026 2243 est
1071 2175 1288 2262 paullo
1335 2183 1481 2242 ante
1528 2178 1596 2242 in
1642 2197 1736 2244 vs.
1788 2174 1894 2243 ¹71.

267 2281 413 2349 Non
479 2286 691 2371 magis
754 2287 1065 2350 abusurus
1126 2304 1270 2349 sum
1336 2282 1564 2348 multis
1610 2283 1927 2349 scribendi
1972 2285 2186 2371 vitiis,
2235 2289 2452 2374 qualia
2498 2296 2565 2359 in

181 2389 404 2472 optimi
472 2392 780 2475 cuiusque
835 2390 1160 2475 scriptoris
1204 2388 1528 2454 codicibus
1572 2387 1709 2476 legi
1753 2388 1995 2467 solent,
2047 2410 2332 2480 quaeque
2349 2443 2366 2472 ‚
2417 2418 2569 2484 qua-

181 2495 363 2559 tenus
408 2492 695 2559 nondum
744 2493 996 2560 sublata
1038 2492 1341 2560 videntur
1359 2541 1378 2578 ‚
1426 2493 1772 2579 diligenter
1817 2494 2050 2560 notabo
2091 2502 2156 2561 et
2195 2500 2563 2570 emendabo.

270 2597 493 2665 Primo
548 2599 675 2665 huc
718 2601 1039 2685 pertinent
1085 2600 1249 2664 vitia
1293 2596 1784 2685 orthographica
1831 2599 2044 2677 xvia-cn
2090 2601 2279 2689 (176)
2327 2612 2392 2672 et
2437 2607 2565 2673 for.

180 2710 427 2771 matum
480 2705 628 2771 inde
675 2706 880 2770 muris
923 2723 1155 2770 nomen
1202 2701 1665 2777 κνισσοδιώκτης
1709 2710 1774 2767 et
1814 2702 2114 2769 ἕκόνισσεν
2152 2707 2363 2794 (204),
2404 2731 2564 2796 quae

180 2829 290 2895 per
346 2830 547 2877 unam
611 2810 979 2876 sibilantem
1046 2809 1373 2874 scribenda
1438 2829 1572 2874 esse
1637 2814 1901 2873 constat.
1997 2808 2266 2898 Insuper
2310 2813 2560 2895 ὄβριμον

181 2919 414 2983 rectius
462 2916 656 2983 scribi
702 2917 959 2982 videtur
1006 2936 1100 2980 vs.
1148 2913 1303 2992 2¹79,
1354 2935 1548 3000 quam
1595 2913 1899 2994 ὄμβριμον
1944 2936 2034 2981 vs.
2088 2913 2243 2985 23¹7.

266 3021 513 3090 Deinde
559 3021 1156 3123 animadvertendae
1199 3028 1349 3087 sunt
1393 3022 1934 3106 praepositionum
1982 3023 2378 3106 quarundam
2419 3047 2561 3092 con·

180 3126 458 3195 fusiones
502 3127 675 3194 haud
719 3126 1033 3194 insolitae.
1082 3127 1355 3213 Legitur
1398 3147 1492 3193 vs.
1543 3124 1673 3191 148
1718 3147 1811 3213 sq.

606 3218 881 3306 ’πάντως
932 3230 988 3297 δ’
1045 3233 1269 3312 ἕπνίγη
1318 3230 1554 3313 παίζων
1596 3233 1823 3313 παρὰ
1868 3233 2092 3311 λίμνην

634 3337 829 3417 νήξεις
877 3338 993 3411 τὰς
1043 3338 1392 3419 βατράχων
1440 3340 1831 3416 μιμούμενος.

181 3445 351 3514 Scire
421 3447 732 3533 pervelim
803 3465 929 3532 quo
993 3450 1177 3532 pacto
1246 3448 1388 3530 quis
1454 3445 1629 3509 iuxta
1698 3444 1997 3530 paludem
2057 3451 2275 3514 natare
2340 3454 2557 3537 possit.

179 3552 415 3619 Procul
462 3552 657 3619 dubio
702 3573 925 3619 verum
974 3556 1072 3617 est
1119 3551 1336 3616 κατὰ
1383 3550 1623 3628 λίμνην.
1673 3550 1851 3615 Idem
1891 3552 2129 3616 vitium
2169 3561 2265 3619 est
2309 3576 2402 3622 vs.
2429 3556 2562 3626 21¹7

180 3680 293 3745 sq„
344 3658 564 3745 quales
609 3663 677 3724 in
720 3660 904 3725 libris
950 3657 1334 3745 quibusdam
1380 3656 1603 3742 scripti
1650 3661 1936 3723 exstant:

547 3764 995 3846 Τρωγλοδύτην
1043 3765 1241 3847 πέτρῳ
1288 3760 1593 3843 μυλοειδέι
1641 3765 1865 3844 τρῶσεν
1911 3762 2202 3849 ἕπιφθοὶς

549 3871 795 3953 αὐχένα
844 3873 1001 3952 πὰρ
1055 3870 1367 3949 μέσσον.

273 3979 559 4060 Quorum
613 3982 834 4044 auctor
877 3976 1049 4043 haud
1098 3976 1290 4042 dubie
1337 3975 1545 4043 voluit
1592 3978 1756 4054 κοὶμ
1798 3978 2124 4056 μέσσον.
2171 3978 2314 4046 Non
2356 3984 2569 4050 minus

184 4085 454 4152 absurde
499 4083 803 4151 scribitur
851 4104 944 4149 vs.
993 4081 1079 4149 89

773 4188 1050 4255 πολλάκι
1096 4190 1210 4267 μὲν
1255 4190 1579 4256 κατέδυνεν
1627 4185 1747 4269 ἐφ’
1798 4188 1978 4257 ῧδοιτι

185 4295 350 4381 quod
398 4317 519 4363 non
569 4316 648 4361 ex
694 4295 1114 4362 deterioribus
1160 4294 1341 4361 libris
1383 4297 1451 4361 in
1505 4304 1611 4362 ΕΝ
1637 4342 1653 4374 ,
1702 4295 1812 4364 sed
1858 4297 1922 4360 in
1966 4305 2078 4362 ΤΦ
2118 4300 2569 4386 corrigendum

184 4405 359 4486 puto.
453 4400 768 4470 Similiter
835 4423 930 4472 vs.
996 4401 1082 4467 99
1150 4403 1525 4469 correxerim
1586 4402 1974 4469 ἀπέπνευσεν
2036 4404 2070 4469 ὑ
2085 4402 2167 4486 φ’
2235 4408 2373 4493 (pro
2435 4409 2569 4503 ἐφ’)
