3192 5017
1253 302 1650 354 amm
2559 281 2647 351 68

270 477 385 544 diis
440 476 613 544 nihil
658 479 1070 565 promovetur
1085 523 1104 558 ,
1151 495 1289 542 rem
1335 474 1696 561 relinquam
1738 474 2114 543 Ritschsliis
2157 481 2225 543 et
2266 474 2611 543 Dindorffis
2626 525 2644 554 ,

268 585 490 669 quibus
538 583 859 651 Gohetum
907 603 1302 649 accenserem
1322 630 1339 661 ‚
1387 584 1513 648 nisi
1558 584 1697 669 ipse
1743 582 2229 672 significavisset
2273 604 2341 650 se
2377 588 2652 651 tractare

264 690 424 757 nolle
485 711 656 776 quae
713 691 1087 777 pertractari
1144 695 1460 775 nequeant
1481 738 1498 766 ,
1545 711 1693 757 cum
1744 690 2138 777 Aeschylum
2183 711 2388 777 neque
2435 711 2651 758 emen-

266 796 403 862 dare
448 799 658 883 possit
702 798 896 862 sicuti
940 794 1143 880 velit,
1188 816 1305 861 nec
1349 794 1511 862 velit
1556 798 1751 861 sicuti
1798 799 2013 882 possit.
2065 795 2351 863 Tentabo
2398 803 2615 863 autem
2632 846 2649 875 ‚

263 924 412 968 num
477 902 651 969 forte
708 903 815 968 hic
878 901 1019 969 illic
1066 904 1328 968 morbus
1371 903 1631 990 gravior
1671 902 1968 969 videatur
2012 923 2147 968 esse
2192 923 2386 990 quam
2433 924 2654 970 revera

265 1012 342 1074 sit
394 1010 893 1095 multorumque
951 1008 1245 1094 exemplo
1306 1008 1504 1074 didici
1547 1029 1676 1074 non
1722 1011 1850 1075 cito
1896 1009 2356 1095 desperandum
2405 1030 2538 1076 esse
2586 1023 2653 1076 et

262 1115 588 1181 interdum
660 1134 856 1202 parvo
925 1113 1261 1183 molimine
1327 1116 1397 1181 in
1463 1115 1791 1202 integrum
1860 1118 2233 1182 restitutum
2295 1115 2424 1181 fuit
2483 1116 2651 1202 quod

258 1222 647 1308 jamdudum
694 1221 1059 1308 depositum
1104 1229 1297 1306 atque
1342 1221 1665 1307 abjectum
1711 1221 1941 1288 fuerat.
2032 1221 2392 1289 Inveterata
2436 1221 2653 1288 ulcera

267 1333 664 1412 putrescent,
696 1328 830 1393 nisi
864 1325 1242 1412 scalpellum
1284 1325 1646 1393 admoveris
1683 1332 1749 1393 et
1787 1327 1955 1412 quod
1992 1327 2234 1393 ferrum
2271 1348 2395 1394 non
2435 1334 2652 1409 sanat,

265 1436 432 1521 ignis
477 1434 769 1512 sanabit3
820 1433 930 1500 sed
977 1439 1316 1518 antequam
1362 1439 1725 1500 recurratur
1768 1433 1848 1500 ad
1887 1440 2252 1500 extremum
2290 1433 2655 1517 consilium,

268 1539 621 1606 videndum
678 1560 840 1608 num
900 1539 1064 1606 forte
1122 1539 1279 1605 satis
1323 1538 1410 1605 sit
1455 1539 1757 1624 praesidii
1802 1541 1870 1605 in
1912 1540 2215 1606 remediis
2256 1559 2383 1606 non
2430 1540 2654 1606 alvum

264 1645 369 1711 sed
412 1645 547 1714 loci
594 1647 979 1716 sententiam
1027 1644 1258 1711 leniter
1302 1646 1754 1731 aperientibus.
1803 1645 1940 1714 Neo
1972 1652 2192 1732 potero
2225 1648 2291 1711 in
2331 1645 2656 1733 Aeschylo

265 1759 585 1836 praestare
648 1752 817 1838 quod
862 1750 1011 1819 volo
1031 1799 1048 1828 ‚
1096 1751 1207 1818 sed
1254 1750 1408 1836 quid
1454 1753 1724 1836 possim,
1771 1754 2187 1837 quantumvis
2232 1754 2294 1818 id
2343 1756 2657 1842 exiguum

265 1860 383 1943 sit,
428 1860 499 1925 id
548 1867 767 1927 tamen
808 1860 995 1945 juvat
1040 1858 1334 1943 experiri.
1398 1855 1471 1922 Si
1517 1857 1757 1923 frustra
1799 1856 1979 1924 fuero
1995 1903 2013 1934 ,
2061 1875 2188 1924 non
2234 1858 2500 1924 deerunt
2545 1858 2657 1944 qui

267 1966 430 2031 mihi
478 1965 814 2034 meliorem
861 1966 1038 2031 viam
1084 1964 1554 2029 monstrabunt.
1602 1961 1867 2030 Utinam
1915 1960 2212 2031 comiter!

355 2070 732 2140 Promethei
775 2071 971 2138 verba
1015 2074 1165 2135 sunt
1206 2089 1302 2134 vs.
1355 2067 1520 2136 141:

1094 2172 1367 2242 ἐσίδεσθ’
1417 2172 1515 2256 οἵῳ
1560 2176 1765 2256 δεσμῷ

819 2283 1203 2364 rma-apr&
1259 2282 1382 2360 ἐγὼ

821 2389 1001 2464 τῆςδε
1046 2389 1393 2469 Φάραγγος
1440 2387 1762 2461 σκοπέλοις
1809 2389 1874 2454 ἑν
1920 2386 2122 2470 ἄκροις

824 2492 1092 2577 Φρουρὰν
1138 2493 1366 2576 ἄζηλον
1412 2496 1702 2575 ὀχήσω.

283 2598 525 2679 Quaero
585 2605 946 2689 potueritne
1005 2608 1192 2687 poeta
1256 2601 1524 2683 Φρουρὰν
1584 2602 1758 2681 ὀχεῖν
1804 2606 1974 2668 recte
2020 2602 2230 2669 dicere
2275 2607 2343 2668 et
2389 2603 2544 2688 quid
2590 2623 2667 2669 ea

282 2704 516 2776 locutio
576 2706 915 2796 significet.
1008 2707 1108 2774 Ad
1167 2727 1306 2773 eam
1355 2710 1785 2792 quaestionem
1836 2708 2203 2774 solvendam
2251 2729 2480 2794 parum
2525 2729 2669 2795 pro-

282 2808 490 2880 ficitur
540 2812 929 2880 Scholiastae
975 2813 1381 2879 adnotatione
1400 2863 1418 2896 ,
1458 2815 1567 2899 qui
1610 2815 1706 2879 ita
1745 2813 2005 2880 scribit:
2046 2814 2339 2893 Φυλακὴν
2362 2814 2665 2893 eaedem·

285 2914 319 2980 ὅ
357 2919 444 2989 ἔςι
493 2921 810 3003 φρουρήσω
857 2922 969 2993 σὺν
1014 2920 1271 2999 πέτραν.
1325 2918 1759 2985 Weckleinius
1806 2920 1883 2984 ad
1933 2918 2284 3007 odysseam
2329 2928 2661 3007 provocat,

285 3026 347 3089 in
407 3048 538 3111 qua
582 3027 824 3116 legitur
869 3052 904 3100 η
954 3024 1123 3091 2113
1172 3024 1468 3106 ὀχέοντας
1519 3025 1714 3105 ὀϊζύν,
1765 3040 1806 3091 λ
1855 3024 2025 3091 6183
2076 3027 2265 3092 κακὸν
2311 3026 2531 3108 μόρον,
2582 3026 2673 3093 ὅν-

289 3154 396 3211 περ
465 3134 592 3212 ἐγὼ
662 3133 953 3214 ὀχέεσκον
1011 3133 1114 3198 ὑπ’·
1177 3133 1389 3210 αὐγὰς
1458 3130 1714 3206 ἠελίοιο,
1778 3141 1834 3212 Φ
1893 3130 2060 3198 3023
2124 3123 2191 3205 ἣν
2250 3130 2407 3207 ἄτην
2478 3133 2673 3216 ὀχέων

293 3238 601 3322 ἀεσίφρονι
653 3241 819 3320 θυμῷ
840 3288 858 3314 ,
905 3238 1015 3306 sed
1062 3260 1142 3305 ne
1181 3239 1285 3305 his
1328 3238 1587 3326 quidem
1630 3236 1785 3306 locis
1806 3246 2058 3323 recepta
2082 3239 2251 3325 apud
2275 3241 2674 3329 Aeschylum

294 3341 475 3414 lectio
523 3348 680 3413 satis
721 3345 1068 3412 stabilitur.
1128 3344 1393 3431 Reliqui
1439 3347 1850 3429 interpretes,
1899 3364 2057 3430 quos
2102 3345 2427 3413 consulere
2464 3350 2670 3433 potui,

296 3451 453 3519 nihil
502 3451 846 3518 admodum
893 3450 1225 3517 conferunt
1269 3450 1436 3536 quod
1483 3449 1563 3515 ad
1609 3470 1749 3515 rem
1792 3450 1947 3516 facit
1967 3497 1983 3525 ‚
2033 3471 2184 3516 nam
2230 3452 2397 3538 quod
2445 3452 2676 3520 Schut-

300 3559 425 3627 zius
484 3557 810 3627 contendit
870 3578 1136 3645 gravem
1183 3557 1624 3643 metaphoram
1673 3576 1807 3622 esse
1853 3565 1919 3622 et
1962 3556 2282 3643 loquentis
2327 3560 2676 3627 conditioni

303 3669 729 3750 aptissimam,
793 3671 891 3731 est
951 3683 1025 3731 ea
1084 3663 1258 3729 nuda
1303 3662 1644 3732 affirmatio
1669 3665 1904 3748 -potius
1949 3684 2143 3750 quam
2194 3664 2671 3734 demonstratio.

305 3767 463 3850 Quid
533 3775 703 3853 ὀχεῖν
790 3766 1152 3859 significat?
1233 3769 1292 3833 V
1283 3771 1483 3846 chere,
1554 3771 1794 3855 opinor.
1890 3767 2163 3855 Scripsit
2224 3772 2676 3860 Aristophanes

305 3884 443 3945 noto
501 3878 675 3945 loco:
725 3877 913 3949 αὐτὸς
961 3875 1199 3958 βαδίζω
1247 3876 1352 3942 καὶ
1402 3881 1594 3952 πονῶ,
1646 3880 1856 3942 τοῦτον
1904 3877 1954 3941 δ’
2003 3877 2130 3956 ὀχῶ
2180 3886 2246 3944 et
2295 3880 2422 3951 πῶς
2470 3879 2675 3959 Φέρεις

305 3985 422 4065 γὰρ
467 3982 529 4056 ὅς
578 3987 646 4064 γ’
695 3984 844 4066 ὀχεῖ
883 3990 949 4050 et
995 4003 1216 4050 omnes
1260 3986 1353 4049 sic
1398 3982 1770 4068 loquuntur.
1818 3982 2163 4050 Vetustum
2209 3984 2539 4050 oraculum
2580 3992 2679 4053 est

308 4093 462 4175 apud
506 4091 891 4179 Dionysium
938 4089 1154 4156 Halic.
1200 4090 1422 4175 Antiq.
1469 4087 1663 4155 Rom.
1708 4088 1761 4155 1.
1815 4089 1923 4166 19,
1974 4090 2141 4176 quod
2187 4089 2346 4157 olim
2384 4089 2679 4183 Pelasgis

309 4196 542 4265 editum
591 4198 787 4263 fuisse
831 4196 1157 4282 perhibet:

662 4305 971 4382 Στείχεσε
1015 4301 1336 4380 μαιόμενοι
1384 4309 1654 4370 Σικελῶν
1699 4301 2039 4384 Σατορνίαν
2082 4298 2230 4368 οιῖοιν

665 4409 758 4486 ἧδ’
806 4408 1205 4506 ’ᾼβοριγίνων
1253 4409 1565 4489 Κοτύλην,
1614 4404 1684 4476 οὖ
1729 4412 1908 4484 νᾶσος
1953 4411 2317 4489 ὀχεῖται.
