3192 5017
479 307 611 376 436
1510 323 1835 373 mmmm.

469 502 586 560 τῶν
632 492 966 574 ἔμπροσθεν
1014 496 1451 577 ἁμαρτήματα
1503 494 2005 575 διορθωσάμενος,
2055 516 2216 580 quae
2262 501 2595 580 svper-iores
2634 495 2878 580 princi-

465 625 571 685 pes
615 607 978 687 peccassent
1026 623 1099 668 ea
1148 602 1384 667 dicitur
1432 605 1775 668 correxisse
1821 600 2253 668 Constantius.

562 816 721 903 Pag.
773 814 880 879 44.
931 820 998 878 b:
1067 814 1246 890 δῆλος
1293 811 1354 879 εἶ
1395 816 1479 895 τῷ
1524 815 1776 892 μεγέθει
1823 815 1938 891 μὲν
1986 815 2104 886 τὰς
2156 816 2329 893 παρα
2379 820 2496 880 τῶν
2546 816 2871 892 βασιλέων

471 922 693 1004 δωρεὰς
745 920 1328 1001 ὑπερβαλλόμενος,
1379 931 1455 1003 τῇ
1506 920 1881 1000 βεβαιότητι
1933 921 1998 985 δὲ
2047 927 2163 985 τῶν
2210 918 2394 997 ἅπαξ
2435 921 2722 987 δοθέντων
2749 924 2870 995 τὰς

474 1029 647 1108 παρὰ
694 1033 810 1093 τῶν
858 1028 1061 1105 δήμων
1108 1026 1380 1108 χάριτας
1432 1027 1999 1107 ἀποκρυπτόμενος.

563 1134 959 1200 Adumbrata
1002 1134 1158 1199 haec
1203 1139 1352 1199 sunt
1397 1155 1474 1198 ex
1519 1133 1967 1199 Demosthenis
2013 1133 2336 1217 Leptinea,
2378 1139 2453 1197 ut
2497 1154 2646 1221 pag.
2692 1131 2864 1199 461:

475 1238 518 1325 ᾧ
580 1240 740 1321 μόνῳ
803 1240 1046 1322 μείζους
1112 1240 1259 1305 εἰσὶν
1314 1242 1379 1305 αἱ
1440 1240 1612 1320 παρὰ
1675 1247 1790 1305 τῶν
1841 1240 2044 1317 δήμων
2091 1241 2303 1319 δωρεαὶ
2355 1246 2473 1303 τῶν
2523 1240 2697 1315 παρὰ
2749 1247 2867 1303 τῶν

476 1347 686 1414 ἄλλων
734 1354 1050 1412 πολιτειῶν
1100 1347 1444 1427 (διδομένων
1491 1346 1645 1432 del.)
1684 1348 1788 1412 καὶ
1829 1352 2005 1412 τοῦτο
2044 1349 2388 1424 ἀναιρεῖται
2430 1351 2532 1410 νῦν
2575 1348 2662 1425 τῷ
2689 1347 2871 1424 νόμῳ.

481 1460 546 1520 et
604 1459 746 1540 post
801 1474 1032 1540 pauca:
1084 1462 1159 1533 τῇ
1209 1462 1362 1535 τιμῇ
1413 1452 1516 1517 καὶ
1562 1462 1641 1533 τῇ
1689 1451 2065 1531 βεβαιότητι
2113 1455 2232 1525 τας
2281 1452 2456 1531 παρὰ
2504 1458 2623 1516 τῶν
2669 1453 2875 1527 δήμων

480 1559 702 1639 δωρεὰς
750 1559 1034 1639 εὑρήσετε
1081 1557 1267 1630 οὔσας
1313 1558 1637 1637 βελτίους.

575 1771 731 1859 Pag.
785 1771 889 1836 45.
941 1793 1004 1835 σε
1053 1770 1146 1844 τίς
1197 1769 1321 1851 γάρ
1372 1775 1429 1835 σ’
1477 1772 1699 1849 ἀγνοεῖ
1739 1776 1856 1835 τῶν
1906 1768 2198 1836 ἁπάντων
2243 1770 2551 1845 τοσαύτην
2600 1770 2668 1833 ἐκ
2733 1772 2881 1834 παί-

486 1879 656 1944 δΩΝ
707 1886 814 1952 τῆς
864 1879 1083 1957 αρετῆς
1136 1877 1372 1951 ταύτης
1420 1876 1785 1953 ἐπιμέλειαν
1834 1877 2154 1956 ἐσχηκότα
2206 1876 2333 1940 κτὲ.

574 1983 838 2050 Veteres
863 2032 878 2062 ,
953 1985 1063 2068 qui
1117 1988 1286 2048 recte
1350 1984 1632 2071 cogitare
1692 1982 1979 2049 solebant
2032 1988 2096 2048 et
2143 1987 2406 2047 naturae
2452 1990 2880 2068 congruenter

486 2090 697 2176 loqui,
769 2091 846 2156 de
908 2112 1025 2153 uno
1084 2089 1377 2154 dicebant
1424 2092 1494 2153 ἐκ
1542 2090 1800 2172 παιδός,
1848 2089 1925 2155 de
1960 2091 2243 2173 pharibus
2291 2091 2358 2152 ἐκ
2409 2090 2662 2153 παίδων.
2758 2086 2882 2153 Sed

483 2197 774 2262 Iulianus
838 2202 903 2262 et
949 2195 1241 2281 aequales
1290 2203 1422 2260 tam
1474 2198 1702 2261 vitiose
1747 2195 2208 2281 loquebantur,
2253 2202 2329 2259 ut
2377 2194 2612 2261 talium
2661 2215 2878 2260 rerum

488 2302 657 2386 apud
703 2321 809 2367 eos
854 2305 1016 2368 ratio
1065 2322 1186 2367 non
1237 2306 1503 2368 constet.

578 2515 738 2602 Pag.
793 2512 898 2581 4¹7.
949 2537 1020 2579 a:
1070 2511 1187 2580 ὅσα
1234 2514 1359 2593 γὰρ
1411 2515 1669 2586 ἐκείναις
1719 2516 2206 2596 ἀπαγορεύουσιν
2255 2517 2305 2579 οἱ
2354 2515 2523 2592 νόμοι
2569 2520 2677 2580 τοῦ
2727 2541 2886 2592 γνη-

490 2622 682 2688 σίΩΕ
728 2620 995 2702 φύεσθαι
1045 2621 1184 2693 τοὺς
1233 2621 1472 2693 παῖδας
1520 2621 1954 2699 ἐπιμελόμενοι
2007 2623 2137 2688 κτὲ.

583 2728 657 2793 In
726 2727 909 2794 libris
979 2728 1396 2793 deterioribus
1459 2734 1708 2793 servata
1770 2733 1903 2812 est,
1967 2727 2070 2795 vel
2135 2732 2350 2815 potius
2396 2728 2474 2794 de
2522 2735 2890 2795 coniectura

491 2837 768 2921 reposita
833 2840 960 2912 est,
1026 2855 1175 2901 vera
1244 2834 1475 2900 lectio:
1539 2840 1646 2899 τοῦ
1710 2835 2066 2910 γνησιὈΤΟ
2111 2836 2380 2917 Φύεσθαι
2428 2834 2568 2906 τοὺς
2619 2835 2890 2907 παῖδας.

492 2943 634 3009 Hoc
682 2960 883 3006 unum
935 2942 1106 3006 enim
1153 2942 1555 3025 spectabatur
1602 2946 1822 3006 utrum
1872 2948 2078 3007 essent
2129 2941 2412 3029 legitimi
2458 2941 2650 3007 liberi
2689 2963 2773 3006 an
2813 2964 2893 3008 ex

497 3047 810 3115 adulterio
857 3049 1012 3113 nati.
1118 3047 1385 3111 [tiber-dm
1431 3048 1826 3134 quaesendvlm
1871 3070 2051 3112 caum
2099 3048 2336 3113 dicitur
2375 3047 2612 3113 Graece
2651 3047 2892 3112 παίδων

497 3154 597 3219 ἐπ’
649 3152 840 3236 ἀρότῳ
888 3151 1149 3231 γνησίων
1197 3153 1366 3237 apud
1413 3153 1844 3219 Menandrum
1895 3158 1959 3219 et
2006 3152 2188 3219 alios.

587 3369 747 3457 Pag.
800 3368 905 3433 47.
960 3393 1018 3433 c:
1088 3365 1236 3432 ὅπου
1298 3367 1362 3432 δὲ
1426 3377 1550 3439 τοῖς
1620 3376 1830 3439 κοινοῖς
1881 3369 2064 3449 ἐχρῆν
2111 3367 2351 3447 βοηθεῖν
2399 3367 2503 3433 τὸν
2553 3370 2890 3447 πόλεμΟΝ

503 3473 664 3541 εἵλου
714 3475 1173 3557 προθυμότατα.
1258 3540 1261 3543 ,

589 3581 732 3648 Non
797 3582 1032 3648 dicitur
1093 3582 1366 3660 πόλεμον
1430 3582 1764 3662 αἱρεῖσθαι,
1816 3583 1924 3648 sed
1972 3588 2083 3647 aut
2131 3582 2404 3663 αἴρεσθαι
2453 3584 2731 3662 πόλεμον
2781 3592 2894 3650 aut

500 3690 894 3769 ἀναιρεῖσθαι.
946 3688 1172 3773 Itaque
1220 3686 1492 3766 πόλεμον
1540 3687 1849 3753 ἈΝείλου
1897 3690 2343 3774 reponendum.
2384 3691 2464 3755 cf.
2509 3710 2657 3777 pag.
2701 3689 2790 3755 95
2829 3709 2894 3754 c:

496 3798 566 3863 τὸ
639 3794 749 3874 ξὺν
821 3794 954 3876 δίκῃ
1023 3795 1346 3860 ἀνελέσθαι
1419 3795 1521 3859 τὸν
1584 3794 1875 3871 πόλεμον.
1941 3800 2005 3860 et
2054 3793 2140 3860 94
2188 3797 2263 3859 d:
2331 3796 2462 3861 οὐδὲ
2510 3796 2895 3876 ἀναιρεῖσθαι

498 3903 769 3981 πόλεμον
817 3899 940 3979 δ’,τι
987 3904 1074 3980 μη
1125 3907 1242 3966 τῶν
1291 3903 1646 3982 ἀρχομένων
1691 3909 1801 3976 τῆς
1853 3902 2162 3981 ὠφελείας
2214 3897 2415 3967 ἕνεκα.

590 4011 745 4098 Peg.
801 4009 903 4075 52.
957 4011 1030 4073 d:
1097 4009 1379 4089 ἀφέντας
1442 4011 1565 4090 χρὴ
1616 4016 1749 4080 τοῖς
1792 4007 2152 4086 Ὁμηρίδαις
2200 4009 2282 4072 τοὶ
2334 4012 2597 4073 τοιαῦτα
2649 4047 2742 4059 -
2792 4010 2890 4074 ἐπὶ

499 4118 582 4184 τὰ
631 4117 857 4182 τούτων
906 4116 1226 4196 ἔγγύτερα
1273 4116 1415 4192 πρὸς
1468 4116 1689 4195 οὶρετην
1738 4153 1822 4163 —-—
1872 4113 2286 4195 ὀαρρούντΩΟ
2332 4112 2507 4179 ἱέναι.

587 4221 960 4309 Legendum
1021 4221 1415 4302 ὀαρροῢντΑΟ
1479 4222 1669 4300 ιέναι,
1732 4224 1824 4287 sic
1872 4223 2044 4287 enim
2093 4241 2312 4287 omnes
2359 4220 2787 4306 loquebantur
2830 4230 2895 4288 et

495 4334 739 4397 veteres
810 4332 873 4392 et
942 4331 1317 4394 recentiores
1381 4329 1459 4395 cf.
1524 4350 1672 4417 pag.
1740 4329 1843 4393 54.
1899 4329 1980 4393 b.
2045 4351 2161 4397 cos-s
2229 4328 2336 4405 ἤδη
2386 4329 2721 4410 θαρροῦντα
2768 4333 2892 4411 χρὴ

496 4432 744 4511 λέγειν,
795 4438 860 4497 et
905 4434 996 4499 sic
1042 4436 1308 4519 passim.
