3192 5017
1403 265 1803 316 Ausonum.
2708 193 2795 261 95

398 439 782 508 Dindorfius
845 442 914 504 in
979 441 1202 524 quinta
1262 437 1581 524 Lipsiensi
1644 438 1923 506 editione
1967 442 2211 506 minore
2254 462 2316 527 p.
2366 457 2518 506 xovl
2562 440 2805 526 optime

403 548 690 615 ostendit
737 552 1136 633 postremum
1188 543 1578 613 versiculum
1632 566 1821 611 sensu
1865 566 2150 612 vacuum
2191 567 2326 613 esse
2345 596 2362 627 ,
2398 567 2605 634 neque
2645 566 2805 633 opus

390 660 501 721 est
578 660 861 740 repetere
909 673 1069 738 quae
1123 652 1217 717 ibi
1265 653 1596 718 verissime
1646 651 2109 719 demonstravit
2127 700 2144 730 ‚
2191 675 2340 720 cum
2388 675 2490 720 res
2533 673 2809 740 praeser-

394 762 528 825 tim
576 763 643 825 in
700 758 918 825 oculos
967 759 1269 824 incurrat.
1362 756 1462 824 De
1507 758 1824 824 medicina
1871 779 2065 845 quam
2115 759 2412 826 adhibuit
2449 760 2808 846 plurimum
2885 757 2886 760 ’

394 867 664 933 dubito:
735 868 993 951 „itaque
1064 863 1329 942 viator’'‚
1390 865 1622 949 inquit.
1690 885 1922 950 „quem
1981 864 2232 932 Orestes
2277 866 2672 955 Aeschyleus
2715 866 2807 933 lo-

390 978 706 1060 quentem
773 972 1155 1049 introducit,
1222 972 1342 1037 hoc
1407 970 1616 1037 dicere
1678 971 1932 1038 debuit:
1998 973 2117 1036 Cm·
2159 974 2476 1058 suppl-icem
2521 974 2595 1038 ab
2642 975 2807 1039 douo

385 1080 651 1156 arcetis,
720 1085 776 1143 εἰ
836 1079 1120 1160 Aeqietko
1140 1128 1158 1158 ,
1227 1078 1497 1164 quamvis
1557 1078 1818 1154 absenti,
1884 1085 2060 1144 nom
2104 1086 2209 1144 est.
2301 1077 2432 1160 His,
2473 1079 2552 1147 de
2598 1081 2806 1147 causis

384 1186 739 1255 emendavi
782 1184 1044 1262 ἔκδημος
1094 1209 1207 1265 περ
1257 1183 1389 1249 ὥν.”
1437 1183 1628 1250 Nunc
1675 1184 1934 1270 quidem
1979 1183 2384 1252 Dindorfium
2419 1189 2584 1254 ratio
2621 1187 2807 1273 plane

386 1295 614 1381 fugit,
670 1313 818 1357 nam
880 1290 1061 1358 nulla
1122 1291 1356 1378 poterit
1403 1311 1716 1376 umquam
1772 1311 1961 1357 causa
2006 1294 2357 1380 excogitari
2379 1340 2397 1371 ,
2447 1313 2560 1358 cur
2604 1294 2808 1360 viator

388 1398 518 1465 ille
581 1404 921 1485 putaturus
1007 1401 1092 1464 sit
1109 1448 1128 1483 ,
1200 1396 1558 1483 supplicem
1630 1418 1896 1486 peregre
1972 1398 2423 1466 adventantem
2492 1400 2803 1489 Aegistho

392 1527 544 1572 esse
605 1513 845 1573 notum.
943 1504 1150 1571 Paulo
1204 1503 1627 1570 verisimilius
1675 1507 2088 1590 conjiciemus
2135 1511 2643 1591 praetereuntem
2690 1506 2807 1573 ali-

391 1633 596 1698 quem
656 1614 749 1678 ita
809 1611 1053 1677 dicere:
1115 1611 1266 1697 quid
1322 1633 1426 1676 vos
1488 1612 1735 1675 cessatis
1791 1611 1922 1694 opis
1977 1612 2337 1694 indigentem
2392 1614 2647 1698 hospitio
2706 1636 2804 1679 ea·-

385 1724 595 1802 cipere
603 1718 639 1781 ?
685 1718 816 1783 Hoc
861 1725 1018 1782 certe
1062 1718 1378 1802 Aoyisthuc
1394 1766 1413 1801 ,
1462 1718 1519 1780 si
1560 1718 1720 1782 domi
1755 1728 1922 1796 emt,
1969 1718 2211 1784 minime
2246 1720 2500 1786 tulisset.
2546 1719 2807 1787 Scilicet

388 1829 475 1892 in
545 1825 733 1891 domo
802 1824 990 1891 caede
1060 1822 1386 1889 maculata
1456 1825 1683 1911 regina
1745 1828 1960 1890 tamen
2025 1845 2176 1890 cum
2239 1824 2529 1892 adultero
2593 1826 2809 1894 debita

386 1932 766 2017 hospitibus
816 1930 1020 1997 officia
1066 1929 1342 1996 libenter
1388 1931 1800 2015 praebebant,
1851 1933 1952 1996 uti
2000 1931 2298 1998 videmus
2348 1954 2441 1999 vs.
2491 1931 2623 1999 668
2670 1953 2806 2021 sqq.

390 2038 781 2124 Suspicatur
840 2039 1125 2124 Argivus
1186 2036 1348 2102 forte
1395 2039 1847 2122 superveniens
1865 2087 1884 2122 ,
1933 2058 2044 2104 rus
2093 2040 2450 2124 profectum
2501 2060 2634 2106 esse
2679 2042 2806 2108 Ae·

393 2145 698 2235 gisthum
719 2190 737 2222 ,
801 2143 952 2208 hinc
990 2145 1333 2229 janitorem
1381 2141 1662 2208 ludibrio
1710 2143 1941 2209 habere
1987 2146 2393 2233 peregrinum
2438 2147 2770 2213 hominem
2788 2196 2805 2221 ‚

397 2251 521 2338 qui
568 2253 782 2336 ipsum
827 2249 1224 2338 Aegisthum
1295 2255 1692 2335 praesentem
1759 2256 1928 2318 certe
1991 2251 2162 2317 haud
2225 2252 2462 2319 frustra
2524 2253 2808 2320 adiisset.

402 2358 624 2446 Lego:

868 2463 932 2528 τί
978 2462 1047 2539 δὴ
1096 2463 1361 2529 πύλαισι
1409 2462 1512 2528 τὸν
1561 2462 1766 2538 ἱκέτην
1818 2464 2197 2552 ἀπείργετες

872 2567 1177 2649 Αἴγισθος
1224 2572 1307 2636 οὐ
1355 2569 1671 2650 παρεῖδ’
1719 2570 1796 2637 ἂν
1846 2568 2098 2649 ἔνδημος
2147 2595 2260 2655 περ
2307 2573 2405 2639 ὤν.

398 2674 598 2746 Nihil
643 2681 860 2743 metuo
908 2698 988 2742 ne
1032 2677 1187 2743 huic
1234 2680 1631 2762 conjecturae
1677 2678 1990 2764 praeferat
2040 2680 2182 2764 quis
2231 2677 2543 2746 Dindorfii
2590 2700 2805 2747 emen·

399 2785 752 2851 dationem.
799 2781 1300 2850 Herwerdenus:
1374 2780 1682 2862 Αἴγισθος
1747 2783 1914 2865 εἴπερ
1977 2783 2170 2864 ἔνδον,
2230 2783 2480 2864 ἔνδημος
2546 2786 2757 2868 παρών
2781 2836 2799 2866 ,

407 2912 617 2978 quum
661 2890 913 2969 scribit,
960 2890 1210 2956 inducit
1252 2895 1510 2976 poetam
1558 2891 1919 2982 tautologia
1964 2893 2383 2960 laborantem.

504 3102 578 3168 In
634 3100 1183 3192 Clytaemnestrae
1249 3102 1496 3181 verbis,
1548 3123 1711 3189 quae
1760 3110 1912 3170 sunt
1956 3104 2105 3172 inde
2153 3126 2191 3172 a
2236 3126 2333 3173 vs.
2384 3105 2550 3184 691,
2602 3106 2815 3174 multa

413 3216 774 3299 portentose
820 3214 1115 3295 corrupta
1160 3215 1311 3276 sunt
1355 3217 1420 3276 et
1470 3231 1671 3277 unum
1717 3212 1957 3278 vitium
1998 3210 2224 3279 tollere
2261 3213 2524 3281 fortasse
2572 3219 2809 3301 potero.

416 3317 530 3386 Vs.
578 3323 677 3385 est
723 3316 889 3384 697:

876 3424 981 3489 καὶ
1029 3426 1131 3488 νῦν
1181 3421 1479 3505 'optentu
1528 3421 1596 3501 ἦν
1644 3425 1770 3505 γὰρ
1841 3424 2118 3505 εὖβόλως
2166 3424 2362 3507 ἔχων,

889 3528 1003 3607 ἔξω
1054 3528 1314 3611 κομίζων
1365 3529 1627 3613 ὀλεθρίου
1676 3536 1876 3606 πηλοῦ
1925 3530 2123 3618 πόδα,

884 3635 1150 3718 φίλων
1195 3637 1507 3716 ἄποψιλοΐ
1546 3663 1628 3717 με
1677 3639 1786 3713 τὴν
1833 3639 2218 3707 παναθλίαν.

429 3746 604 3813 Illud
653 3743 855 3827 φίλων
903 3735 1160 3832 egregie
1208 3742 1532 3829 displicet:
1578 3744 1783 3812 malo:
1834 3746 2094 3811 θανών.

518 3956 894 4042 Perpetrata
940 3955 1129 4020 caede
1177 3953 1429 4022 Orestes
1472 3955 1567 4022 ita
1615 3956 1774 4022 dicit
1817 3954 2101 4043 Choeph.
2153 3955 2318 4027 9¹75:

893 4058 1108 4127 ἴδεσθε
1153 4062 1364 4143 χώρας
1415 4064 1524 4138 τὴν
1574 4062 1795 4136 διπλῆν
1842 4064 2167 4145 τυραννίδα

894 4167 1343 4247 πατροκτόνους
1391 4191 1463 4233 τε
1512 4168 1812 4244 δωμάτων
1859 4167 2259 4251 πορθήτορας.

888 4273 1171 4353 σεμνοὶ
1220 4274 1335 4353 μὲν
1382 4271 1538 4350 ἦσαν
1585 4276 1646 4341 ἑν
1694 4276 1905 4358 θρόνοις
1950 4275 2074 4342 τόθ’
2124 4274 2361 4364 ἥμενοι,

885 4381 1060 4466 φίλοι
1112 4380 1178 4446 δὲ
1224 4382 1329 4448 καὶ
1380 4386 1501 4448 νῦν.
