3192 5017
1080 292 1820 346 snmouomomom.
2281 334 2288 340 ,
2518 266 2647 342 169

354 464 641 528 Gammae
671 467 1062 534 numeravi:

353 567 478 636 161
544 571 1085 640 thrithemimeres
1102 624 1120 658 ‚
1186 595 1455 661 quarum
1507 573 1593 640 62
1641 576 1894 641 iunctae
1940 578 2091 638 sunt
2137 591 2285 638 cum
2334 571 2647 657 hephthe-

256 677 523 743 mimere
546 724 565 755 ‚

352 782 480 849 125
526 784 1091 870 penthemimeres.

353 889 482 955 123
530 893 701 956 κατὰ
748 893 948 971 τρίτον
996 901 1286 974 τροχαῖον
1307 942 1325 976 ,

350 995 439 1062 90
482 996 1093 1083 hephthemimeres.

349 1103 957 1190 Hephthemimeres
1015 1125 1200 1193 saepe
1261 1109 1574 1193 reperitur
1638 1109 1706 1171 in
1768 1107 1991 1173 eodem
2054 1128 2240 1173 versu
2293 1127 2451 1173 ‘cum
2497 1128 2649 1192 pen·

257 1209 640 1276 themimere
656 1258 672 1287 ,
746 1231 931 1295 saepe
1000 1232 1150 1277 cum
1214 1212 1533 1278 trochaica
1594 1215 1663 1277 in
1727 1216 1916 1278 tertio
1979 1213 2136 1298 pede
2154 1263 2172 1297 ‚
2221 1215 2425 1279 rarius
2471 1212 2644 1278 idem

256 1337 478 1383 versus
540 1315 734 1383 habet
796 1316 989 1382 simul
1052 1318 1625 1402 penthemimersm
1689 1324 1755 1384 et
1815 1339 2144 1384 caesuram
2206 1319 2376 1384 κατὰ
2445 1317 2647 1398 τρίτον

256 1430 575 1505 τροχαῖον.

354 1526 487 1594 158
548 1527 819 1615 denique
879 1536 1031 1595 sunt
1076 1530 1403 1597 bucolicse
1449 1551 1772 1609 caesurae,
1824 1552 1860 1598 e
1907 1552 2032 1618 quo
2078 1550 2347 1597 numero
2384 1528 2472 1596 26
2518 1539 2652 1596 tan·

256 1641 402 1701 tum
464 1635 700 1700 cadunt
763 1642 906 1722 post
960 1637 1311 1722 spondeum
1329 1686 1344 1715 ,
1412 1643 1477 1704 et
1536 1637 1799 1703 fortasse
1859 1636 1971 1722 25,
2019 1657 2169 1703 nam
2216 1635 2353 1703 fieri
2399 1640 2645 1721 potest,

257 1744 337 1806 ut
382 1761 478 1807 vs.
531 1739 658 1805 109
706 1742 1112 1809 scribendum
1162 1743 1247 1808 sit

343 1892 355 1904 ·
442 1848 518 1920 ὥς
565 1847 618 1913 δ’
666 1844 841 1922 ἦλθον
887 1849 1251 1921 σπεύδοντες
1300 1846 1417 1928 ἅμ’
1465 1848 1556 1926 ἠόα
1609 1851 1746 1937 (pro
1794 1852 1939 1936 ἠοῖ),
1985 1858 2212 1931 πρῶτος
2259 1849 2468 1924 darien.

254 1952 597 2018 Interdum
646 1959 793 2020 ante
841 1954 1002 2021 hanc
1048 1975 1372 2022 caesuram
1419 1976 1600 2022 more
1645 1954 1991 2022 Homerico
2039 1961 2297 2040 apparet
2344 1956 2578 2021 hiatus.

351 2055 765 2144 Comparanti
826 2081 977 2128 cum
1041 2061 1146 2126 his
1205 2082 1366 2148 quse
1426 2061 1759 2127 Bekkerus
1818 2061 1896 2127 de
1954 2063 2237 2128 numeris
2285 2060 2648 2127 Homericis

255 2164 627 2231 observavit
689 2167 757 2229 in
817 2165 984 2232 libro
1046 2170 1155 2254 qui
1223 2167 1594 2234 inscribitur
1662 2166 2076 2233 Homerische
2124 2166 2374 2232 Blfitter
2418 2165 2449 2230 Ι
2498 2186 2650 2253 pag.

260 2269 396 2336 142
461 2291 595 2356 sqq.
655 2273 970 2338 constabit
1024 2272 1786 2361 Batrachomyomschiae
1847 2278 2165 2339 auctorem
2214 2274 2282 2336 in
2329 2276 2464 2337 arte
2510 2291 2648 2337 ver-

253 2397 447 2442 suum
498 2377 822 2461 epicorum
870 2377 1349 2465 pangendorum
1398 2397 1801 2464 nequaquam
1847 2378 2164 2463 hospitem
2210 2375 2408 2442 fuisse
2468 2378 2650 2442 estis-

249 2502 379 2570 que
428 2479 726 2559 fideliter,
779 2484 836 2546 si
880 2482 1116 2567 pedum
1165 2490 1231 2550 et
1277 2505 1682 2551 caesurarum
1731 2485 2106 2549 varietatem
2155 2488 2345 2568 atque
2392 2501 2647 2569 propor-

246 2591 497 2655 tionem
559 2596 919 2677 spectsmus
937 2637 954 2669 ‚
1022 2591 1254 2654 veteris
1314 2591 1471 2655 artis
1531 2609 1824 2656 normam
1892 2594 2186 2654 secutum
2249 2608 2400 2653 esse.
2497 2586 2649 2651 Inde

246 2702 470 2762 tamen
535 2692 698 2758 nihil
760 2692 1053 2759 concludi
1117 2713 1297 2779 posse
1363 2694 1440 2760 de
1501 2700 1708 2762 aetate
1771 2714 1898 2780 qus
1943 2700 2130 2779 poeta
2177 2695 2451 2776 vixerit,
2498 2691 2648 2756 inde

249 2805 516 2886 apparet
537 2845 553 2877 ‚
603 2798 770 2885 quod
812 2805 1020 2865 setste
1058 2797 1495 2866 Alexandrina
1534 2806 1864 2865 externam
1906 2798 2091 2864 illam
2111 2845 2128 2876 ,
2170 2803 2245 2863 ut
2281 2800 2375 2863 ita
2399 2797 2609 2863 dicam
2628 2846 2645 2875 ‚

251 2912 461 2974 artem
527 2925 566 2970 s
610 2903 840 2970 multis
887 2904 1255 2971 felicissime
1301 2904 1544 2972 cultam
1593 2925 1728 2971 esse
1775 2909 2037 2971 constat.
2132 2902 2375 2969 Unicus
2423 2905 2534 2988 qui
2578 2905 2648 2966 in

250 3010 976 3096 Batrachomyomachia
1023 3031 1242 3077 versus
1261 3059 1278 3094 ‚
1325 3013 1447 3077 etsi
1487 3030 1613 3076 non
1654 3015 1988 3096 corruptus
2004 3058 2023 3095 ,
2061 3008 2356 3097 legitima
2394 3028 2651 3075 caesura

255 3122 465 3193 caret,
515 3122 612 3182 est
664 3137 754 3182 vs.
804 3115 938 3184 283

632 3222 834 3302 αὐτὰρ
881 3220 1104 3288 ἔπειτα
1150 3225 1461 3305 κεραυνόν,
1508 3224 1836 3305 {afhamon
1883 3227 2028 3299 Διὸς
2074 3222 2282 3302 ὅπλον,

259 3329 378 3397 sed
437 3331 710 3414 pertinet
769 3328 884 3395 ille
943 3329 1295 3397 versiculus
1363 3331 1443 3397 ad
1490 3336 1740 3417 partem
1788 3352 1982 3418 quam
2028 3336 2103 3398 ut
2149 3332 2433 3417 spuriam
2482 3335 2650 3396 recte

255 3434 526 3502 seclusit
570 3435 980 3501 Draheimius
1004 3487 1018 3512 ,
1069 3436 1206 3501 scil.
1257 3435 1641 3505 266-287.

354 3538 630 3608 Osesura
689 3540 1005 3609 trochaica
1067 3542 1247 3628 pedis
1307 3545 1518 3629 quarti
1583 3544 1987 3629 paucissimis
2048 3542 2207 3610 locis
2268 3543 2453 3609 obvia
2528 3563 2653 3629 quo

257 3653 444 3736 pacto
512 3649 797 3713 excusari
869 3653 1095 3733 queat,
1168 3648 1318 3715 vide
1379 3669 1542 3735 quse
1606 3656 1777 3716 recte
1848 3651 2101 3716 monuit
2169 3649 2652 3716 Baumeisterus

258 3774 410 3842 pag.
463 3752 549 3820 4¹7
597 3775 687 3841 sq.
2567 3822 2570 3827 .

357 3859 445 3926 Ut
502 3861 708 3948 igitur
752 3862 831 3927 sb
878 3862 996 3929 hac
1043 3864 1304 3949 quidem
1352 3868 1532 3950 parte
1577 3862 1931 3949 culpandus
1976 3882 2103 3929 non
2150 3868 2280 3937 est,
2329 3865 2424 3928 ita
2470 3865 2648 3948 (nam

258 3986 516 4053 prorsus
574 3966 680 4032 hic
752 3967 969 4033 differo
1018 3989 1057 4034 s
1102 3969 1541 4036 Baumeistero
1590 3975 1657 4036 et
1703 3968 2051 4055 amplector
2096 3968 2442 4036 Godofredi
2491 3967 2655 4035 Her-

258 4075 484 4139 manni
541 4071 886 4156 iudicium)
950 4073 1141 4162 longe
1203 4082 1391 4162 poeta
1452 4082 1665 4143 noster
1710 4075 1981 4142 discedit
2026 4095 2064 4140 a
2109 4081 2402 4142 veterum
2449 4077 2655 4162 epico-

259 4199 412 4245 rum
478 4199 702 4245 norms
771 4181 839 4243 in
907 4179 1224 4264 frequenti
1294 4182 1591 4249 brevium
1664 4180 1986 4248 vocalium
2055 4184 2447 4267 correptione
2508 4187 2654 4249 ante

263 4292 511 4351 mutam
565 4304 716 4350 cum
775 4282 1022 4369 liquida
1038 4334 1055 4360 ,
1121 4307 1314 4372 quam
1375 4287 1478 4354 illi
1524 4308 1650 4356 non
1695 4289 1822 4353 nisi
1867 4288 2120 4373 parcius
2168 4292 2233 4353 et
2277 4286 2655 4374 plerumque

264 4394 335 4456 in
398 4393 588 4458 certis
652 4390 1034 4475 quibusdam
1098 4393 1426 4460 vocabulis
1488 4395 1831 4462 admittere
1876 4393 2184 4460 solebant.
2279 4393 2363 4459 Et
2406 4414 2654 4479 correp·
