3192 5017
515 285 647 355 346
1551 296 1864 358 anema

1327 478 1625 563 Namque
1677 481 1865 546 obvia
1909 480 2071 545 ferre

740 586 944 651 Arma
991 588 1135 670 quis
1181 586 1444 651 auderet
1489 587 1615 650 uisi
1662 606 1853 671 quem
1904 586 2080 652 Deus
2130 588 2266 650 ima
2313 584 2632 650 colentum

695 681 700 682 7
739 692 1118 757 Damnasset
1162 689 1430 778 Stygiae
1477 689 1694 756 nocti?
1741 691 1842 775 (V.
1893 691 2053 776 240)

1679 802 1745 863 et

739 903 924 970 Ibant
972 906 1036 967 in
1086 902 1354 968 Martem
1407 909 1613 968 terrae
1660 903 2049 968 dominantis
2099 902 2347 969 alumni

734 1010 1037 1075 Damnati
1084 1011 1329 1092 superis
1377 1029 1492 1073 nec
1538 1011 1670 1072 iam
1720 1009 2004 1073 reditura
2050 1013 2372 1074 iuventus.

605 1118 846 1191 Noctem
919 1116 1149 1180 inferos
1214 1135 1251 1179 a
1318 1115 1522 1198 poetis
1593 1114 1722 1179 dici
1792 1116 2060 1198 probant
2116 1115 2185 1179 hi
2247 1113 2407 1179 loci:
2473 1113 2712 1178 Omnes
2772 1133 2906 1179 una

513 1229 729 1288 manet
776 1242 899 1286 nox
946 1218 1131 1297 (Hor.
1180 1217 1253 1284 O.
1304 1219 1350 1283 1.
1403 1218 1509 1283 28.
1568 1220 1675 1301 15)
1699 1240 1715 1296 ;
1769 1220 1866 1284 Ire
1914 1239 2025 1303 per
2064 1220 2325 1284 umbras
2367 1268 2381 1284 .
2419 1267 2478 1284 ..
2520 1226 2901 1303 noctemque

510 1327 886 1414 profundam
960 1323 1180 1411 (Verg.
1231 1323 1339 1388 VI.
1409 1323 1605 1410 462);
1667 1323 2063 1390 Descendere
2125 1328 2297 1390 nocti
2365 1323 2500 1410 (Sil.
2566 1324 2651 1389 It.
2713 1323 2890 1390 XIII.

512 1434 704 1519 708),
771 1433 863 1496 ita
927 1437 999 1495 ut
1063 1429 1296 1495 Noctes
1343 1429 1473 1495 fere
1521 1431 1939 1516 respondeant
1987 1430 2290 1495 Tenebris
2316 1429 2681 1518 (Stygiis),
2730 1449 2894 1514 quae

511 1563 635 1609 vox
682 1540 1077 1605 sexcentiens
1122 1556 1196 1601 ea
1242 1534 1700 1623 significatione
1746 1538 1945 1602 venit.

603 1647 735 1712 Our
797 1651 969 1708 testes
1027 1643 1402 1708 inseruerim
1427 1689 1443 1720 ‚
1506 1662 1670 1727 quae
1717 1661 1845 1709 vox
1890 1646 2057 1707 inter
2101 1651 2296 1707 noctes
2342 1649 2407 1708 et
2453 1651 2511 1706 et
2560 1643 2744 1708 facile
2792 1664 2900 1708 ex-

511 1754 717 1820 cidere
778 1749 1024 1834 potuit‚
1083 1768 1291 1812 rerum
1361 1748 1823 1833 verborumque
1880 1754 2248 1813 contextum
2302 1747 2739 1832 dispicientem
2790 1767 2901 1812 ue-

513 1877 831 1945 quaquam
881 1853 1064 1920 fallet
1110 1850 1186 1938 ¹).

608 2065 696 2129 Ut
741 2068 869 2130 iam
919 2064 997 2130 ad
1040 2063 1374 2148 scriptores
1414 2061 1690 2129 Graecos
1729 2084 1834 2128 me
1873 2068 2232 2128 convertam
2256 2112 2274 2147 ,
2300 2083 2446 2128 cum
2473 2083 2673 2147 nuper
2697 2062 2901 2128 altera

513 2169 995 2236 Hellenicorum
1059 2168 1665 2253 Xenophonteorum
1728 2170 1926 2233 editio
1988 2171 2053 2232 in
2101 2167 2462 2235 scholarum
2511 2188 2697 2233 usum
2745 2188 2785 2232 a
2832 2174 2896 2233 te

513 2277 686 2341 edita
730 2276 896 2339 mihi
945 2274 1013 2338 in
1059 2294 1287 2338 manus
1333 2276 1551 2357 venit,
1602 2273 1766 2337 nihil
1813 2276 2142 2357 antiquius
2190 2254 2397 2339 habui·
2430 2294 2622 2358 quam
2675 2282 2749 2338 ut
2796 2274 2895 2341 lo-

511 2403 662 2447 cum
718 2384 789 2445 in
834 2379 1070 2446 scholis
1114 2378 1419 2444 habendis
1466 2399 1791 2463 nunquam
1845 2381 2001 2444 satis
2038 2378 2438 2444 intellectum
2476 2382 2891 2464 inspicerem,

513 2490 624 2573 qui
684 2493 782 2551 est
837 2486 904 2550 in
968 2485 1012 2550 1.
1076 2484 1139 2548 ΙΙ
1201 2505 1258 2550 c.
1325 2483 1366 2548 3
1429 2485 1466 2568 ξ
1512 2483 1638 2561 20,
1702 2504 1957 2569 sperans
2005 2505 2110 2550 me
2156 2505 2359 2569 nunc,
2407 2493 2482 2549 ut
2529 2506 2749 2570 saepe,
2799 2489 2893 2549 tui

511 2594 759 2679 ingenii
837 2593 1120 2657 acumini
1204 2589 1417 2656 lucem
1500 2591 1779 2675 aliquam
1869 2598 2191 2675 acceptam
2264 2589 2639 2656 relaturum.
2736 2589 2896 2676 Spes

511 2705 728 2763 autem
779 2696 1037 2761 fefellit:
1091 2696 1285 2761 verba
1326 2716 1723 2781 nequaquam
1774 2701 2027 2760 mutata
2074 2695 2249 2780 prelo
2295 2698 2582 2762 subiecta
2627 2698 2892 2781 repperi.

602 2803 743 2884 Qua
789 2805 858 2866 in
903 2822 971 2866 re
1016 2801 1308 2866 haeream
1332 2850 1349 2885 ,
1391 2803 1611 2885 paucis
1651 2821 1986 2885 exponam.
2037 2801 2432 2886 Improbavit
2470 2800 2897 2868 Theramenes

581 3107 637 3173 1)
690 3106 912 3155 Alterum
963 3104 1145 3161 locum,
1199 3117 1341 3168 quem
1393 3119 1545 3168 nuper
1590 3118 1700 3154 cum
1735 3103 1979 3169 discipulis
2014 3104 2103 3153 hoc
2136 3120 2327 3154 carmen
2363 3105 2523 3169 legens
2557 3105 2607 3154 in
2640 3104 2896 3170 antiquum

508 3193 688 3237 statum
733 3186 855 3236 mihi
907 3185 1168 3258 restituisse
1212 3184 1340 3232 visus
1388 3199 1521 3242 sum,
1569 3185 1690 3232 hanc
1734 3185 1953 3234 schedam
1997 3186 2356 3251 typothetarum
2392 3187 2521 3235 vitiis
2552 3187 2778 3254 purganti
2813 3189 2896 3236 ad·

510 3271 621 3319 dere
665 3269 823 3317 liceat.
893 3267 1104 3316 Renovat
1137 3266 1265 3315 enim
1302 3267 1464 3330 regina
1499 3266 1784 3330 elegiarum,
1822 3267 2225 3331 quotienscunque
2259 3269 2435 3327 reviso,
2475 3268 2719 3318 infandum
2756 3269 2896 3318 foedo

508 3351 732 3414 squalore
766 3349 992 3398 dolorem.

580 3432 756 3481 Versus
791 3432 854 3481 69
890 3434 939 3480 et
973 3430 1037 3482 70
1072 3430 1206 3489 volo,
1242 3429 1327 3495 qui
1360 3446 1388 3479 a
1423 3432 1464 3482 1.
1513 3431 1739 3480 Santerfio
1772 3431 1840 3481 sic
1872 3432 1989 3482 editi
2022 3435 2154 3483 sunt:

1108 3514 1171 3563 Et
1208 3513 1330 3563 serie
1363 3513 1528 3564 fulcite
1561 3529 1729 3578 geum:
1769 3515 1892 3564 mihi
1924 3514 2095 3580 cymba
2126 3515 2306 3565 volenti

1111 3595 1348 3654 Solvitur,
1385 3596 1596 3645 aucturis
1629 3599 1706 3645 tot
1737 3612 1844 3645 mea
1877 3597 1975 3646 fata
2009 3597 2162 3646 malis.

577 3679 931 3736 Lachmannus,
969 3693 1110 3741 quem
1145 3679 1346 3727 Boetius
1380 3683 1578 3728 secutus·
1602 3683 1705 3738 est,
1740 3679 2035 3730 emendavit:

1208 3759 1423 3809 Solvitur
1456 3761 1668 3811 aucturis
1699 3764 1776 3810 tot
1803 3776 1907 3810 mea
1940 3761 2039 3811 fata
2073 3763 2200 3812 neeis.

579 3844 783 3894 Nullum
828 3858 975 3908 paene
1010 3843 1251 3908 Propertii
1288 3842 1447 3892 locum
1481 3859 1510 3891 a
1542 3842 1764 3909 pluribus
1796 3859 1869 3892 vv.
1908 3844 1985 3893 dd.
2022 3848 2311 3910 temptatum
2347 3861 2445 3895 esse
2478 3861 2535 3895 ex
2570 3847 2899 3913 Peerlkampii

511 3927 816 3979 adnotatione
850 3924 970 3983 vidi,
1008 3940 1149 3988 quem
1185 3940 1295 3973 cum
1332 3924 1415 3972 alii
1454 3926 1789 3984 emendarent,
1825 3927 1925 3992 ipse
1960 3925 2217 3975 rescribere
2250 3942 2345 3976 uon
2379 3927 2640 3978 dubitabat.

577 4009 708 4076 Quid
742 4008 929 4057 multa?
964 4006 1141 4055 Omnia
1175 4021 1288 4055 sana
1320 4009 1488 4065 erunt,
1525 4007 1567 4056 si
1603 4007 1795 4071 legeris:

1107 4087 1170 4138 nt
1205 4088 1327 4138 serie
1361 4088 1527 4138 fulcite
1560 4105 1735 4153 genus:
1773 4090 1894 4140 mihi
1926 4091 2093 4155 cymba
2126 4091 2304 4142 volenti

1110 4172 1326 4221 Solvitur
1360 4172 1572 4221 aucturis
1604 4175 1680 4222 tot
1714 4188 1820 4221 mea
1856 4172 1954 4222 fata
1987 4174 2123 4224 satis.

575 4261 741 4310 Matre
792 4252 1008 4306 aratam?
1046 4253 1230 4319 prolem
1265 4253 1498 4319 appellari
1535 4269 1687 4319 neque
1721 4254 1779 4302 de
1815 4258 1951 4320 patre
1985 4259 2177 4306 tantum
2214 4257 2410 4307 verbum
2443 4259 2628 4308 serendi
2670 4260 2893 4324 usurpari

507 4342 689 4390 abunde
741 4340 909 4387 docent
960 4336 1076 4394 loci,
1127 4335 1289 4400 quales
1339 4338 1451 4384 sunt
1505 4336 1631 4401 apud
1685 4336 1825 4384 ovid.
1882 4338 2000 4386 Met.
2057 4338 2110 4386 V.
2172 4339 2283 4398 141,
2330 4339 2459 4388 Fasti
2500 4340 2600 4390 111.
2640 4341 2754 4398 799,
2792 4341 2892 4390 alii.

508 4424 764 4474 Praeterea
798 4419 920 4469 male
955 4432 1123 4466 sonare
1159 4417 1408 4466 lectionem
1444 4417 1877 4466 Lachmaunianam
1911 4418 2038 4467 haud
2073 4419 2209 4468 facile
2242 4420 2493 4486 quisquam
2532 4423 2793 4487 negaverit.
