3192 5017
1235 315 1502 365 cru-nm.
2476 297 2609 369 353

308 488 714 554 Recentiores
781 493 856 554 ut
916 488 1351 554 Schneidewin
1371 538 1387 565 ,
1456 507 1648 572 quem
1710 486 1794 552 A.
1856 486 2088 554 Nauck
2148 494 2406 556 secutus
2465 497 2563 558 est
2582 541 2601 577 ,

226 594 380 660 τέλει
418 597 491 659 in
531 603 706 661 τελεῖ
741 599 990 661 mutato
1027 595 1557 680 interpunxerunt
1596 599 1740 679 post
1776 592 1902 673 γάρ
1942 598 2165 679 atque,
2202 596 2371 681 quod
2412 618 2604 685 supra

226 701 382 786 apud
430 701 932 768 Demosthenem
972 701 1049 767 de
1090 701 1284 767 verbo
1323 703 1684 782 Φανήσετοιι
1722 705 1984 788 agentes
2006 702 2599 782 animadvertimus,

223 806 564 872 orationem
635 809 704 872 vi
773 808 1155 893 discerptam
1224 809 1430 872 nimia
1499 812 1635 872 arte
1698 808 2099 892 interpretari
2158 811 2368 875 conati
2430 815 2600 877 sunt.

221 912 431 997 Neque
480 916 659 979 enim
703 913 868 979 τέλει
918 933 1030 999 pro
1074 910 1298 984 τελέως
1348 911 1452 979 vel
1501 913 1561 976 ἐν
1609 910 1775 977 τέλει
1816 919 2152 1001 sumptum
2185 935 2388 1001 neque
2427 925 2605 982 τελεῖ

219 1019 303 1083 ita
340 1025 679 1105 acceptum
728 1026 802 1084 ut
848 1020 1026 1085 Mars
1073 1018 1263 1084 finem
1315 1019 1580 1096 faciens,
1634 1024 1835 1085 totam
1884 1018 2331 1087 Thebanorum
2376 1023 2601 1088 urbem

225 1160 296 1173 -
347 1132 464 1191 aut
512 1146 698 1193 omne
746 1124 1118 1192 mortalium
1167 1146 1372 1211 genus
1425 1162 1504 1174 -
1551 1124 1953 1211 pestilentiae
1998 1129 2066 1192 vi
2104 1125 2602 1214 depopulaturus

220 1232 330 1304 sit,
407 1236 721 1318 cuiquam
787 1234 1165 1298 sententiam
1236 1234 1392 1297 satis
1462 1251 1682 1297 sanam
1750 1238 1975 1317 poetae
2043 1233 2255 1300 verbis
2315 1234 2600 1301 subicere

223 1337 561 1405 videbitur.
2522 1321 2535 1338 '

300 1444 360 1510 N
362 1466 399 1510 e
447 1444 685 1533 longus
730 1447 855 1511 sim
874 1493 891 1524 ‚
939 1465 1045 1510 me
1090 1451 1343 1511 auctore
1389 1443 1730 1531 Sophocles
1774 1444 1930 1511 haec
1978 1447 2269 1532 scripsit:

940 1551 1198 1616 Tazaetv'
1247 1548 1342 1631 ἄρ’
1390 1549 1448 1615 εἴ
1491 1575 1552 1615 τι
1602 1548 1712 1627 νύξ
1756 1552 1896 1633 ἀφῇ

940 1659 1130 1723 ταῦτ’
1177 1658 1279 1723 ἐπ’
1327 1651 1493 1736 ἦμαρ
1540 1657 1815 1737 ἔρχεται.

307 1765 420 1847 „Si
468 1766 627 1852 quid
673 1785 800 1831 nox
845 1764 924 1831 de
970 1764 1160 1831 malis
1207 1762 1584 1830 miserandis
1631 1764 1981 1839 remiserit,
2027 1764 2181 1830 haec
2227 1765 2507 1832 interdiu
2530 1766 2598 1832 in

217 1887 320 1935 nos
365 1870 694 1938 irruunt.''

301 1973 434 2044 Cur
481 1980 668 2043 ταῦτ’
716 1982 785 2044 in
830 1981 999 2043 τοῦτ’
1049 1978 1315 2052 abierit,
1363 1978 1419 2043 si
1463 1976 1627 2042 mihi
1671 1976 1947 2064 contigit
1992 1979 2067 2041 ut
2112 1996 2363 2043 omnem
2414 1977 2598 2043 dubi-

218 2084 523 2151 tationem
570 2085 996 2170 praeciderem
1014 2132 1030 2161 ,
1081 2104 1267 2150 nemo
1315 2104 1438 2150 non
1486 2084 1685 2149 videt.

297 2189 593 2278 Denique
660 2214 722 2258 v.
774 2191 945 2257 1511
998 2211 1132 2277 sqq.
1198 2190 1483 2257 eiusdem
1534 2189 1787 2258 fabulae
1834 2187 2067 2256 liberos
2112 2191 2204 2256 sic
2251 2188 2598 2277 alloquitur

217 2292 522 2384 Oedipus:

576 2409 750 2482 σφῶν
796 2403 875 2487 δ’,
921 2400 964 2467 ὦ
1012 2403 1199 2480 τέκν’,
1248 2403 1299 2467 εἰ
1348 2401 1462 2479 μὲν
1508 2400 1761 2483 εἰχέτην
1807 2400 1916 2478 ἤδη
1964 2401 2229 2484 Φρένας,

576 2507 767 2574 πόλλ’
815 2507 891 2574 ἂν
938 2510 1277 2593 παρῄνουν·
1327 2511 1431 2571 νῦν
1477 2508 1540 2572 δὲ
1586 2509 1754 2573 τοῦτ’
1801 2506 2055 2589 εὔχεσθ’
2106 2508 2277 2593 ἐμοί,

570 2611 638 2680 οὗ
684 2615 886 2695 καιρὸς
934 2615 1010 2700 ἐᾷ
1058 2614 1200 2697 ζῆν,
1247 2617 1355 2679 τοῦ
1401 2612 1542 2692 βίον
1591 2613 1655 2678 δὲ
1701 2612 1916 2695 λῷονος

575 2722 740 2799 ὑμᾶς
788 2729 1041 2801 κυρῆσαι
1089 2727 1196 2787 τοῦ
1246 2720 1672 2800 <Duretie-aurae
1720 2720 1972 2800 πατρός.

293 2827 534 2916 Nugas
564 2834 766 2914 agunt
812 2831 1171 2913 quicunque
1219 2825 1468 2907 εὔχεο-θ’
1516 2824 1656 2902 ἐμοί
1700 2826 2103 2910 interpretari
2150 2826 2430 2891 student.

295 2933 530 3000 Omnia
575 2954 728 3000 sana
773 2939 988 3011 erunt,
1039 2935 1095 2999 si
1140 2933 1407 3022 legeris:

748 3043 850 3105 νῦν
897 3039 959 3105 δὲ
1006 3041 1172 3104 τοῦτ’
1220 3038 1382 3118 εὐχή
1431 3038 1616 3125 (ἕ)στ’
1663 3036 1801 3114 ἐμοί
1844 3050 2077 3102 nard..

1190 3295 1627 3304 -—-——.——.—·—

293 3469 632 3547 Erasmus,
720 3471 906 3535 cuius
976 3467 1329 3533 immortali
1398 3469 1747 3533 memoriae
1822 3468 2185 3553 auspicibus
2266 3470 2586 3555 quondam

210 3571 645 3643 decurionibus
706 3574 1352 3641 Roterodamensibus
1413 3570 1848 3660 Gymnasium
1894 3579 2185 3641 nostrum
2232 3596 2586 3665 cognomen

208 3685 389 3767 atque
450 3682 752 3748 honorem
815 3680 1032 3757 debet,
1098 3700 1224 3745 non
1284 3678 1493 3744 solum
1558 3677 2060 3747 Grammaticam
2126 3682 2376 3748 abunde
2431 3686 2585 3749 satis

209 3803 332 3855 esse
378 3788 704 3855 contendit
750 3787 830 3853 ad
877 3792 1247 3872 perpetuam
1297 3786 1469 3852 vitae
1507 3785 1955 3864 carnificinam,
1995 3809 2223 3854 verum
2262 3791 2460 3854 etiam
2483 3792 2582 3865 in-

208 3893 514 3962 sulsorum
573 3895 745 3959 illim
805 3893 1031 3959 aetatis
1096 3889 1684 3958 Grammaticorum
1749 3892 2030 3982 effigiem
2084 3895 2410 3981 expressit.
2503 3894 2579 3960 In

207 3993 590 4088 lepidissimo
636 4000 801 4066 libro
825 4049 841 4077 ‚
892 4020 1080 4085 quem
1121 3998 1506 4065 Encomium
1551 4000 1790 4065 moriae
1827 4002 2151 4087 inscripsit
2190 4007 2253 4066 et
2290 4000 2575 4068 Thomas

207 4124 308 4175 suo
367 4108 572 4175 Moro-
612 4106 965 4183 dedicavit,
1032 4104 1329 4171 Stultitia
1397 4106 1592 4171 verba
1656 4105 1886 4171 faciens
1955 4106 2035 4172 ad
2105 4103 2577 4173 Grammaticos

208 4231 442 4301 quoque
483 4213 776 4279 ridendos
815 4213 1210 4299 accingitur,
1259 4214 1369 4297 qui
1416 4211 1763 4297 sapientiae
1810 4214 2018 4296 specie
2063 4213 2231 4277 inter
2276 4213 2578 4280 mortales

211 4322 429 4400 primas
487 4323 776 4396 teneant,
840 4338 965 4403 quo
1009 4338 1240 4404 genere
1287 4318 1659 4395 hominum,
1710 4321 1785 4381 ut
1831 4315 1975 4382 luce
2019 4316 2253 4384 clarius
2296 4318 2412 4386 illa
2456 4319 2579 4386 lar-

209 4425 395 4509 gitrix
479 4424 633 4491 ἐάων
719 4425 1148 4508 demonstrat,
1222 4423 1389 4490 nihil
1458 4423 1929 4508 calamitosius,
2007 4422 2173 4488 nihil
2243 4423 2576 4504 afflictius,

2263 4546 2328 4596 23
