3192 5017
1401 295 1797 361 aasentias.
2705 279 2789 352 91

393 477 609 549 dram.
706 481 875 549 Nam
945 482 1113 569 quod
1184 481 1343 548 dicit
1410 485 1637 571 regina
1702 501 1797 548 vs.
1868 475 2043 545 1038
2105 476 2409 545 miseram
2474 479 2794 567 virginem

397 610 563 655 cum
623 587 888 675 reliquis
945 587 1198 655 ancillis
1256 589 1350 654 rei
1410 588 1666 655 divinae
1711 607 1967 673 operam
2019 605 2157 652 esse
2203 585 2499 651 daturam
2549 584 2799 660 κτησίου

386 682 688 774 ’βωμοῦ
761 697 998 781 πέλας,
1061 697 1214 782 quia
1268 696 1417 762 novi
1479 697 1582 761 τὸν
1644 696 1888 769 κτήσιον
1954 692 2121 776 Δία,
2186 712 2301 758 nec
2361 692 2632 757 memini
2699 711 2805 758 me

400 801 627 891 legere
672 802 896 868 eodem
941 804 1201 868 nomine
1245 822 1420 868 aram
1467 821 1721 889 quoque
1763 800 1891 866 dici
1913 848 1931 878 ,
1981 798 2250 865 malim:
2300 797 2548 875 κτησίου
2614 797 2803 873 Διὸς

402 912 619 984 πέλας
640 933 655 948 ·
727 909 908 976 vides
978 913 1197 976 autem
1255 908 1609 997 glossulam
1675 908 2005 993 irrepsisse
2064 907 2136 972 in
2199 911 2468 973 textum.
2562 903 2806 973 Deinde

401 1038 510 1082 vs,
579 1015 790 1082 1042:
855 1016 905 1081 εἶ
973 1014 1028 1081 δ’
1095 1011 1193 1081 οὖν
1251 1014 1502 1093 ἀνάγκη
1550 1015 1723 1090 riis-Y
1773 1009 2196 1095 ἐπιρρέποι
2245 1010 2492 1098 τύχης,
2538 1032 2665 1078 non
2708 1013 2809 1077 in·

403 1122 644 1211 telligo
703 1124 1066 1209 optativum
1128 1122 1395 1189 modum
1420 1172 1438 1207 ,
1487 1141 1601 1207 pro
1647 1140 1773 1207 quo
1817 1118 2046 1186 malim
2096 1118 2522 1202 ἐπιρρέπει
2569 1117 2803 1207 legere.

402 1229 705 1315 Denique
749 1251 845 1296 vs.
898 1227 1112 1293 1046:

964 1331 1194 1417 ἔχεις
1246 1339 1394 1414 παρ’
1443 1335 1611 1409 ἡμῶν
1659 1327 1876 1412 οἷάπερ
1923 1330 2276 1414 νομίζεται,

401 1449 587 1507 recte
647 1438 1012 1508 Dindorfius
1059 1462 1207 1507 cum
1252 1443 1496 1507 Aurato
1542 1443 1825 1525 reposuit
1869 1439 2164 1505 futurum
2211 1443 2469 1525 tempus
2483 1486 2503 1524 ,
2554 1458 2680 1525 qua
2729 1437 2807 1505 de

402 1569 486 1614 re
552 1547 796 1613 mirum
855 1553 951 1613 est
1010 1547 1209 1614 fuisse
1271 1549 1383 1633 qui
1448 1547 1854 1624 dubitarent,
1925 1546 2035 1612 sed
2095 1565 2222 1612 non
2266 1543 2422 1624 ἕξεις
2469 1563 2770 1632 reponam
2796 1590 2814 1621 ‚

402 1673 617 1741 quum
662 1678 692 1718 o
707 1656 786 1720 ἵσ
803 1678 918 1727 εις
964 1654 1129 1720 mihi
1176 1655 1658 1721 convenientius
1699 1652 2016 1719 videatur.

510 1866 748 1953 Agam.
805 1862 1013 1931 1230:

965 1972 1075 2038 οὐκ
1121 1967 1277 2038 οἶδεν
1321 1966 1421 2039 οἵα
1467 1977 1734 2052 γλῶσσα
1780 1980 2048 2052 μισητῆς
2097 1972 2270 2047 κυνός

966 2076 1213 2156 λέξασα
1260 2080 1653 2145 κάκτείνασα
1698 2080 2053 2161 Φαιδρόνους
2073 2128 2093 2166 ,
2141 2080 2311 2156 δίκην

972 2184 1128 2259 ἄτης
1176 2186 1498 2269 λαθραίου,
1552 2186 1840 2264 τεύξεται
1888 2197 2053 2264 κακῇ·
2099 2187 2343 2269 τύχῃ.

404 2292 456 2361 J
460 2314 571 2360 am
632 2291 992 2381 significavi
1049 2291 1296 2359 Mnem.
1360 2292 1485 2358 XII
1549 2292 1678 2359 166
1739 2294 2141 2360 scribendum
2189 2294 2355 2359 mihi
2397 2293 2598 2361 videri
2646 2301 2810 2377 κακῇ

408 2401 510 2467 τέ
532 2423 720 2481 xus,
783 2419 988 2485 neque
1040 2405 1260 2485 postea
1321 2400 1671 2486 quidquam
1733 2421 1868 2467 sese
1913 2400 2079 2465 mihi
2126 2398 2398 2480 obtulit,
2447 2420 2562 2466 cur
2607 2400 2688 2467 ab
2736 2419 2813 2467 ea
2855 2425 2862 2433 ·

410 2508 741 2573 sententia
784 2505 1160 2572 recederem.

516 2719 755 2806 Agam.
818 2715 1033 2787 1273:

977 2824 1442 2904 καλουμένη
1493 2825 1559 2893 3³
1604 2827 1835 2908 Φοιτιὶς
1884 2830 1964 2901 ὦς
2010 2827 2316 2910 ἀγύρτρια

979 2932 1232 3012 πτωχὸς
1279 2932 1556 2999 τάλαινα
1602 2933 1902 3012 λιμοθνὴς
1943 2934 2317 3017 ἠνεσχόμην.

420 3037 563 3104 Hic
628 3038 909 3106 Heathio
976 3039 1289 3125 placuisse
1356 3040 1544 3106 video
1561 3090 1580 3125 ,
1652 3041 1820 3125 quod
1887 3061 2008 3129 ego
2076 3062 2325 3128 quoque
2389 3043 2813 3109 conieceram:

419 3144 859 3221 καλωμένη
884 3195 903 3223 ,
953 3166 1157 3232 neque
1204 3148 1548 3232 perspicio,
1587 3168 1703 3213 cur
1742 3147 2123 3214 Karstenius
2163 3148 2509 3225 κακουμένη
2546 3147 2821 3215 scribere

420 3250 767 3330 maluerit,
816 3252 984 3339 quod
1029 3255 1310 3319 nimium
1354 3252 1623 3341 languet
1658 3255 1728 3320 in
1766 3256 2080 3321 concitata
2120 3252 2475 3322 Casandrae
2513 3254 2815 3322 oratione.

426 3354 530 3424 cf.
591 3356 745 3424 Eur.
808 3356 981 3426 Med.
1049 3359 1201 3425 515.
1276 3357 1518 3426 Eadem
1582 3359 1903 3427 medicina
1973 3381 2175 3446 nuper
2242 3360 2567 3428 Mehlerus
2635 3380 2821 3426 meus

426 3463 734 3552 Sophocli
780 3484 966 3551 opem
1017 3465 1172 3531 tulit
1218 3463 1463 3531 Mnem.
1517 3464 1720 3532 XVII.
1771 3464 1924 3532 392.

524 3676 812 3765 Ohoeph.
866 3679 943 3744 4.

890 3786 1139 3865 τύμβου
1185 3784 1239 3851 δ’
1289 3786 1389 3851 ἐπ’
1436 3783 1614 3870 ὄχθῳ
1660 3787 1859 3868 τῶδε
1905 3783 2176 3869 κηρύσσω
2225 3786 2420 3868 πατρί

891 3892 1131 3977 κλύειν,
1181 3893 1461 3959 ἀκοῦσαι.

433 4000 725 4068 Praestat
768 3999 1036 4084 τοῦδε,
1085 4004 1160 4066 ut
1203 4003 1371 4066 recte
1417 4020 1513 4066 ve.
1562 3997 1734 4068 200.
1786 3997 2070 4079 αγαλμα
2118 3998 2369 4079 τύμβου
2416 3998 2613 4066 τοῦδε.

526 4209 721 4278 Ghori
784 4213 1032 4277 cantica
1087 4212 1198 4278 vix
1245 4209 1563 4298 attingere
1609 4209 1841 4288 audem
1889 4215 1985 4277 tot
2033 4212 2206 4275 enim
2253 4209 2419 4275 mihi
2466 4209 2680 4277 deesse
2729 4208 2826 4277 vi·

433 4319 549 4385 deo
572 4369 589 4396 ‚
638 4324 712 4385 ut
756 4318 1033 4384 conferre
1081 4316 1325 4402 aliquid
1385 4318 1627 4403 possim
1689 4317 1769 4382 ad
1811 4318 2441 4402 corruptissimorum
2481 4316 2824 4382 verborum

433 4425 966 4493 emendationem.
1060 4423 1337 4509 Tamen,
1403 4425 1500 4488 uti
1562 4421 1667 4508 fit,
1727 4422 2047 4490 interdum
2119 4425 2533 4489 correctiones
2607 4429 2830 4508 sponte
