3192 5017
1193 316 1607 365 rnocormu.
2469 294 2588 365 161

229 479 428 559 ἦλθεν
478 486 599 554 Th.
664 487 779 577 ΠΙ,
846 489 950 568 49,
1016 487 1059 555 3
1105 491 1281 571 παρὰ
1327 493 1614 554 τοσοῦτον
1660 489 1775 566 μὲν
1824 491 1859 564 ἦ
1907 487 2234 562 Μυτιλήνη
2284 485 2427 563 ἦλθε
2475 511 2594 552 κιν-

228 590 396 656 δύνου.
445 590 543 661 Cf.
595 616 746 684 pag.
797 594 928 663 31¹7
975 594 1117 682 (ΙΠ,
1173 595 1284 682 10)
1332 595 1536 676 παρὰ
1584 597 1901 660 τοσοῦτο
1959 593 2075 673 μὲν
2137 597 2469 674 Δρυοῦντος
2525 593 2596 659 τὸ

227 698 478 779 Φρούριον
525 695 726 773 ἦλθε
770 701 1130 768 κινδύνου.

301 803 371 869 Ρ.
418 804 524 884 91,
582 807 672 873 13
719 817 783 876 et
828 812 1066 896 passim
1120 830 1293 876 more
1338 807 1701 875 Herodoteo
1745 814 1862 873 τῶν
1905 831 1997 881 τις
2048 806 2332 890 ἑταίρων,
2381 807 2528 872 sim.

299 910 372 976 P.
423 911 532 992 99,
590 914 677 982 18
726 915 968 993 πάλαι,
1017 912 1061 980 ὦ
1109 916 1427 996 ςρατηγέ,
1474 923 1602 986 τοῖς
1649 912 1994 996 άνθρώποιζ
2026 910 2095 979 εὖ
2131 936 2200 977 τε
2245 913 2348 978 καὶ
2390 918 2596 985 καλῶς

234 1018 468 1098 διώριςάι
536 1022 626 1087 τὰ
693 1030 809 1089 τῶν
858 1023 1251 1105 πραγμάτων
1303 1023 1608 1100 ὀνόματα.
1660 1024 1720 1087 ἐν
1767 1016 1851 1093 οἷς
1898 1015 1961 1085 ἓν
2005 1020 2146 1087 τόδε
2191 1018 2281 1089 ἐς)
2303 1067 2320 1097 ,
2371 1014 2600 1099 θράσος

229 1149 296 1190 κε
311 1129 417 1207 χώ
444 1151 574 1207 ρις·
597 1154 679 1195 αι
766 1130 1069 1209 ἀνδρείας.
1162 1129 1322 1211 Quis
1406 1149 1531 1195 non
1601 1130 1891 1216 agnoscit
1967 1133 2216 1213 patrem
2298 1126 2603 1192 historiae

228 1232 618 1301 scribentem.
689 1234 746 1321 Ι,
807 1239 848 1301 4
909 1246 1124 1302 Παλαι
1186 1236 1250 1300 δὲ
1308 1236 1394 1301 τὰ
1457 1236 1632 1301 καλοὶ
1694 1231 2064 1313 ἀνθρώποισι
2126 1231 2482 1314 ἐξεύρηται,
2532 1232 2599 1298 ἐκ

225 1344 324 1402 τῶν
367 1339 726 1419 μανθάνειν
769 1343 896 1409 δεῖ·
954 1344 1014 1408 ἐν
1061 1351 1216 1409 τοῖσι
1266 1340 1330 1409 ἓν
1375 1341 1514 1407 τόδε
1563 1343 1653 1410 ἔτι
1675 1389 1692 1419 ,
1734 1340 2014 1406 σκοπέειν
2050 1341 2191 1406 τινα
2229 1341 2315 1406 τά
2356 1340 2600 1424 ἑωυτοῦ,

222 1444 373 1511 unde
420 1447 641 1516 forsan
688 1451 999 1536 suspicari
1041 1451 1244 1535 possis
1288 1448 1671 1535 Procopium
1708 1447 2033 1534 scripsisse
2079 1447 2600 1528 κεχωρίσθαι.

221 1549 332 1617 Sed
392 1574 595 1639 quam
658 1558 874 1622 ieiuna
935 1561 1035 1623 est
1101 1556 1258 1622 haec
1324 1554 1559 1622 nobilis
1628 1555 1753 1620 loci
1820 1551 2138 1620 imitatio!
2189 1553 2396 1634 Quam
2467 1558 2604 1619 toto

221 1657 376 1725 coelo
422 1660 631 1730 distat
674 1663 1106 1751 Byzantinum
1155 1664 1492 1751 ingenium
1540 1682 1578 1727 a
1623 1658 1887 1727 Graeco.

297 1764 366 1829 P.
442 1766 601 1847 123,
673 1767 757 1835 19
818 1769 900 1854 (Ι,
963 1767 1076 1857 26)
1153 1769 1356 1850 μέτρῳ
1419 1768 1545 1847 γὰρ
1591 1767 1860 1848 τοσούτῳ
1906 1765 1977 1831 τὸ
2026 1766 2115 1844 μὴ
2164 1765 2604 1832 ἐπιθαλασσία

224 1865 361 1936 εἷναι
429 1873 771 1956 διείργεται
837 1878 1063 1954 Ῥωμη.
1158 1874 1280 1940 Ἧι.
1347 1873 1455 1952 VI,
1509 1873 1544 1938 1
1596 1874 1916 1960 (Σικελία)
1960 1873 2234 1948 τοσαύτη
2281 1869 2437 1938 οὖσα
2485 1872 2606 1958 [ἐν]

222 1974 391 2045 εἴκοσι
443 1982 675 2050 ςαδίων
720 1981 971 2061 μάλιςα
1010 1982 1213 2064 μέτρῳ
1251 1990 1361 2058 τῆς
1403 1978 1740 2056 θαλάσσης
1778 1980 2111 2060 διείργεται
2151 1980 2220 2045 τὸ
2261 1980 2350 2057 μη
2390 1978 2606 2055 ἤπει-

225 2107 332 2160 9⁰4·
375 2085 609 2154 οὖσα.
704 2089 803 2155 Ita
839 2088 1030 2174 libri,
1079 2089 1189 2155 sed
1234 2087 1615 2175 plerumque
1661 2088 1873 2154 editur
1915 2083 2102 2171 εἶναι,
2149 2107 2341 2173 quam
2389 2093 2609 2152 tamen

226 2210 337 2257 non
397 2198 755 2283 genuinam
811 2195 1151 2262 lectionem
1197 2195 1311 2261 sed
1355 2197 1786 2283 coniecturam
1832 2193 2141 2280 Procopio
2184 2193 2607 2279 antiquiorem

227 2316 346 2364 esse
384 2304 713 2389 suspicor3
738 2323 963 2368 verum
1006 2301 1297 2386 videtur,
1339 2300 1507 2386 quod
1544 2300 1833 2367 Badham
1869 2303 2169 2378 coniecit,
2198 2300 2603 2380 ἠπειροῦσθαι.

305 2402 551 2475 Ibidem
601 2430 693 2476 vs.
746 2407 831 2474 10
878 2414 943 2475 et
1004 2429 1189 2494 saepe
1249 2427 1425 2473 more
1490 2406 1891 2495 Thucydidis
1953 2406 2195 2473 bellum
2255 2403 2607 2473 Gothicum

228 2520 394 2578 vocat
440 2515 620 2582 τόνδε
667 2516 769 2580 τὸν
814 2515 1106 2594 πόλεμον.

305 2618 375 2684 Ρ.
446 2621 599 2701 171,
674 2624 756 2689 19
818 2622 1274 2706 βάρβαροι,
1343 2622 1611 2696 Οὐκοῦν,
1662 2621 1732 2698 ἦν
1778 2645 1837 2686 τι
1884 2619 1988 2685 καὶ
2037 2618 2171 2700 περὶ
2219 2619 2609 2697 Καμπανίας

231 2722 358 2801 ὑμῖν
421 2731 455 2806 ἢ
528 2728 917 2802 Νικοπόλεως
984 2730 1182 2804 αὐτῆς
1246 2725 1519 2805 εἴποιμεν
1540 2775 1558 2805 ,
1609 2728 1715 2792 οὔκ
1764 2725 1841 2792 ἂν
1890 2723 2206 2802 δέξαισθε,
2255 2722 2352 2792 Cf.
2403 2724 2607 2792 Thuc.

230 2827 300 2908 V,
348 2833 456 2902 94.
501 2834 678 2906 'sse-t
728 2835 792 2901 δὲ
842 2834 1113 2917 ἡσυχίαν
1158 2831 1435 2914 ἄγοντας
1486 2834 1656 2911 ἧμοῖς
1706 2834 1821 2912 μὲν
1867 2827 2021 2898 εἶναι
2067 2831 2207 2896 άντὶ
2259 2832 2608 2911 πολεμίων,

234 2934 601 3024 ξυμμάχους
648 2942 711 3009 δὲ
756 2941 1134 3023 μηδετέρων,
1183 2944 1326 3007 οὐκ
1371 2940 1464 3006 ἂν
1513 2937 1934 3017 δέξαισθε;
1984 2936 2110 3004 Sed
2157 2942 2367 3003 totum
2417 2937 2610 3005 collo·

236 3048 443 3129 quium
514 3048 813 3115 Belisarii
880 3070 1028 3115 cum
1101 3044 1336 3114 Gothis
1409 3046 1636 3112 infelix
1694 3051 1795 3111 est
1858 3045 2141 3111 imitatio
2184 3043 2612 3110 altercationis

242 3153 710 3223 Atheniensium
756 3173 907 3219 cum
952 3151 1193 3220 Meliis.

311 3259 380 3327 P.
431 3261 584 3341 195,
640 3261 673 3325 1
723 3259 833 3346 (ΙΙ,
887 3239 999 3347 12)
1047 3258 1392 3338 παράπλου
1442 3258 1504 3324 δὲ
1555 3264 1763 3331 καλῶς
1809 3256 2072 3323 Γάλλων
2120 3282 2190 3323 τε
2241 3255 2347 3321 καὶ
2398 3260 2612 3321 Ἱσπα-

242 3372 331 3430 νῶν
385 3379 620 3437 κεῖται.
687 3366 889 3433 Thuo.
956 3365 1007 3445 I,
1059 3363 1144 3431 36
1192 3367 1229 3450 ξ
1281 3363 1322 3430 3
1372 3374 1484 3440 τῆς
1530 3388 1602 3430 τε
1649 3365 1779 3447 γὰρ
1826 3363 2112 3437 Ἰταλίας
2162 3364 2265 3428 καὶ
2317 3365 2613 3438 Σικελίας

242 3483 424 3546 καλῶς
474 3473 809 3555 παράπλου
857 3479 1084 3538 κεῖται.

316 3580 385 3648 Ρ.
444 3580 600 3659 213,
670 3577 754 3645 16
824 3578 933 3662 (11,
1002 3576 1114 3663 16)
1177 3583 1289 3650 τῆς
1350 3585 1750 3653 κατασκευῆς
1814 3582 1921 3641 τοῦ
1972 3574 2266 3659 ἐδάφους.
2311 3574 2516 3642 Thuo.
2562 3571 2610 3652 I,

246 3682 338 3765 10,
380 3688 459 3755 2:
507 3696 618 3763 τῆς
669 3693 1063 3760 κατασκευῆς
1110 3686 1196 3751 τά
1244 3683 1476 3764 ἐδάφη.

323 3793 391 3859 Ρ.
441 3792 597 3872 227,
650 3793 689 3857 5
739 3812 830 3878 sq.
895 3798 960 3857 et
1022 3793 1276 3877 saepius
1340 3791 1528 3863 νόσοις
1592 3785 1794 3876 (νόσῳ)
1844 3788 2244 3866 άλίσκεσθαι,
2293 3794 2370 3854 ut
2413 3788 2615 3855 Thuc.

248 3893 368 3978 VII,
415 3900 502 3966 40
550 3900 719 3965 dixit
765 3896 933 3979 κόπῳ
982 3897 1351 3963 ἁλίσκεσθαι
1374 3948 1390 3975 ,
1437 3897 1553 3963 ubi
1601 3896 1679 3964 de
1727 3895 2018 3962 codicum
2066 3894 2337 3961 lectione
2383 3898 2619 3961 iniuria

246 4000 592 4072 dubitatum
642 4010 757 4071 est.

321 4112 391 4178 P.
440 4111 596 4190 243,
647 4109 732 4177 16
780 4109 998 4190 ἔνὲρσει
1048 4131 1083 4176 e
1128 4109 1329 4177 Thuc.
1380 4108 1431 4188 I,
1482 4108 1543 4175 6.

322 4218 395 4285 Ρ.
443 4217 602 4302 255,
651 4216 692 4284 9
741 4216 1002 4290 ἔκπυςος
1052 4215 1163 4292 ἤδη
1209 4218 1503 4296 γεγονώς.
1554 4214 1656 4282 Cf.
1704 4214 1909 4281 Thuc.
1955 4212 2068 4291 III,
2122 4212 2228 4279 30.
2275 4212 2467 4292 VIII,
2510 4214 2616 4281 42.

324 4329 387 4391 P.
437 4322 593 4403 26¹7,
643 4323 683 4390 9
732 4324 850 4409 (Π,
899 4322 1014 4409 29)
1062 4325 1172 4400 τὴν
1213 4321 1475 4402 α’γαθὺν
1517 4321 1742 4387 ἐλπίδα
1769 4319 2258 4403 προβάλλεσθαι.
2287 4319 2621 4388 Demosth.

251 4450 376 4520 pag.
426 4431 576 4510 258,
631 4429 741 4498 23.

2272 4547 2330 4595 ιι
