3192 5017
1359 324 1692 374 nummus.
2627 304 2709 369 37

422 497 682 585 Fragm.
730 493 838 559 85.
890 494 942 559 ol
990 494 1290 574 παρόντες
1337 493 1455 568 τὰς
1500 493 1794 575 κεφαλὰς
1836 472 2153 559 ’Λπέσειον
2194 493 2572 575 ἧσυχῇ.Νοιι
2622 500 2719 560 est

332 603 517 669 facile
579 607 770 688 caput
824 622 1014 666 suum
1078 600 1422 677 ἀποσείειν,
1473 601 1582 667 sed
1632 601 1928 685 capitibus
1973 623 2236 666 annuere
2283 602 2714 671 eos,dixerat:

336 711 449 782 τὰς
497 708 794 791 κεφαλὰς
844 706 1176 772 Ἐπέσειον.

423 921 681 1010 Fragm.
750 920 858 987 88.
925 922 1068 999 πρὸς
1134 920 1203 985 τὸ
1252 920 1643 998 βαρύτατον,
1696 918 1772 991 ὥς
1819 927 1978 999 Φησι
2027 920 2407 999 Μένανδρος,
2456 920 2564 993 τὴν
2613 915 2720 980 πέ-

333 1028 465 1094 νίαν
514 1029 701 1106 θηρίον
751 1026 785 1065 ¹¹¹
810 1026 844 1065 ¹¹¹
869 1025 903 1064 ¹¹¹
951 1026 1125 1106 Quae
1171 1030 1257 1091 sit
1297 1027 1657 1107 qravim‘ma
1706 1026 1918 1092 bellua
1953 1047 2143 1094 nemo
2185 1027 2374 1092 dicat.
2423 1024 2721 1108 Superest

331 1134 686 1203 versiculus
728 1134 1073 1200 Menandri
1120 1136 1189 1197 in
1236 1134 1499 1200 Monost.
1546 1133 1700 1197 450.

879 1242 1095 1311 πενίας
1143 1238 1477 1320 βαρύτερον
1528 1238 1694 1304 οὐδέν
1742 1241 1835 1307 ἑςι
1886 1241 2220 1306 ΦΟΡΤίον.

424 1455 679 1543 Fragm.
749 1453 856 1519 91.
919 1453 1210 1520 τοσούτου
1275 1455 1338 1520 δὲ
1401 1454 1694 1527 οἰδοῦντος
1761 1455 1863 1518 καὶ
1930 1453 2455 1537 ΤΠΕΡφυομένου
2504 1458 2718 1518 κακοῦ.

333 1561 472 1626 lmo
532 1581 682 1628 vero
747 1561 1290 1645 ’ΤΠΟφυομένου,
1357 1560 1525 1646 quod
1580 1563 1832 1646 proprie
1892 1561 2128 1627 dieitur
2176 1562 2252 1627 de
2301 1562 2559 1635 moi-be,
2609 1562 2721 1645 qui

331 1671 400 1732 in
449 1687 704 1753 corpore
754 1667 959 1734 latens
1005 1669 1156 1731 olam
1202 1668 1575 1749 inqravcscit.
1675 1666 1821 1732 Alia
1871 1667 2239 1753 metaphora
2283 1668 2455 1732 idem
2498 1668 2720 1731 ὑποτύ-

334 1776 565 1857 φεσθαι
614 1774 871 1839 dicitur.

428 1986 758 2071 Eunapius
816 1988 884 2049 in
933 1986 1230 2049 Historiis
1276 1987 1483 2050 utitur
1530 1987 1810 2050 oratione
1859 1986 2114 2070 perinde
2158 1987 2383 2071 putida
2429 1992 2493 2052 et
2538 1987 2721 2053 affec-

342 2101 478 2159 tata
542 2102 729 2177 atque
794 2094 862 2156 in
925 2092 1326 2176 sophistarum
1388 2092 1547 2156 vitis.
1644 2090 2015 2177 Amplificat
2078 2095 2327 2170 omnia,
2374 2100 2722 2181 exaggerat

339 2208 405 2264 et
470 2201 650 2284 quasi
697 2197 879 2263 inflat
926 2206 1176 2263 tumore
1223 2199 1586 2264 verborum.
1683 2199 1915 2279 Magna
1963 2200 2098 2263 laus
2144 2206 2242 2265 est
2288 2202 2720 2279 οὐρανομήκης.

340 2304 467 2385 Qui
525 2305 753 2367 imbibit
810 2305 1048 2388 aliquid
1106 2305 1334 2386 χανδὸν
1399 2304 1690 2383 οὶρύεται,
1752 2306 2154 2389 ἐμφορεῖται,
2204 2314 2722 2387 κατεμφορεῒται.

339 2410 461 2490 Qui
508 2433 572 2474 se
616 2411 817 2494 aliquo
864 2410 1102 2496 confert
1143 2410 1501 2475 συνωθεῒταί
1547 2434 1683 2495 ποι,
1726 2416 1786 2476 et
1829 2410 2107 2496 plurima
2145 2412 2338 2477 habet
2377 2413 2454 2477 de
2494 2433 2724 2499 genere

337 2518 455 2582 hoe
524 2515 787 2581 similia.
882 2515 1056 2595 Quae
1118 2514 1373 2582 Veteres
1437 2537 1622 2601 parce
1679 2537 1750 2581 ac
1811 2537 1952 2583 raro
2002 2524 2310 2603 usurpant
2358 2519 2526 2602 apud
2575 2541 2724 2585 eum

342 2623 419 2687 ad
480 2623 810 2687 fastidium
877 2642 1075 2706 usque
1124 2631 1517 2706 repetuntur.
1612 2622 1826 2688 Semel
1873 2629 1937 2688 vt
1983 2625 2216 2688 iterum
2266 2623 2509 2711 legitur
2556 2625 2723 2710 apud

340 2730 584 2793 Atticos
629 2726 851 2807 χρυσόν
898 2753 955 2791 τι
1005 2727 1352 2802 ἀποδεῖξαι.
1402 2729 1550 2794 vide
1595 2749 1751 2813 quos
1797 2728 2203 2793 laudavimus
2241 2731 2306 2793 in
2344 2729 2487 2796 Var.
2533 2732 2714 2795 Lecti.

338 2854 486 2920 pag.
535 2834 683 2898 235.
737 2834 924 2899 Nune
969 2833 1334 2919 Eunapium
1384 2834 1550 2899 audi.
1602 2834 1833 2921 fragm.
1886 2835 1948 2897 4.
1997 2832 2285 2908 ἀπέδειξε
2333 2836 2561 2915 χρυσὸν
2608 2840 2720 2911 τὴν

338 2942 840 3021 τραγῳδουμένην
903 2940 1248 3017 τυραννίδα.
1312 2941 1543 3027 fragm.
1612 2939 1717 3005 39.
1782 2941 1884 3004 τὸν
1950 2939 2258 3011 ποιητικὸν
2322 2943 2427 3006 καὶ
2477 2943 2716 3019 μυθώδη

330 3048 606 3128 ’Ἔχετον
652 3049 880 3125 χρυσὸν
928 3044 1283 3122 ἀποδείξων.
1337 3047 1571 3134 fragm.
1623 3045 1730 3111 42.
1779 3048 1839 3118 ἐς
1889 3046 2133 3112 τοσόνδε
2175 3084 2257 3096 -
2288 3049 2721 3124 καθημοέξευσε

339 3160 482 3224 ταῖς
545 3160 893 3232 συμφοραῖς
958 3151 1071 3220 ciis-e
1134 3152 1361 3232 χρυσὸν
1420 3153 1862 3231 ἀποδειχθῆναι
1929 3153 2071 3231 πρὸς
2120 3157 2207 3219 τοὶ
2256 3156 2500 3237 Θρᾴκια
2555 3156 2719 3230 παθη

340 3261 451 3335 τὴν
497 3265 723 3323 Μυσῶν
773 3257 1144 3337 παροιμιώδη
1195 3259 1391 3323 λείαν.
1433 3260 1662 3346 fragm.
1708 3258 1814 3323 49.
1856 3256 1971 3326 ὦσε
2008 3259 2233 3338 χρυσὸς
2279 3255 2344 3333 ἦν
2387 3261 2493 3325 καὶ
2531 3264 2720 3335 λευκή

341 3390 434 3436 τις
500 3365 694 3444 ἡμέρα
755 3373 1057 3444 κρατῆσαι
1121 3365 1260 3436 τοὺς
1321 3365 1704 3443 βαρβάρους.
1772 3371 1836 3430 et
1897 3366 2125 3453 fragm.
2179 3363 2286 3430 86.
2356 3368 2720 3449 Παμφυλία

340 3471 704 3549 πορθουμένη
751 3474 979 3551 χρυσὸν
1028 3471 1267 3545 ἐνόμισε
1315 3474 1433 3542 τὰς
1486 3470 1837 3550 Ἰσαυρικας
1885 3472 2234 3550 συμφοράς.

434 3578 608 3643 Alibi
672 3579 896 3644 formis
944 3579 1172 3645 Ionicis
1221 3580 1541 3662 abutitur,
1590 3585 1667 3643 ut
1712 3580 1948 3664 passim
2002 3582 2067 3643 in
2117 3583 2307 3644 καλόν
2354 3605 2414 3645 τι
2463 3591 2721 3667 χρῆμα,

342 3684 499 3750 πολύ
549 3710 607 3749 τι
654 3693 876 3764 χρῆμα
923 3691 985 3750 et
1032 3684 1354 3750 similibus
1397 3683 1834 3769 compluribus
1882 3695 1946 3751 et
1984 3687 2050 3751 in
2090 3687 2163 3751 fr.
2213 3687 2363 3753 104.
2405 3689 2473 3753 τὸ
2498 3698 2722 3768 χρῆμα

338 3800 447 3866 τῆς
513 3791 861 3867 διαβασεως
922 3792 1347 3871 ἐπισπέρχων,
1411 3798 1474 3856 et
1540 3812 1724 3875 saepe
1787 3792 1986 3856 θέσθαι
2037 3815 2147 3877 pro
2194 3796 2602 3868 ποιήσασθαι,
2648 3803 2722 3860 ut

338 3901 404 3961 in
467 3897 880 3978 ὁμοτράπεζον
942 3896 1137 3976 ἔθετο,
1202 3904 1267 3963 et
1330 3897 1779 3973 θαλαμηπόλος
1844 3899 1920 3963 fr.
1974 3898 2082 3964 72.
2146 3903 2256 3984 qui
2304 3922 2418 3966 suo
2466 3905 2721 3968 nomine

340 4004 738 4088 appellantur
807 4004 886 4067 fr.
953 4002 1061 4070 4¹7.
1126 4006 1175 4068 οἱ
1240 4003 1688 4080 κατακοιμιςαὶ
1757 4005 2035 4083 εὐνοῦχοι
2098 4013 2213 4069 τῶν
2259 4007 2610 4093 βασιλέων,
2661 4015 2726 4074 et

339 4111 586 4173 antistes
645 4111 809 4173 Deae
871 4108 1079 4194 Syriae
1139 4110 1214 4174 fr.
1276 4108 1363 4174 94
1424 4108 1787 4176 Herodoteo
1852 4110 2186 4176 vocabulo'
2222 4113 2557 4187 μελεδωνὸς
2608 4124 2717 4189 τῆς

343 4217 567 4297 Συρίας
618 4219 746 4281 θεοῦ
798 4218 1181 4291 nominatur.

429 4322 573 4389 Non
620 4328 873 4388 tantum
922 4324 989 4387 in
1035 4322 1278 4397 verbis,
1329 4322 1437 4387 sed
1484 4326 1682 4388 etiam
1723 4325 1790 4387 in
1830 4323 2017 4388 rebus
2059 4322 2422 4410 Eunapium
2465 4347 2718 4393 omnem

344 4428 605 4492 modum
670 4425 967 4493 excedere
1029 4426 1315 4492 ostendet
1377 4427 1810 4515 fragmentum
1867 4428 1973 4496 76.
2025 4450 2220 4515 quum
2275 4431 2467 4497 vellet
2518 4435 2723 4505 dicere
