3192 5017
1396 271 1625 320 oomc1.
2627 251 2710 319 81

325 448 473 511 adeo
531 453 751 532 parata
797 466 929 511 esse
976 441 1338 524 κελητίζειν.
1386 437 1483 506 Of.
1534 441 1728 528 Vesp.
1780 442 1907 507 501
1962 463 2055 527 sq.
2104 449 2168 508 et
2217 443 2406 508 Anth.
2460 442 2595 508 Pal.
2650 442 2701 507 V

327 552 483 637 202,
548 552 695 619 203.
797 551 1040 617 Notum
1106 557 1200 614 est
1248 547 1433 620 αὐτός
1485 569 1634 612 cum
1685 550 1982 614 omnibus
2029 548 2324 614 vocabuli
2375 550 2594 615 formis
2641 551 2704 614 in

325 659 508 725 libris
555 662 834 744 antiquis
880 655 1378 744 tachygraphice
1424 656 1667 721 exarari
1713 649 1812 720 αὖ.

415 869 593 935 Plut.
645 868 770 936 '701

687 975 829 1062 οὔκ,
877 978 1026 1042 ἀλλ’
1074 978 1257 1042 Ἰασὼ
1304 974 1449 1055 μέν
1495 984 1640 1042 TIC
1688 977 2208 1043 ἀκολουθοῦσ’
2259 975 2403 1056 ἅμα

692 1080 1106 1163 ὑπηρυθρίασε
1152 1086 1243 1165 χή
1292 1083 1588 1149 Πανάκει’
1637 1084 1976 1165 dores-paim„

685 1191 794 1263 τὴν
840 1188 948 1269 ῥῖν’
1001 1190 1370 1267 ἔπιλαβοῦσ’
1417 1192 1547 1255 κτὲ.

325 1295 544 1380 Inepte
606 1296 864 1360 additur
925 1295 1151 1363 vocula
1196 1296 1290 1369 τὶς
1339 1299 1586 1362 nomini
1631 1295 1800 1363 filiae
1845 1297 2209 1383 Aesculapii
2258 1299 2553 1364 omnibus
2598 1321 2710 1366 no·

325 1405 445 1465 tae.
539 1399 676 1466 Neo
731 1402 991 1468 fortasse
1038 1404 1104 1466 in
1153 1403 1496 1489 archetypo
1520 1452 1535 1480 ‚
1588 1403 1755 1468 unde
1799 1406 1998 1469 nostri
2043 1403 2286 1469 codices
2334 1412 2702 1484 manarunt,

322 1527 397 1571 ea
458 1506 686 1572 vocula
751 1508 1104 1595 legebatur.
1200 1507 1368 1573 Nam
1416 1508 1705 1574 Venetus
1752 1510 1945 1575 habet
1988 1510 2103 1588 μέν
2150 1533 2231 1588 γε
2278 1509 2703 1591 ἀκολουθοῦθ,

320 1612 659 1679 Ravennas
726 1611 842 1688 μέν
911 1614 989 1690 γέ
1056 1636 1150 1685 τις
1221 1617 1353 1692 abac„
1418 1614 1757 1694 deteriores
1818 1622 2069 1680 tantum
2136 1615 2250 1693 μέν
2311 1640 2426 1688 τις.
2520 1617 2702 1683 Unde

320 1717 693 1784 lacunosum
739 1719 954 1785 locum
1001 1718 1160 1785 olim
1211 1721 1405 1786 fuisse
1454 1720 1831 1786 crediderim
1852 1771 1871 1795 ‚
1920 1723 2011 1787 sic
2058 1720 2512 1808 supplendum:

683 1823 826 1904 ούκ,
874 1827 1025 1890 αλλ’
1078 1824 1262 1890 Ἰασὼ
1311 1826 1424 1903 μὲν
1473 1826 2120 1907 <παρ>οικολουθοῦσ’
2171 1823 2317 1906 ἅμα

317 1937 391 1997 ut
435 1930 680 2020 legitur
724 1931 895 1999 Eccl.
948 1931 1077 1999 '725

774 2039 924 2121 Φέρε
971 2065 1071 2106 νυν
1116 2040 1239 2119 ἐγώ
1288 2063 1378 2105 σοι
1423 2036 1872 2120 παρακολουθῶ
1922 2038 2196 2113 πλησίον.

776 2365 1024 2441 πλήρεις
1073 2360 1658 2440 ὑποιγνύσαισι
1705 2369 2248 2441 συμπαραςατεΐς.

315 2469 695 2555 Blaydesius
757 2471 825 2533 in
887 2469 1235 2534 novissima
1289 2466 1567 2533 editione
1613 2469 1930 2534 coniciens
1996 2467 2692 2546 ὑπανοιγνύσαισι

314 2595 439 2640 non
501 2576 865 2642 observavit
924 2574 1094 2638 hunc
1159 2572 1498 2660 prologum
1559 2579 1636 2637 ut
1695 2575 2008 2649 oratione,
2057 2575 2152 2637 ita
2197 2576 2478 2639 numeris
2523 2596 2695 2642 com·

312 2684 592 2766 positum
660 2701 792 2745 esse
854 2681 1152 2766 tragicis,
1202 2681 1312 2763 qui
1359 2698 1483 2742 non
1529 2678 1651 2741 nisi
1702 2680 1769 2742 in
1818 2679 2026 2763 primo
2073 2677 2304 2742 senarii
2349 2679 2507 2763 pede
2549 2701 2695 2747 ana-

311 2793 604 2873 paestum
669 2787 1035 2851 admittant.
1127 2783 1394 2870 Insuper
1455 2782 1814 2861 ὑποιγνύναι
1876 2784 2086 2869 magis
2146 2785 2462 2869 tragicum
2512 2791 2696 2851 sonat

310 2896 526 2978 itaque
571 2891 1088 2979 paratragoediae
1132 2893 1341 2978 magis
1386 2891 1698 2956 convenit.

399 3103 571 3170 Eccl.
623 3101 707 3169 16

626 3209 731 3275 καὶ
782 3211 992 3273 ταῦτα
1040 3206 1380 3287 συνδρῶν
1427 3209 1509 3271 οὐ
1559 3215 1851 3280 λαλεῖς
1902 3214 2026 3277 τοῖς
2076 3206 2354 3281 πλησίον.

309 3317 670 3383 Meinekius
733 3316 986 3396 συνδρῶν
1047 3314 1394 3378 sententiae
1456 3312 1703 3378 officere
1764 3312 2133 3399 intelligens
2189 3310 2442 3380 refinxit
2486 3339 2694 3382 συνο-

307 3431 466 3505 ρῶν.
562 3422 920 3488 Subdubito
1005 3425 1217 3484 tamen
1301 3440 1457 3483 num
1549 3422 1799 3499 συνορῶν
1873 3418 1977 3483 hic
2049 3423 2214 3485 recte
2281 3419 2511 3486 habeat
2580 3443 2693 3508 pro

307 3530 501 3597 verbo
562 3528 842 3614 simplici
902 3533 966 3593 et
1030 3531 1248 3592 contra
1309 3546 1422 3611 pro
1468 3534 1688 3597 λαλεῖς
1738 3530 2214 3610 expectaveram
2264 3531 2691 3613 compositum

307 3637 621 3709 ἑκλαλεῖς.
674 3633 957 3700 Conieci:

672 3741 775 3806 καὶ
827 3742 1001 3806 ταῦθ’
1052 3741 1183 3821 ὁρῶ
1203 3764 1232 3803 ν
1277 3762 1304 3804 ο
1324 3740 1356 3803 ύ
1376 3762 1412 3802 κ
1461 3740 1543 3803 ἐκ
1561 3752 1602 3803 λ
1622 3761 1664 3801 α
1684 3752 1724 3801 λ
1742 3761 1771 3801 ε
1790 3745 1859 3810 ῖς
1915 3745 2040 3810 τοῖς
2091 3739 2366 3812 πλησίον.

396 3952 567 4021 Eccl.
620 3951 706 4017 34

1101 4057 1460 4140 θρυγονῶσα
1509 4056 1620 4129 τὴν
1669 4052 1885 4136 θύραν.

305 4167 674 4254 Hesychius
736 4162 1206 4243 θυργοινὶὶν·
1275 4165 1592 4242 κρίνειν.
1657 4161 1710 4226 Ε
1758 4160 2025 4248 Bergkii
2073 4163 2433 4228 coniectura
2478 4186 2695 4252 perpe-

305 4296 443 4340 ram
505 4273 853 4357 repositum
904 4275 999 4334 est
1047 4270 1379 4350 κρούειν.
1474 4269 1683 4333 Nemo
1728 4269 1898 4332 enim
1950 4266 2273 4332 dubitabit
2319 4271 2472 4354 quin
2518 4272 2686 4338 idem

308 4381 397 4446 sit
455 4377 622 4464 quod
694 4373 1022 4457 θρυγανοῖν
1085 4375 1153 4440 in
1212 4373 1426 4462 glossa
1489 4372 1804 4457 θρυγανᾷ.
1875 4378 2099 4438 κνᾶται
2155 4373 2385 4454 (Mein.
2435 4386 2553 4462 κνᾷ
2605 4379 2709 4443 καὶ

2374 4497 2405 4544 o
