3192 5017
1263 325 1624 376 nummum.
2503 302 2635 372 267

705 499 738 573 ἢ
786 504 1083 577 γλῶσσαν
1131 498 1200 574 ἣν
1247 501 1354 564 οὐκ
1403 497 1599 572 ἄλλος
1648 499 1681 575 ἢ
1731 496 1947 577 ψυχὴν
1996 494 2205 576 ἔχειν,

701 600 860 671 οὖτοι
907 602 1408 686 διαπτυχθέντες
1458 602 1767 686 ὤφθησαν
1813 604 1991 668 κενοί.

254 709 357 776 Ad
402 731 594 795 quem
641 710 856 777 locum
902 708 1422 778 Schneidewinus
1469 711 1807 795 adscripsit
1855 708 2124 775 σκολιόνε

887 815 1011 883 εἷθ’
1061 815 1200 893 ἐξῆν
1246 817 1446 888 ὁποῖός
1493 841 1587 888 τις
1637 813 1706 891 ἦν
1753 815 1972 888 ἔκαε-ος

881 925 951 989 τὸ
998 921 1189 999 τῆθος
1238 922 1516 1007 διελόντ’,
1564 921 1785 988 ἔπειτα
1832 924 1936 987 τὸν
1982 924 2116 986 νοῦν

893 1030 1194 1096 εἷσιδόντα
1213 1078 1232 1108 ,
1281 1031 1621 1094 κλείσαντα
1671 1029 1867 1095 πάλιν

889 1133 1083 1215 ἄνδρα
1127 1136 1312 1216 φίλον
1360 1135 1622 1217 νομίζειν
1665 1135 1866 1212 ἀδόλῳ
1911 1135 2104 1218 φρενί.

257 1240 382 1321 Qui
453 1240 623 1326 apud
693 1240 1065 1328 Euripidem
1138 1262 1388 1308 servare
1455 1242 1675 1308 volent
1745 1240 2190 1323 ἐξαλειφθεῖσα
2211 1291 2227 1322 ,
2303 1246 2650 1312 necessario

254 1350 638 1412 sententiam
705 1367 887 1413 suam
951 1351 1043 1413 sic
1107 1348 1460 1414 tuebuntur
1479 1397 1495 1425 ,
1557 1353 1634 1413 ut
1691 1348 2075 1416 contendant
2123 1353 2321 1417 etiam
2372 1350 2652 1437 picturas

256 1454 629 1532 ἅγάλματα
699 1461 868 1520 recte
940 1454 1104 1531 dici,
1178 1454 1288 1520 sed
1357 1455 1739 1520 iamdudum
1803 1461 1902 1521 est
1960 1474 2042 1521 ex
2104 1477 2231 1541 quo
2294 1457 2655 1523 observavit

256 1558 684 1625 Ruhnkenins
730 1561 807 1626 ad
856 1559 1196 1626 'I'imaeum
1247 1581 1306 1646 p.
1362 1559 1424 1639 6,
1474 1581 1660 1647 saepe
1707 1563 2083 1640 ἀγάλματα
2132 1584 2170 1628 a
2214 1565 2481 1648 picturis
2532 1564 2657 1628 dis·

255 1668 492 1754 tingui.
586 1664 832 1732 Deinde
895 1668 1218 1733 contendit
1281 1667 1402 1732 hoo
1449 1673 1666 1733 tamen
1715 1666 2056 1733 discrimen
2106 1689 2230 1734 non
2275 1674 2651 1754 perpetuum

257 1792 389 1838 esse
457 1781 522 1838 et
583 1773 740 1838 duos
796 1772 969 1839 locos
1033 1774 1244 1850 affert,
1311 1780 1386 1838 ut
1448 1775 1778 1838 assertioni
1844 1772 2033 1840 fidem
2083 1776 2299 1852 faciat;
2354 1773 2515 1839 alter
2561 1780 2658 1840 est

255 1876 368 1943 ille
444 1881 578 1964 ipse
643 1878 967 1964 Euripidis
1021 1878 1399 1957 versiculus,
1449 1899 1638 1964 quem
1686 1879 1877 1945 modo
1923 1879 2445 1956 emendavimus,
2494 1879 2657 1947 alter

257 1984 734 2051 Anaxandridis
781 1990 878 2050 est
923 1985 1089 2070 apud
1137 1983 1373 2051 Athen.
1429 1983 1576 2049 XIV
1625 1982 1758 2049 655
1803 2006 1871 2051 a:

720 2093 785 2156 οὐ
837 2090 1230 2166 μανικόίὲἐ
1281 2092 1342 2156 ἐν
1390 2092 1553 2174 οἰκίᾳ
1606 2089 1853 2173 τρέφειν
1898 2091 2099 2176 ταῶς,

720 2195 852 2273 ἐξὸν
898 2199 1204 2263 τοσουτουὶ
1253 2196 1345 2264 δύ’
1391 2196 1741 2275 ἀγάλματ’
1791 2198 2140 2284 ὥγορασαις

259 2306 367 2367 ubi
443 2303 739 2387 equidem
799 2324 922 2369 non
988 2304 1175 2370 video
1234 2324 1346 2369 cur
1394 2304 1682 2371 tabulam
1735 2306 1976 2389 pictam
2022 2307 2237 2389 potius
2282 2324 2475 2390 quam
2524 2307 2651 2391 sig·

259 2431 412 2475 num
490 2408 852 2498 intelligam
917 2417 983 2476 et
1042 2411 1264 2475 scribit
1309 2409 1675 2476 Meinekius
1720 2413 1918 2478 etiam
1965 2408 2327 2476 Dobraeum
2381 2410 2647 2477 Advers.

261 2513 334 2580 11.
387 2538 458 2603 p.
512 2515 644 2581 350
690 2521 931 2582 statuas
980 2515 1387 2582 intellexisse.
1484 2517 1784 2582 Ueterum
1834 2516 2305 2582 Anaxandridis
2352 2516 2653 2583 versiculi

261 2642 493 2707 parum
565 2630 714 2687 sunt
783 2624 1105 2687 numerosi
1170 2628 1235 2687 et
1296 2624 1351 2687 si
1410 2643 1561 2688 vera
1626 2630 1726 2687 est
1771 2623 2046 2688 Dobraei
2094 2624 2370 2707 suspicio
2390 2669 2406 2700 ,
2462 2642 2655 2707 quam

261 2728 403 2795 vide
473 2727 642 2813 apud
708 2727 1140 2804 Meinekium‚
1188 2730 1382 2792 etiam
1435 2730 1651 2793 minus
1697 2730 2021 2793 numerosi
2069 2729 2346 2793 fuerunt.
2442 2728 2664 2812 Neque

261 2846 489 2920 poetae
552 2843 766 2899 tamen
787 2881 803 2912 ‚
864 2854 1067 2918 neque
1112 2833 1358 2899 librarii
1407 2834 1755 2919 quidquam
1801 2839 2143 2919 peccarunt
2165 2883 2180 2911 ‚
2232 2834 2341 2899 sed
2389 2833 2663 2900 editores

262 2961 383 3007 non
441 2940 741 3007 viderunt
788 2940 977 3025 pedes
1021 2943 1116 3005 ita
1163 2939 1601 3025 dispescendos
1648 2960 1816 3005 esse:

1199 3048 1265 3112 οὐ
1313 3045 1570 3123 μανικόν
1618 3046 1710 3115 ἐτ’
1760 3046 1820 3110 ἐν
1866 3046 2027 3129 οἰκίᾳ

907 3152 1153 3232 τρέφειν
1199 3149 1400 3237 ταῶς,
1447 3154 1579 3232 ἐξὸν
1627 3154 1935 3218 τοσουτουὶ
1987 3151 2088 3218 δύο

911 3260 1251 3336 ἀγάλματ’
1302 3257 1652 3342 dyada-aq

365 3473 472 3540 Vs,
527 3471 693 3537 513:

684 3577 869 3656 λόγος
921 3578 1046 3659 γάρ
1095 3580 1218 3648 ἐςιν
1266 3581 1373 3644 οὐκ
1421 3579 1610 3658 ἐμός,
1660 3586 1865 3660 σοφῶν
1912 3581 1966 3646 δ’
2015 3578 2247 3659 ἔπος,

275 3686 774 3770 uniuscuiusque
819 3689 915 3750 est
959 3686 1304 3751 coniicere:
1354 3689 1559 3767 σοφῶν
1608 3686 1686 3752 δέ
1734 3710 1811 3752 το
1826 3711 1881 3753 υ.
1945 3686 2309 3772 Itidemque
2355 3707 2448 3752 vs.
2503 3683 2673 3754 ¹701:

641 3785 710 3859 ἣν
758 3787 1061 3866 μανθάνω
1108 3791 1222 3867 μὲν
1270 3792 1535 3870 καύτός,
1579 3794 1646 3858 οὖ
1693 3799 1915 3876 σαφῶς
1964 3794 2017 3857 δ’
2065 3794 2227 3874 ἔχω
2254 3844 2268 3869 ,

278 3897 587 3962 scribam:
638 3897 703 3960 οὖ
754 3902 974 3976 σαφῶς
1024 3897 1102 3962 δέ
1151 3921 1279 3962 πω.

372 4107 478 4173 Vs.
527 4106 660 4172 810
708 4110 986 4173 conieci:
1028 4105 1198 4179 οὗτος
1245 4110 1825 4190 σιδηρότρωτον
1875 4113 1981 4176 οὐκ
2015 4109 2151 4192 ἔχει
2194 4110 2390 4188 δέμας
2427 4110 2676 4180 Mnem.

283 4211 451 4277 XVI.
502 4213 636 4279 204
683 4222 747 4280 et
793 4234 886 4280 vs.
933 4212 1104 4279 847:
1152 4212 1276 4288 ὅςις
1329 4216 1512 4283 Θέτιν
1573 4218 1689 4297 μὲν
1750 4220 1842 4291 ὠς
1910 4215 2173 4298 ἔπρησ’
2231 4217 2677 4299 Ἀχιλλέα,

285 4316 529 4386 Mnem.
580 4319 730 4385 XV.
783 4318 934 4385 332.
