3192 5017
1297 312 1548 361 m'sms.
2478 293 2607 358 329

241 485 519 568 repulsam
548 485 754 570 ferre.
851 486 1000 549 Rem
1048 487 1202 550 male
1241 508 1446 566 ,qm-ere
1483 484 1775 564 δυςυχεῖν
1816 482 2193 570 appellatur.
2241 482 2608 550 Restituen·

244 590 383 655 dum
434 597 528 656 est
574 592 778 678 igitur
825 590 1235 673 ἑδυςύχησαν.

323 806 399 872 II.
453 804 573 870 58:
624 798 1015 882 ἀπολομένων
1058 806 1186 883 γὰρ
1224 812 1340 868 τῶν
1382 806 1522 868 νεῶν
1558 805 1620 868 ἐν
1644 804 2085 885 Ἑλλησπόντῳ
2109 807 2234 870 εἴτε
2259 805 2609 884 ἧγεμόνΟΟ

241 915 420 996 κακία
469 912 593 978 εἴτε
642 913 782 977 θεῶν
829 913 1095 996 δυσνοίᾳ.

324 1019 604 1085 Emenda
664 1017 788 1083 εἴτε
856 1017 1227 1097 ἦγεμόνΩΝ
1279 1018 1510 1100 κακίᾳ,
1563 1023 1638 1082 ut
1683 1022 1824 1103 post
1871 1038 2073 1105 pauca
2118 1024 2287 1085 recte
2333 1019 2608 1107 legitur:

239 1124 439 1205 ἐτέρων
501 1126 629 1212 γὰρ
689 1125 999 1203 ἡγεμόνων
1063 1123 1400 1201 γενομένων
1467 1128 1532 1189 et
1591 1124 1630 1208 ξ
1679 1122 1800 1187 60:
1851 1124 2116 1203 εὐτυχὴς
2170 1162 2258 1174 -
2303 1124 2610 1203 βασιλεὺς

239 1231 441 1311 ἑτέρων
489 1230 805 1310 ἡγεμόνων
853 1230 1228 1308 λαβόμενος.

317 1442 423 1508 IV.
477 1442 600 1507 16·
664 1444 802 1514 τοὺς
867 1443 978 1520 μὲν
1026 1443 1240 1507 τούτου
1288 1441 1530 1514 οἰκέτας
1584 1481 1666 1490 -
1718 1444 1770 1507 εἶ
1822 1442 2272 1524 ἐβασανίζομεν
2324 1443 2614 1509 ’ANOH-

235 1556 412 1614 TssC
458 1547 538 1612 ἄν
585 1571 644 1611 τι
691 1549 883 1628 τούτῳ
931 1548 1319 1630 χαριζόμενοι
1374 1587 1455 1597 -
1507 1551 1658 1624 ἐμοῦ
1708 1551 2201 1629 κατεψεύσαντο.

320 1654 524 1720 Verba
570 1659 721 1719 sunt
773 1675 959 1720 sensu
1005 1675 1194 1720 cassa.
1262 1653 1575 1720 Mendum
1624 1654 1784 1720 latet
1829 1657 1895 1719 in
1945 1657 2232 1729 ἀνοήτως.
2282 1655 2610 1723 Sententia

234 1759 414 1845 plana
473 1775 541 1825 et.
602 1762 691 1825 sic
752 1763 820 1825 in
880 1763 1207 1848 integrum
1270 1760 1697 1825 restituenda:
1751 1768 2138 1826 ΕΙΚΟΤΩΟ
2186 1759 2264 1826 ἄν
2308 1787 2368 1827 τι
2416 1765 2610 1845 τούτῳ

233 1865 616 1948 χαριζόμενοι
663 1903 751 1915 -
797 1866 948 1943 ἐμοῦ
997 1865 1490 1946 κατεψεύσαντο.

322 2080 424 2146 VI.
489 2083 566 2146 5:
632 2081 738 2146 καὶ
802 2083 942 2147 τίνα
1005 2083 1254 2160 γνώμην
1316 2081 1507 2146 οἴεσθε
1580 2079 1736 2157 ἕξειν
1793 2082 1933 2154 τοὺς
1992 2084 2201 2159 μύσας
2268 2083 2409 2156 τοὺς
2466 2083 2616 2163 ἄφι-

238 2186 604 2264 κνιιυριαξνους·Δ
647 2227 728 2236 -
780 2190 814 2264 ἢ
888 2188 1030 2259 τοὺς
1100 2186 1328 2260 ἄλλους
1396 2186 1752 2263 Ἕλληνας,
1827 2185 1881 2255 οἳ
1951 2185 2128 2254 ἕνεκα
2200 2189 2435 2264 ταύτης
2506 2196 2616 2262 τῆς

239 2295 431 2372 ἑορτῆς
501 2295 541 2335 *
589 2294 629 2334 '⁸'
673 2295 713 2335 ²*
777 2295 809 2370 ἢ
888 2294 1046 2359 θύειν
1119 2296 1203 2367 εἷς
1280 2294 1516 2369 ταύτην
1580 2296 1689 2369 την
1754 2299 2093 2376 πανήγυριν
2153 2295 2513 2375 βουλόμενοι
2581 2295 2614 2369 ἢ

239 2402 484 2480 θεωρεῖν.

323 2505 539 2574 Codex
577 2506 831 2593 Lysiae,
872 2527 1060 2592 quem
1103 2507 1413 2573 habemus
1452 2510 1736 2584 unicum,
1780 2508 2132 2595 descriptus
2171 2515 2268 2574 est
2304 2528 2343 2574 a
2382 2508 2620 2573 dormi-

238 2617 403 2679 tante
449 2612 713 2679 librario
759 2634 835 2679 ex
882 2611 1047 2677 libro
1086 2612 1298 2678 -lacero
1348 2618 1412 2678 et
1459 2634 1712 2697 petroso
1760 2621 1823 2679 et
1870 2614 2217 2693 maculato,
2266 2615 2433 2679 unde
2482 2634 2617 2698 pas-

237 2720 356 2782 sim
418 2718 687 2784 lacunae
747 2726 860 2783 aut
916 2717 1252 2784 lacunulae
1311 2717 1577 2784 lectores
1641 2718 2042 2804 impediunt,
2103 2740 2264 2804 quac
2310 2739 2619 2784 nonnum-

238 2845 425 2909 quam
472 2827 546 2890 ἐκ
590 2830 706 2889 τῶν
748 2823 1275 2905 συμφραζομένων
1310 2825 1549 2910 expleri
1590 2829 1856 2910 possunt
1892 2832 1966 2888 ut
2002 2824 2121 2890 hoc
2161 2824 2318 2891 loco.
2362 2825 2621 2891 Excidit

238 2950 435 2996 unum
497 2931 801 2997 verbum.
869 2951 992 3015 quo
1054 2950 1400 3015 pronomen
1463 2927 1523 2994 οἵ
1572 2930 1994 2996 referebatur:
2046 2933 2261 3016 itaque
2309 2931 2617 2997 damnum

237 3038 323 3100 sic
370 3044 467 3102 est
513 3035 914 3102 sarciendum
965 3045 1038 3101 ut
1081 3037 1371 3124 legatur:
1422 3028 1473 3100 οἳ
1523 3032 1702 3101 ἕνεκα
1749 3036 1984 3110 ταύτης
2026 3046 2137 3111 τῆς
2180 3039 2381 3117 ἑορτῆς
2425 3036 2619 3102 ἘΠΙ-

238 3150 688 3208 AHMOTCIN
738 3142 771 3218 ἢ
823 3141 979 3207 θύειν
1009 3181 1090 3192 -
1117 3142 1479 3221 βουλόμενοι
1521 3142 1554 3217 ἢ
1601 3145 1851 3223 θεωρεῖν.
1901 3140 2000 3209 Cf.
2035 3143 2265 3230 Lysias
2305 3143 2459 3209 XII.
2500 3141 2616 3208 35:

235 3243 347 3314 ὅσοι
414 3250 478 3315 δὲ
542 3246 695 3324 ξένοι
760 3248 1173 3326 ἐπιδημοῦσιν.
1238 3256 1302 3314 et
1362 3249 1834 3335 Theophrastus
1897 3252 1963 3313 in
2023 3247 2335 3315 Charetem
2374 3249 2486 3315 III.
2536 3251 2615 3315 2:

236 3356 436 3435 λέγειν
485 3393 566 3404 ---
610 3356 686 3428 ὡς
734 3353 891 3432 ἄξιοι
940 3355 1277 3434 γεγόνασιν
1321 3357 1374 3429 οἱ
1423 3356 1590 3434 πυροὶ
1642 3356 1701 3420 ἐν
1748 3366 1826 3438 τῇ
1875 3360 2078 3440 ἀγορᾷ
2124 3358 2230 3422 κα)
2280 3359 2357 3427 ὦς
2397 3357 2617 3421 πολλοὶ

238 3463 593 3540 ἐπιδημοῦσι
663 3460 839 3539 ξένοι.
940 3462 1097 3543 Quis
1157 3482 1282 3527 non
1346 3462 1708 3529 recordatur
1769 3462 1847 3528 ad
1911 3462 2066 3528 haec
2123 3462 2248 3528 loci
2304 3463 2369 3527 in
2435 3464 2620 3529 Actis

236 3568 685 3654 Apostolorum
747 3567 953 3634 XVII.
1004 3568 1123 3634 21:
1175 3569 1477 3643 Ἀθηναῖοι
1527 3569 1587 3633 δὲ
1638 3567 1872 3641 πάντες
1924 3569 2028 3632 καὶ
2079 3570 2130 3634 οἱ
2180 3569 2618 3647 ἐπιδημοῦντες

237 3674 382 3750 ξένοι
430 3679 515 3749 εἰς
565 3676 729 3740 οὐδὲν
779 3672 975 3756 ἕτερον
1022 3675 1330 3753 εὐκαίρουν
1380 3675 1414 3751 ἢ
1466 3676 1673 3752 λέγειν
1721 3699 1778 3741 τι
1827 3674 1933 3739 καὶ
1975 3676 2214 3742 ἀκούειν
2259 3675 2615 3757 καινότερον.

322 3886 428 3951 VI.
482 3886 603 3952 15:
669 3887 778 3951 ἐὰν
825 3885 1011 3970 κατίῃ
1058 3885 1386 3967 ἐνδειχθεὶς
1438 3885 1680 3967 θανάτῳ
1730 3883 2212 3966 ζημιωθήσεται·
2260 3888 2367 3952 ἐὰν
2415 3885 2478 3951 δέ
2523 3910 2617 3959 τις

238 4014 318 4055 τα
384 3995 550 4060 αύτα
618 3998 824 4058 ταῦτα
885 3993 1145 4072 αδικηση
1199 4017 1284 4056 τα
1349 3991 1722 4070 ἀγάλματα
1782 3999 1900 4057 τῶν
1959 3995 2100 4058 θεῶν
2157 3992 2306 4058 ούΔ’
2358 3994 2617 4058 αὖτΩΝ

239 4102 543 4165 κωλύσετε
591 4107 708 4165 τῶν
755 4101 917 4181 ἱερῶν
965 4098 1359 4175 ε’πιβαίνειν’
1358 4097 1432 4163 H
1482 4099 1750 4165 εισιόντα
1799 4100 2244 4178 τιμωρησεσθες

326 4204 557 4292 Scopas
627 4205 895 4276 solutas.
960 4213 1033 4270 ut
1097 4207 1300 4270 aiunt.
1349 4203 1516 4270 Sana
1563 4212 1750 4271 erunt
1795 4208 2010 4271 omnia
2056 4208 2110 4271 si
2158 4207 2249 4270 sic
2295 4208 2622 4293 scripseris

243 4310 384 4375 ούΤ’
435 4313 681 4377 αὖτΟΝ
734 4311 1046 4377 κωλύσετε
1093 4347 1180 4359 -
1229 4310 1572 4389 ἐπιβαίνειν
1622 4310 1822 4377 ΟΤΤ
1874 4311 2141 4377 εισιόντα
2188 4316 2621 4391 τιμωρησεσθε.

331 4417 661 4485 Praeterea
721 4421 965 4506 corrige
1030 4417 1401 4497 ζημιώσεται
1467 4439 1579 4503 pro
1637 4417 2108 4500 ζημιωθήσεται.
2204 4418 2623 4487 Athenienses
