3192 5017
402 238 445 305 8
1473 259 1733 311 onem.

497 428 749 497 OEtima
794 432 1010 516 spuria
1051 450 1185 497 esse
1232 434 1650 500 existimavit.

498 646 549 711 I.
600 645 671 714 7:
746 647 967 733 Syllam
1025 649 1256 712 nudata
1316 649 1581 712 omuibus
1639 649 1809 713 rebus
1876 650 2197 714 tribunicia
2247 661 2546 734 potestate
2589 657 2782 716 tamen

408 754 874 818 intercessionem
935 755 1180 818 liberam
1226 755 1536 839 reliquisse
1546 782 1575 831 ;
1622 754 1958 838 Pompeium
1974 805 1991 839 ‚
2038 761 2142 842 qui
2184 756 2414 822 amisSA
2455 758 2784 822 restituisse

407 861 678 925 videatur
695 907 713 938 ,
766 861 1072 926 ademisse.

497 965 815 1032 Restituit
861 966 1153 1032 amissAM.

498 1183 549 1249 Ι.
600 1182 676 1249 9:
747 1184 867 1249 sibi
925 1206 1146 1269 semper
1195 1189 1453 1267 primam
1512 1184 1872 1267 reipublicae
1906 1185 2113 1271 fuisse
2155 1186 2502 1268 diqnitatem
2546 1191 2784 1272 vitaque

448 1291 706 1356 otiorem.
1074 1300 1081 1307 “

394 1313 447 1374 p
493 1395 912 1461 Emendavit:
968 1397 1084 1459 sibi
1144 1418 1364 1480 semper
1421 1413 1537 1459 reu
1581 1397 1882 1479 publicam
1921 1398 2136 1483 fuisse
2182 1398 2498 1480 diynita'rn
2543 1403 2784 1485 vitaque

400 1502 702 1586 potiorem.

493 1717 543 1783 Ι.
600 1715 719 1782 12:
774 1717 1048 1782 Thermus
1093 1718 1353 1782 cohortes
1399 1740 1471 1782 ea
1515 1723 1660 1782 urbe
1703 1720 1944 1784 Reducit
1989 1727 2045 1785 et
2077 1721 2385 1805 profuqit.

494 1824 770 1909 Reponit
830 1825 1037 1891 nducic
1098 1844 1468 1909 comparans
1526 1846 1662 1910 cap.
1733 1824 1857 1891 13:
1933 1826 2153 1924 Varus·
2185 1827 2546 1911 praesidium
2567 1874 2582 1904 ,
2633 1827 2790 1913 quod

407 1933 815 1997 introduxerat
833 1979 849 2010 ‚
898 1954 970 1996 ea
1012 1931 1223 2017 oppido
1268 1932 1474 1996 Educit
1520 1956 1586 1995 ac
1618 1955 1736 2015 pro
1728 1934 1920 2020 fuqit.

496 2143 548 2208 I.
604 2142 721 2208 18:
792 2144 1040 2229 reliquis
1097 2143 1301 2207 dicbus
1361 2144 1634 2227 oppidum
1694 2144 1854 2208 vallo
1903 2145 2292 2231 ,castellisque
2348 2146 2784 2213 circmnvnnire

409 2251 693 2316 instituit.

502 2356 922 2421 circumvenire
965 2376 1076 2441 pro
1123 2360 1412 2440 suspecto
1458 2356 1724 2421 notavit.

504 2462 671 2545 Quid
733 2465 819 2528 sit
876 2462 1223 2549 legendum
1284 2461 1520 2548 colligo
1566 2482 1644 2526 ex
1691 2483 1822 2547 cap.
1880 2461 1996 2528 19:
2044 2463 2117 2527 id
2157 2487 2231 2528 ne
2254 2467 2410 2548 fieri
2441 2474 2640 2549 posset
2683 2472 2781 2532 ob-

407 2571 639 2635 sidione
693 2580 870 2654 atque
915 2569 1120 2652 oppidi
1166 2585 1750 2633 omcUMMUNI'PIONB.
1780 2572 1992 2651 fiebat.
2041 2591 2268 2656 nempe
2313 2572 2777 2638 circummunire.

409 2677 729 2744 Usitatius
776 2681 871 2740 est
914 2676 1379 2740 circumvallare.

497 2886 553 2956 I.
606 2892 724 2952 22:
787 2888 932 2952 adeo
977 2908 1100 2952 esse
1135 2891 1487 2970 perterritos
1532 2887 1851 2951 nonnullos
1894 2894 1962 2953 ut
2005 2910 2144 2953 suae
2187 2889 2348 2988 vitae
2391 2891 2604 2955 durius
2648 2914 2783 2956 con-

413 2997 608 3061 sulere
651 3011 985 3076 coqurUR.

500 3104 624 3170 Pro
670 3110 952 3184 coquntur
997 3101 1267 3167 coniecit
1311 3118 1622 3183 commum.

501 3318 556 3384 Ι.
607 3315 728 3381 24:
777 3337 1002 3400 servos,
1040 3322 1308 3398 pastores
1352 3326 1549 3379 armat
1593 3325 1772 3400 atque
1817 3316 1898 3379 iis
1944 3339 2118 3402 equos
2164 3318 2465 3384 attribuit.

499 3423 767 3490 Sublata
812 3422 1214 3487 distinctione
1259 3443 1458 3485 servos
1497 3428 1763 3503 pastores
1809 3424 2139 3488 coniunxit
2185 3443 2554 3508 comparans
2593 3423 2645 3487 Ι.
2676 3422 2785 3488 56.

417 3528 524 3600 57.
569 3528 685 3595 111.
736 3528 798 3593 4.

494 3744 544 3809 Ι.
613 3742 735 3826 25;
803 3765 916 3828 quo
958 3742 1234 3827 facilius
1292 3764 1454 3805 omme
1516 3740 1944 3805 Hadriaticum
2005 3763 2167 3806 mare
2228 3742 2504 3808 extremis
2553 3743 2781 3808 Italiae

402 3851 675 3937 partibus
722 3887 805 3898 —
853 3850 920 3911 in
952 3855 1246 3933 potestate
1291 3849 1545 3913 haberet.

495 3958 773 4023 Inseruit
819 3955 1201 4021 vocabulum
1249 3957 1597 4020 sententiae
1643 3956 2098 4021 necessarium:
2130 3993 2211 4004 —
2236 3979 2399 4021 mare
2438 3975 2780 4024 oocm’A'rlS

407 4065 679 4131 extremis
723 4063 952 4127 Italiae
994 4062 1297 4145 partibus.

489 4277 539 4343 Ι.
591 4275 712 4343 27:
758 4278 961 4356 fossas
1006 4285 1376 4340 transversas
1421 4275 1539 4339 viis
1571 4280 1886 4358 praeducit
1932 4286 2107 4363 atque
2151 4296 2243 4344 1131
2290 4279 2465 4342 sudes
2512 4281 2773 4360 stipites-

405 4409 514 4476 que
554 4393 898 4470 praeacutos
944 4381 1169 4465 defiqit.
