3192 5017
1192 1069 2033 1163 EURIPIDEA.

1509 1304 1720 1342 semron·

1340 1479 1407 1546 S.
1458 1479 1534 1544 A.
1584 1478 1892 1544 NABER.

1462 1776 1778 1809 4.-

512 2027 692 2108 Quod
742 2025 982 2113 legitur
1027 2025 1096 2088 in
1141 2022 1465 2106 Euripidis
1508 2020 1719 2086 Rheso
1766 2040 1861 2084 vs.
1912 2018 2027 2085 60:

826 2133 880 2195 εἴ
930 2130 1056 2208 γὰρ
1106 2127 1358 2208 Φαεννο)
1408 2128 1495 2205 μὴ
1544 2125 1838 2207 ξυνέσχον
1889 2128 2058 2200 ἡλίου

824 2241 1222 2318 καμπτῆρες,
1272 2236 1378 2299 οὐκ
1428 2232 1504 2299 ἂν
1555 2231 1740 2312 ἔσχον
1788 2236 2198 2312 εὐτυχοῦν
2244 2232 2425 2314 δόρυ.,

418 2347 484 2411 id
546 2347 696 2411 ferri
757 2364 904 2408 sane
967 2343 1230 2427 poterit,
1294 2361 1440 2405 cum
1506 2339 1876 2424 praesertim
1938 2360 2088 2404 mox
2155 2347 2455 2425 sequatur
2503 2363 2592 2408 vs.
2641 2341 2801 2408 319:

416 2451 620 2524 ἐπειδὴ
667 2448 892 2525 τούμὸν
937 2449 1200 2525 εὐτυχεῖ
1235 2444 1407 2529 δόρυ,
1449 2446 1558 2510 sed
1601 2447 1752 2529 quia
1791 2448 2079 2530 proxime
2116 2454 2534 2530 praecesserat
2557 2470 2649 2514 vs.
2680 2448 2796 2513 56:

414 2556 455 2623 ὦ
506 2560 724 2634 δαῖμον
774 2549 901 2623 ὅτις
948 2555 1018 2630 μ’
1069 2553 1428 2630 εὐτυχοῦντ’
1480 2550 1814 2629 ἐνόσφισας
1865 2558 1930 2616 et
1976 2552 2217 2617 Hector
2261 2558 2404 2637 post
2452 2554 2641 2620 breve
2701 2555 2802 2619 in-

416 2662 760 2729 tervallum
788 2709 803 2736 ,
854 2679 947 2725 vs.
999 2656 1122 2740 64,
1173 2658 1409 2734 εὐτυχῆ
1459 2654 1653 2735 ῥύμην
1700 2652 1847 2719 θεοῦ
1895 2656 2209 2741 appellat,
2258 2658 2548 2724 dubitare
2596 2663 2797 2744 coepi,

414 2769 743 2855 probarine
808 2766 1032 2830 debeat
1078 2762 1346 2828 verbum
1394 2762 1564 2825 intra
1611 2780 1842 2826 novem
1891 2761 2238 2827 versiculos
2287 2769 2383 2828 ter
2431 2764 2796 2849 repetitum.

412 2874 726 2940 Proclivis
791 2877 1005 2936 autem
1067 2868 1341 2952 suspicio
1404 2870 1501 2930 est
1548 2864 1730 2934 εύςο
1747 2890 1893 2948 χον
1940 2866 2072 2946 δόρυ
2121 2866 2365 2933 dictum
2413 2867 2624 2935 fuisse.
2722 2871 2800 2935 In

413 2979 651 3044 Phoen.
705 2974 834 3041 140
876 2974 1219 3039 laudantur
1267 2972 1658 3050 αἰκοντιςῆρες
1708 2972 2125 3050 εὐςοχώτατοι
2166 2980 2230 3038 et
2270 2974 2461 3041 Herc.
2500 2976 2621 3040 fur.
2671 2978 2797 3043 195

415 3081 534 3149 ὅσοι
586 3084 648 3149 δὲ
695 3082 889 3158 τόξοις
938 3080 1098 3159 χεῖρ’
1147 3076 1391 3155 ἔχουσιν
1437 3076 1736 3159 εύςοχον,
1788 3077 2142 3144 celebratur
2198 3078 2386 3155 τόξων
2428 3083 2692 3163 εύςοχία
2733 3084 2795 3148 in

415 3191 551 3276 lph.
620 3189 808 3255 Taur.
882 3184 1051 3251 1239
1116 3190 1179 3249 et
1243 3183 1618 3248 adverbium
1681 3184 1955 3264 εύςόχως
2011 3183 2347 3270 Euripides
2394 3196 2686 3272 posuerat
2733 3192 2799 3254 in

414 3296 713 3362 Peliasin.
782 3293 994 3360 Habet
1043 3296 1255 3356 autem
1304 3287 1544 3353 Hector
1590 3288 1849 3368 εύςοχον
1896 3288 2062 3373 δόρυ,
2111 3310 2259 3356 nam
2290 3292 2620 3377 Jaculandi
2666 3302 2801 3361 arte

412 3423 536 3468 non
609 3401 776 3467 cedit
846 3398 1064 3486 Ulyssi
1086 3447 1105 3469 ‚
1179 3414 1369 3479 quem
1441 3393 1735 3459 videmus
1804 3394 1954 3474 δουρὶ
2037 3394 2404 3476 ἑυνα-ἵζοντ’
2475 3394 2608 3464 ὅσον
2688 3400 2797 3466 ούιι

411 3507 605 3577 ἄλλος
669 3529 761 3577 τις
827 3507 989 3585 ὄϊς-ᾦ.
1086 3501 1424 3567 Piersonus
1486 3499 1706 3565 eodem
1774 3499 1964 3564 modo
2026 3511 2379 3568 correxerat
2441 3503 2598 3570 olim
2662 3506 2799 3573 Ion.

417 3611 592 3679 1426
616 3661 633 3690 ,
681 3611 789 3677 sed
835 3611 983 3676 vide
1030 3608 1184 3695 quid
1230 3610 1450 3672 contra
1496 3604 1787 3671 attulerit
1832 3605 2297 3673 Herwerdenus
2343 3631 2403 3694 p.
2453 3609 2607 3676 240.

504 3823 609 3903 Vs*⁸
666 3821 795 3887 115
844 3821 1166 3886 dissuadet
1202 3822 1445 3888 Aeneas
1482 3843 1560 3886 ne
1599 3816 1841 3884 Hector
1880 3817 2269 3887 Graecorum
2310 3828 2513 3888 castra
2535 3824 2798 3890 invadat

415 3936 479 3996 et
525 3936 853 4013 susceptae
899 3930 991 3992 rei
1038 3926 1481 3993 difficultatem
1532 3928 1924 3993 demonstrat
1969 3927 2070 3992 his
2117 3927 2360 3993 verbis:

777 4036 901 4105 πῶς
952 4033 1079 4111 γὰρ
1126 4031 1412 4111 περάσεις
1463 4035 1779 4104 σκόλοπας
1827 4034 1888 4097 ἐν
1935 4042 2126 4115 τροπῇ
2173 4032 2370 4113 δορός;

776 4144 902 4210 πῶς
953 4139 1003 4202 δ’
1055 4133 1136 4203 αὖ
1184 4141 1470 4220 γεφύρας
1518 4134 1888 4218 διαβαλοῦσ’
1933 4138 2329 4216 ἱππηλάται,

776 4245 860 4320 ἣν
909 4240 1063 4325 ἆρα
1110 4246 1200 4323 μὴ
1249 4244 1624 4323 θραύσαντες
1672 4246 1956 4323 ἀντύγων
2001 4243 2231 4327 χνοάςς

409 4353 675 4439 Scripsit
720 4352 874 4417 haec
922 4357 1106 4436 poeta
1154 4349 1423 4416 Homeri
1470 4372 1594 4418 non
1642 4354 2013 4430 immemor,
2062 4350 2228 4436 apud
2277 4372 2464 4436 quem
2515 4353 2790 4441 Polyda-

2513 4472 2537 4519 1
