3192 5017
535 229 669 301 300
1283 254 1370 302 m
1417 251 1642 303 novun
1687 253 2179 306 rusrmnrun.

531 428 600 492 τὸ
648 425 889 505 ἀγαθὸν
936 424 1080 505 πρὸς
1128 425 1418 510 πάντας,
1467 425 1721 503 μάλιςα
1765 427 1827 493 δὲ
1868 428 2013 510 πρὸς
2055 427 2195 500 τοὺς
2237 428 2484 504 οἰκείους
2524 435 2631 502 τῆς
2668 429 2895 500 wls-wc.

527 533 737 621 Lege:
788 528 950 604 ἕως.

619 743 949 812 LXXVII.
1005 747 1035 812 1
1091 746 1312 813 These.
1366 747 1429 813 2.
1473 747 1552 813 8:
1603 748 1779 812 ἄλλα
1821 745 2206 827 ἐγενήθημεν
2244 748 2404 825 ἤπιοι
2446 748 2507 812 ἐν
2544 746 2712 830 μέσῳ
2751 747 2899 823 ὑμῶν

524 856 601 926 ὦς
675 853 785 918 ἐὰν
853 850 1077 935 τροφὸς
1150 851 1360 934 θάλπη
1429 854 1512 919 τὰ
1575 854 1801 926 ἑαυτῆς
1865 853 2089 931 τέκνα,
2159 852 2343 926 οὕτως
2391 852 2899 935 ὀμειρόμενοι

524 959 691 1035 ὑμῶν
763 959 1130 1036 ηὐδοκοῦμεν
1199 959 1574 1037 μεταδοῦναι
1648 961 1792 1038 ὑμῖν
1862 961 1929 1025 οὐ
2001 957 2180 1037 μόνον
2241 959 2312 1024 τὸ
2375 960 2745 1039 εὐαγγέλιον
2805 965 2902 1024 τοῦ

522 1062 668 1130 θεοῦ
693 1113 708 1142 ,
772 1065 953 1131 ἀλλὰ
1001 1065 1106 1130 καὶ
1156 1066 1274 1138 τοὶς
1326 1066 1559 1131 ἑαυτῶν
1600 1065 1847 1147 ψυχάς.
1941 1065 2159 1132 Lectio
2206 1065 2574 1147 ὀμειρόμενοι
2623 1072 2899 1132 veterum

520 1170 833 1237 librorum
895 1173 1263 1237 testimonio
1324 1174 1511 1238 unice
1558 1171 2046 1238 commendatur
2092 1176 2156 1236 et
2203 1172 2371 1257 quod
2418 1172 2521 1237 edi
2568 1170 2723 1236 solet
2774 1173 2899 1237 bar-

522 1279 747 1344 barum
796 1276 1180 1343 vocabulum
1230 1277 1631 1357 ἱμειρόμενοι,
1680 1285 1776 1344 est
1824 1299 1898 1343 ea
1947 1277 2269 1345 malesana
2317 1281 2706 1364 conjectura,
2755 1295 2903 1361 quae

519 1388 585 1450 in
634 1381 1016 1448 minusculis
1063 1383 1193 1447 fere
1235 1382 1418 1449 libris
1460 1386 1805 1449 iuvenitur.
1850 1382 2056 1449 Miror
2094 1384 2301 1471 igitur
2322 1382 2599 1448 Batavos
2622 1382 2901 1457 editores,

524 1494 636 1576 qui
709 1487 1073 1569 ἱμειρόμενοι
1145 1489 1512 1567 ediderunt,
1578 1511 1731 1556 cum
1797 1489 2143 1555 Vaticanus
2207 1489 2371 1555 liber
2431 1489 2700 1567 habeat,
2752 1486 2904 1573 quod

522 1617 743 1663 omues
831 1596 980 1661 boni
1066 1592 1219 1659 libri
1291 1595 1531 1661 habent
1600 1594 1994 1677 ὀμειρόμενοι.
2109 1594 2440 1675 Quomodo
2508 1602 2729 1661 autem
2797 1594 2906 1658 hoc

524 1707 882 1768 monstrum
952 1700 1475 1786 procurabimus?
1546 1701 1892 1789 Comparat
1954 1724 2021 1769 se
2082 1706 2296 1788 ipsum
2361 1701 2708 1788 Apostolus
2768 1721 2904 1767 cum

522 1816 727 1875 matre
775 1828 937 1893 quae
984 1827 1168 1872 suam
1217 1807 1460 1893 prolem
1507 1812 1574 1873 in
1620 1812 1870 1896 gremio
1920 1809 2095 1874 fovet
2142 1829 2257 1874 nec
2307 1809 2432 1874 sibi
2477 1811 2687 1893 parcit
2734 1809 2906 1873 dum-

521 1916 714 1981 modo
786 1913 1134 1980 carissimis
1204 1914 1523 1998 capitibus
1599 1916 1757 1981 bene
1828 1917 1931 1980 sit.
2029 1915 2197 1996 Quid
2267 1914 2475 2002 igitur
2542 1916 2598 1979 si
2672 1913 2907 1980 Paulus

522 2024 812 2107 scripsit:
882 2018 1069 2093 οῧτως
1137 2021 1219 2084 οὗ
1283 2019 1763 2102 φειδόμενοι
1831 2024 1865 2099 ἧ
1884 2028 2043 2098 μῶν
2109 2022 2475 2099 ηὐδοκοῦμεν
2538 2021 2905 2098 μεταδοῦναι

523 2128 668 2205 ὑμῖν
729 2129 794 2192 οὐ
859 2125 1037 2203 μόνον
1099 2126 1168 2189 τὸ
1233 2126 1610 2206 εὐαγγέλιον
1672 2133 1778 2193 τοῦ
1842 2124 2029 2205 θεοῦ,
2094 2129 2270 2194 ἀλλὰ
2331 2130 2438 2194 καὶ
2500 2129 2619 2200 τοὶς
2682 2129 2903 2193 ἑαυτῶν

520 2232 770 2314 ψυχάς.

571 2441 977 2510 'LXXVIIL
1027 2444 1069 2510 2
1119 2444 1338 2511 ThesS.
1388 2445 1450 2511 2.
1503 2443 1545 2510 2
1561 2468 1575 2510 :
1628 2447 1712 2517 εἰς
1761 2447 1829 2511 τὸ
1877 2449 1966 2525 μη
2015 2447 2264 2527 ταχέας
2314 2444 2701 2523 σαλευθῆναι
2745 2447 2902 2524 ὑμᾶς

475 2553 480 2558 ’
518 2549 644 2614 ἀπὸ
710 2555 817 2615 τοῦ
881 2553 1006 2624 νοὸς
1056 2551 1210 2628 μηδὲ
1257 2549 1564 2631 θροεῖσθαι
1615 2550 2128 2638 (θορυβεῖσθαιῗ),
2190 2554 2351 2632 μήτε
2398 2555 2501 2620 δια
2551 2553 2899 2629 πνεύματος

517 2657 683 2735 μήτε
743 2656 845 2722 διὰ
894 2658 1084 2737 λόγου
1134 2658 1297 2736 μήτε
1344 2657 1418 2722 δι’
1469 2659 1793 2734 ἔπιςολῆς,
1845 2661 1921 2733 ὥς
1970 2659 2059 2724 δι’
2111 2662 2314 2736 ἡμῶν,
2366 2661 2441 2732 ὥς
2491 2655 2581 2724 ὅτι
2633 2658 2901 2735 ἐνέςηκεν

519 2764 553 2837 ἧ
625 2764 823 2844 ἡμέρα
894 2768 1001 2828 τοῦ
1075 2763 1295 2844 κυρίου.
1395 2763 1538 2829 Scio
1611 2765 1871 2848 quidem
1942 2785 2076 2830 esse
2144 2767 2520 2851 interpretes
2582 2768 2693 2849 qui
2759 2786 2900 2830 cum

514 2868 785 2936 Reussio
845 2872 1017 2936 hunc
1073 2870 1289 2936 locum
1352 2869 1479 2936 alio
1526 2890 1714 2936 sensu
1760 2873 2105 2956 accipiaut;
2157 2873 2322 2936 mihi
2374 2877 2592 2937 tamen
2639 2872 2899 2936 arridet:

514 2980 592 3050 ὥς
642 2977 733 3041 ἂν
780 2978 977 3061 ἡμῶν,
1026 2977 1343 3062 quomodo
1389 2976 1556 3042 illud
1601 2980 1678 3049 ὥς
1721 2976 1798 3042 ἂν
1844 2978 2073 3043 itidem
2122 2983 2504 3063 usurpatum
2553 2982 2650 3042 est
2689 2976 2731 3042 2
2760 2974 2898 3043 Cor.

519 3082 621 3161 10,
695 3080 769 3147 9:
842 3082 940 3148 ἵνα
973 3113 976 3118 ·
1007 3083 1097 3161 μὴ
1160 3080 1308 3158 δόξω
1373 3085 1449 3151 ὥς·
1514 3081 1591 3147 ἂν
1654 3082 1949 3165 ἐκφοβεῖν
2013 3083 2178 3160 ὑμᾶς
2243 3083 2345 3148 διὰ
2408 3089 2525 3146 τῶν
2589 3082 2899 3150 ἔπιςολῶν.

512 3191 695 3258 Haec
755 3191 949 3257 lectio
1010 3193 1065 3256 si
1114 3189 1524 3275 probabitur,
1574 3191 1861 3273 sequitur
1880 3237 1898 3267 ,
1947 3192 2141 3255 etiam
2192 3189 2394 3256 Paulo
2440 3192 2592 3256 vivo
2638 3192 2902 3255 circum·

511 3297 674 3365 latas
753 3298 948 3363 fuisse
1019 3294 1327 3381 epistulas
1398 3295 1971 3378 ψευδεπιγράφους.
2066 3295 2157 3361 Ut
2220 3296 2288 3361 in
2347 3301 2670 3382 posterum
2732 3295 2900 3361 fraus

514 3403 702 3491 argui
748 3405 951 3488 possit
970 3450 986 3480 ‚
1037 3408 1133 3468 est
1175 3404 1242 3465 in
1290 3402 1407 3467 hac
1455 3400 1733 3487 epistula
1771 3404 2095 3487 scriptoris
2135 3400 2453 3467 clausula:
2494 3402 2522 3466 ὃ
2563 3402 2898 3477 ἀσπασμὸς

512 3519 591 3593 τῇ
635 3510 756 3591 ἐμῇ
795 3509 955 3589 χειρὶ
997 3507 1278 3584 Παύλου,
1326 3504 1363 3571 ὅ
1404 3509 1498 3575 ἑςι
1537 3515 1788 3588 σημεῖον
1832 3510 1893 3574 ἐν
1925 3507 2098 3590 πάσῃ
2122 3509 2412 3590 ἔτιςολῇ·
2438 3505 2626 3582 οὕτως
2652 3508 2896 3590 γράφω.

603 3722 892 3789 LXXIX.
944 3721 986 3787 2
1035 3720 1205 3786 Tim.
1256 3720 1320 3788 2.
1371 3720 1495 3786 21:
1547 3720 1656 3784 ἐὰν
1704 3716 1801 3785 οὖν
1848 3743 1941 3791 τις
1985 3719 2312 3802 ἐκκαθαίρη
2351 3720 2565 3785 ἑαυτὸν
2603 3723 2730 3786 ἀπὸ
2767 3719 2897 3786 τού·

511 3857 652 3916 των,
719 3827 855 3897 ἔςαι
923 3831 1137 3899 σκεῦος
1187 3827 1272 3898 εἷς
1323 3828 1511 3903 τιμην
1559 3825 2073 3905 ἡγιασμένον
2120 3826 2418 3907 εὕχρηςον
2465 3829 2549 3906 τῷ
2598 3825 2891 3906 δεσπότῃ,

512 3939 597 4012 εἰς
646 3939 776 4002 πᾶν
818 3933 991 4013 ἔργον
1041 3931 1280 4009 ἀγαθὸν
1329 3930 1799 4009 ἡτοιμασμένον.
1847 3931 1975 3996 Hic
2021 3953 2143 3998 non
2191 3930 2487 4020 intelligo
2529 3933 2894 4010 ἡγιασμένον

511 4049 577 4110 et
625 4043 756 4109 fere
802 4039 1065 4105 malim:
1117 4037 1712 4117 ἠγλαϊσμένον,
1764 4040 1973 4103 datum
2027 4044 2094 4102 in
2139 4039 2520 4123 splendorem.

601 4258 879 4325 LXXX.
945 4255 987 4321 2
1033 4254 1204 4320 Tim.
1255 4252 1317 4320 4.
1371 4253 1486 4320 ll:
1541 4252 1798 4335 Μάρκον
1843 4254 2184 4332 ἀναλαβὼν
2232 4253 2456 4332 ἄγαγε
2501 4253 2671 4332 μετ-οὶ
2721 4275 2890 4318 σεαυ·

509 4369 651 4434 τοῦ·
705 4362 822 4433 {ce
872 4359 997 4442 γάρ
1055 4386 1157 4441 μοι
1206 4362 1505 4443 εὔχρηςος
1556 4361 1641 4434 εἷς
1694 4359 2023 4428 διακονίαν.
2074 4359 2282 4448 Lege:
2333 4358 2532 4429 ἔςαι.
