3192 5017
622 251 756 317 286
1639 272 2000 321 summum.

624 445 775 509 novi
826 443 1084 528 quidem
1134 443 1460 527 scripsisse
1510 446 1762 526 poetam
1812 442 2043 509 Helen.
2096 443 2264 510 619:
2316 446 2478 518 εἰδὼς
2531 444 2699 510 οὐδὲν
2746 447 2820 517 ὡς
2864 446 2975 510 ὑπό·

629 574 846 632 πτερον
892 550 1090 628 δέμας
1140 551 1383 630 φοροίης
1434 555 1498 614 et
1547 555 1761 616 tamen
1818 552 2081 617 malim:
2131 562 2433 633 πορεῖν.

715 769 1019 835 Eiusdem
1068 766 1271 833 Sileni
1318 767 1510 832 verba
1551 771 1703 831 sunt
1750 786 1841 831 vs.
1898 763 2063 833 142:

1068 870 1130 938 ὃν
1178 869 1491 953 ἐξέθρεψα
1539 871 1740 945 vaf-53⁹
1791 871 1942 948 ἐγώ
1996 873 2136 937 ποτ’
2188 873 2534 951 ἀγκάλαις.

621 983 763 1049 Nisi
826 980 1012 1046 fallor
1073 981 1455 1066 praepositio
1518 979 1734 1045 abesse
1794 998 1915 1043 nou
1967 980 2199 1064 poterit
2244 986 2310 1045 et
2356 980 2639 1066 proclive
2690 987 2792 1046 est
2838 984 2988 1047 resti·

623 1096 801 1154 tuere
849 1089 877 1151 ε’
896 1110 940 1164 y
961 1088 1002 1151 ὼ
1046 1087 1115 1150 ’ν.

714 1299 820 1366 Vs.
868 1298 1039 1367 274:

1077 1403 1421 1487 sssozsoff,
1470 1403 1676 1483 ἔγωγε
1725 1404 1877 1484 τῷδε
1923 1408 2032 1468 τοῦ
2080 1403 2553 1482 Ῥαδαμάνθυος

1071 1518 1319 1590 μᾶλλον
1369 1507 1650 1577 πέποιθα
1697 1510 1803 1575 καὶ
1856 1508 2221 1591 δικαιότερον
2270 1511 2510 1589 λέγω.

623 1619 919 1686 Atridet:
971 1619 1194 1696 νέμω.

713 1835 968 1922 Ulyssis
1014 1836 1207 1902 verba
1252 1840 1402 1899 sunt
1449 1833 1527 1899 ad
1568 1831 2047 1918 Polyphemum
2095 1851 2188 1898 vs.
2241 1830 2374 1896 285
2398 1849 2412 1894 :

1076 1943 1206 2007 θεοῦ
1258 1940 1327 2006 τὸ
1376 1943 1653 2019 πρᾶγμα
1682 1961 1697 1977 ·
1745 1961 1794 2015 μ
1818 1963 1851 2011 n
1869 1938 1902 2003 δ
1920 1937 1948 2001 b
1966 1937 2014 2002 ν’
2066 1938 2240 2003 αἰτιῶ
2290 1938 2540 2021 βροτῶ
2563 1965 2610 2004 ν.

624 2049 913 2117 Multum
966 2053 1242 2134 praestat
1265 2069 1280 2112 ι
1330 2071 1379 2123 μ
1400 2071 1433 2120 n
1455 2046 1529 2112 δὲ
1549 2070 1579 2109 ν
1631 2046 1804 2110 αἰτιῶ
1850 2045 1900 2122 β
1918 2067 1946 2125 ρ
1965 2066 1992 2108 ο
2010 2043 2100 2109 τό
2116 2069 2166 2109 ν.

713 2259 816 2324 Vs.
869 2259 999 2324 422
1048 2265 1261 2325 narrat
1311 2257 1577 2344 Ulysses
1624 2275 1785 2341 quae
1835 2256 2047 2339 pueris
2095 2259 2246 2319 nota
2292 2260 2473 2319 sunt:

1075 2363 1353 2443 ἡσθέντα
1401 2362 1454 2428 δ’
1504 2361 1693 2427 αὐτὸν
1739 2363 1816 2430 ὥς
1864 2356 2226 2442 ἐπῃσθόμην
2276 2361 2434 2444 ἐγώ,

1071 2470 1272 2547 ἄλλην
1322 2469 1516 2535 ἔδωκα
1564 2468 1830 2543 κύλικα,
1880 2467 2235 2543 γιγνώσκων
2284 2463 2375 2531 ὅτι

1071 2581 1352 2660 τρώσει
1402 2600 1486 2640 νιν
1532 2570 1680 2646 οἶνος
1727 2572 1829 2637 καὶ
1881 2571 2047 2646 δίκην
2096 2573 2269 2638 δώσει
2318 2575 2524 2656 τάχα.

616 2687 1039 2754 Exactissima
1101 2688 1263 2751 ratio
1327 2685 1429 2748 hic
1478 2682 1647 2761 τρώει
1700 2680 2075 2764 requireret,
2128 2700 2253 2745 uon
2295 2683 2539 2760 τρώσει,
2593 2686 2789 2751 sicuti
2834 2685 2982 2772 apud

614 2793 973 2860 Homerum
1022 2791 1264 2880 leg-itur
1309 2799 1364 2869 Φ
1413 2788 1580 2854 293:

977 2894 1126 2969 οἶνός
1174 2922 1245 2962 σε
1292 2904 1516 2977 τρώει
1565 2895 1900 2974 μελιηδής,
1948 2887 2011 2962 ὅς
2058 2914 2127 2956 τε
2178 2894 2282 2958 καὶ
2333 2893 2563 2969 ἄλλους

981 3005 1302 3084 βλάπτει,

614 3116 747 3180 iam
794 3115 964 3178 enim
1013 3110 1454 3199 Polyphemus
1501 3112 1853 3177 inebriatur
1897 3117 1962 3178 et
2008 3115 2177 3191 τρώει
2228 3135 2310 3175 νιν
2359 3107 2543 3194 οἶνος,
2594 3134 2726 3179 nou
2770 3116 2980 3195 τρώσει,

611 3220 827 3285 ebrius
890 3221 1034 3283 erit.
1131 3216 1367 3282 Verum
1431 3216 1508 3281 de
1571 3218 1711 3302 ipsa
1775 3217 2042 3284 lectione
2105 3218 2398 3285 dubitare
2460 3221 2641 3304 coepi
2710 3234 2779 3286 et
2845 3222 2980 3285 min

616 3325 987 3411 metaphora
1033 3324 1196 3388 mihi
1245 3325 1382 3389 visa
1428 3327 1548 3400 est;
1601 3326 1655 3388 si
1700 3326 1806 3388 cui
1852 3327 2021 3390 enim
2057 3346 2361 3390 numerus
2398 3328 2664 3391 accessit
2705 3326 2979 3398 lucernis.

612 3434 779 3497 iacet
844 3433 900 3494 is
969 3450 1092 3495 nou
1154 3431 1303 3497 vino
1365 3430 1743 3505 vulneratus,
1810 3431 1917 3496 sed
1980 3431 2200 3508 victus,
2257 3440 2599 3515 prostratus
2618 3479 2635 3509 ‚
2712 3435 2979 3518 sepultus.

613 3538 800 3624 Apud
865 3536 1221 3602 Homerum
1283 3536 1600 3621 praefero:
1650 3532 1802 3608 οἶνός
1850 3561 1921 3602 σε
1966 3537 2188 3616 τρύει
2236 3540 2594 3624 pariterque
2645 3542 2817 3626 apud
2865 3539 2981 3604 Eu·

608 3643 917 3729 ripidem:
969 3641 1244 3721 τρύσει
1298 3664 1380 3703 νιν
1427 3637 1595 3713 οἶνος.
1690 3642 1805 3708 Est
1851 3645 2058 3721 enim,
2116 3645 2307 3708 sicuti
2353 3642 2640 3731 legimus
2692 3668 2790 3711 vs.
2844 3642 2979 3717 678,

609 3750 794 3820 δεινὸς
855 3749 983 3827 γὰρ
1046 3745 1193 3819 οἶνος
1257 3747 1361 3811 καὶ
1428 3746 1823 3838 vulgales-30⁶1
1883 3751 2111 3829 βαρύς.
2211 3750 2435 3829 Τρύσει
2501 3752 2546 3815 i.
2604 3771 2663 3817 e.
2713 3753 2981 3830 βλάψει,

613 3857 805 3922 sicuti
851 3857 988 3940 ipse
1033 3852 1355 3919 Homerus
1406 3855 1877 3939 interpretatur.

700 4066 1038 4132 Descendit
1106 4065 1444 4151 Euripides
1517 4067 1582 4130 in
1652 4063 1928 4153 Cyclope
1998 4068 2075 4133 ad
2147 4070 2428 4134 iocorum
2501 4089 2738 4156 genus,
2814 4073 2983 4136 cuius

606 4180 862 4259 propter
922 4172 1388 4258 turpitudinem
1453 4174 1662 4259 ipsum
1714 4172 2205 4259 Aristophanem
2252 4174 2567 4260 pudebat,
2616 4178 2726 4262 qui
2777 4179 2979 4244 Nubes

607 4302 756 4347 suas
802 4280 1209 4346 commendat
1255 4279 1422 4363 quod
1470 4300 1543 4345 ea
1588 4278 1807 4344 fabula

878 4385 1040 4450 οὐδὲν
1090 4380 1246 4458 ἦλθε
1294 4385 1625 4466 ῥαψαμένη
1676 4386 1950 4450 σκύτινον
1999 4386 2365 4465 καθειμένον
