3192 5017
414 198 546 276 344
1446 215 1755 282 armum

675 400 808 466 Nos
854 401 1188 467 hominum
1237 401 1589 489 divumque
1638 402 1831 470 fidem
1880 403 2151 470 clamore
2200 406 2443 471 ciemus

680 505 930 588 Quanto
977 506 1347 573 Faesidium
1393 510 1607 574 laudat
1651 511 1873 575 vocali-5
1918 514 2217 598 agentem

682 611 997 708 Sportula.

498 715 668 783 Hinc
703 740 820 785 sua
862 723 1197 785 mutuatus
1243 724 1339 786 est
1385 721 1648 787 Fronto:
1699 722 2110 807 quamobrem
2159 723 2267 807 qui
2320 723 2534 785 laudat
2575 721 2801 786 vocalis

405 823 673 911 legerit,
722 823 781 890 ei
828 845 943 889 sua
990 827 1343 891 restituisse
1391 826 1737 893 videbitur.

497 931 621 996 Pro
680 935 1002 1014 sportulam
1062 932 1329 996 clientem
1374 934 1701 1017 scripsisse
1749 934 1960 1022 nemoj
1984 933 2222 1000 rhetori
2270 954 2307 998 a
2354 934 2600 1017 poetica
2650 953 2798 999 ora-

408 1038 580 1103 tione
626 1036 1093 1122 quodammodo
1141 1036 1495 1103 deflectenti
1544 1039 1705 1105 vitio
1752 1039 1951 1105 dabit.

501 1141 801 1209 Ceterum
863 1143 1057 1207 verba
1112 1143 1264 1208 huic
1307 1143 1446 1210 loco
1494 1147 1828 1230 aptissima
1873 1150 2055 1222 sunt,
2107 1144 2620 1231 quandoquidem
2668 1148 2793 1211 mi·

410 1252 566 1315 seris
635 1243 976 1315 clientibus
1045 1247 1225 1314 nulla
1294 1248 1420 1315 alia
1488 1271 1677 1316 causa
1746 1257 1922 1317 extat
1991 1273 2105 1317 cur
2169 1258 2508 1337 patronum
2573 1254 2792 1317 vivum

410 1375 667 1420 summa
703 1375 855 1420 voce
902 1354 1251 1419 clamantes
1298 1354 1608 1421 extollant
1653 1362 1717 1421 et
1762 1356 2043 1434 laudent,
2092 1359 2214 1421 nisi
2263 1358 2427 1443 quod
2478 1356 2616 1424 eius
2659 1356 2795 1421 lau-

410 1463 496 1526 tis
542 1462 941 1545 opiparisque
989 1461 1304 1526 conviviis
1349 1461 1666 1527 fruuntur.

499 1565 739 1646 Quidni
781 1564 1045 1632 laudent
1090 1566 1361 1632 eundem
1409 1567 1525 1633 tali
1571 1568 1764 1634 modo
1811 1567 2179 1635 mortuum?

499 1777 681 1844 Idem
730 1777 1052 1844 Vahlenus
1098 1778 1274 1845 viam
1322 1779 1488 1842 mihi
1526 1781 1908 1845 monstravit
1946 1800 2072 1865 qua
2126 1780 2345 1847 Plauti
2394 1779 2799 1847 Menaechm.

412 1907 472 1950 v.
528 1884 660 1949 454
706 1906 794 1970 sq.
851 1884 1001 1971 (ΠΙ.
1067 1887 1124 1948 1.
1178 1881 1289 1969 13)
1337 1885 1662 1950 emendari
1706 1885 1924 1971 possit.

501 1990 695 2076 Apud
739 1989 1036 2054 Brixium
1058 2039 1077 2074 ,
1128 1991 1238 2054 cui
1279 1992 1347 2054 in
1401 1989 1636 2056 scholis
1674 1993 1907 2056 nostris
1944 1990 2251 2057 habendis
2291 1990 2499 2056 multa
2541 1996 2805 2078 accepta

411 2098 781 2173 referimus,
833 2096 989 2161 haec
1035 2100 1220 2160 sunt:

591 2202 941 2268 Adfatimst
987 2201 1356 2278 hominum,
1407 2204 1473 2266 in
1520 2202 1654 2268 dies
1705 2205 1815 2288 qui
1861 2202 2150 2291 singulas
2197 2223 2369 2269 escas
2425 2203 2634 2269 edint:

597 2307 844 2388 Quibus
905 2307 1134 2394 neg-oti·
1182 2306 1348 2371 nihil
1392 2312 1525 2384 est,
1572 2310 1683 2392 qui
1733 2329 1944 2373 essum
1991 2329 2192 2394 neque
2236 2312 2546 2375 vocantur
2590 2329 2800 2394 neque

2501 2416 2797 2501 [vocant:

592 2520 717 2587 Eos
763 2525 1007 2606 oportet
1055 2520 1331 2585 contioni
1380 2520 1526 2585 dare
1571 2540 1827 2604 operam
1878 2525 2068 2605 atque
2115 2519 2414 2585 comitiis.

591 2626 659 2692 Si
704 2626 773 2692 id
818 2628 913 2691 ita
958 2630 1151 2701 esset,
1201 2645 1326 2691 non
1373 2646 1492 2713 ego
1538 2625 1728 2690 hodie
1777 2625 2192 2710 perdidissem
2240 2626 2583 2711 prandium

598 2735 754 2816 Quoi
797 2739 916 2797 tam
961 2734 1131 2796 credo
1177 2733 1377 2797 datum
1431 2732 1685 2796 voluisse
1729 2752 1920 2816 quam
1970 2753 2077 2797 me
2126 2732 2310 2798 video
2359 2736 2597 2799 vivere.

501 2839 788 2910 Coniecit
809 2837 1235 2905 Ritschelius:
1280 2837 1481 2921 „Quoi
1507 2843 1639 2902 tam
1664 2837 2053 2903 credideram
2078 2837 2451 2904 insoluisse”
2465 2859 2484 2917 ;
2514 2838 2796 2905 Vahlen:

413 2947 638 3030 „Quod
678 2954 812 3012 tam
848 2946 1029 3010 rebar
1067 2951 1280 3009 ratum
1318 2943 1679 3022 habuisse”;
1724 2942 1806 3007 A.
1848 2943 2154 3031 Spengel:
2201 2944 2409 3025 „Quoi
2450 2950 2584 3010 tam
2610 2946 2802 3012 credo

412 3055 635 3120 datum
670 3051 968 3128 oluisse'’;
1013 3051 1282 3135 denique
1319 3050 1398 3115 ad
1433 3052 1784 3115 orationem
1825 3048 2109 3115 sufficere
2150 3052 2479 3116 existimat
2502 3050 2799 3117 Brixius:

414 3160 619 3241 „Quoi
666 3167 804 3225 tam
851 3157 1034 3223 credo
1077 3156 1273 3239 funus
1319 3156 1563 3221 factum
1612 3155 1836 3241 quam”
1883 3161 2006 3220 cet.

500 3268 705 3333 Locus
751 3286 856 3331 me
902 3264 1115 3329 iudice
1158 3265 1249 3328 sic
1298 3262 1729 3327 restituendus
1775 3265 1901 3326 est:

547 3371 709 3447 Quoi
756 3378 891 3437 tam
940 3370 1123 3436 credo
1169 3373 1379 3434 ratum
1427 3368 1546 3434 hoc
1594 3368 1789 3433 fuisse
1836 3387 2029 3452 quam
2079 3389 2185 3434 me
2230 3368 2416 3434 video
2463 3371 2703 3438 vivere.

499 3588 597 3654 Ad
643 3586 919 3655 Graecos
965 3589 1094 3652 iam
1144 3585 1482 3670 scriptores
1527 3588 1969 3670 properantem
2008 3606 2173 3650 unus
2214 3585 2554 3651 dumtaxat
2594 3606 2805 3651 mora-

402 3702 511 3760 tur
554 3693 732 3760 locus
778 3714 857 3758 ex
895 3691 1212 3776 Propertii
1249 3689 1540 3757 Cornelia
1578 3689 1725 3776 (IV.
1772 3690 1904 3775 11),
1946 3712 2108 3776 quae
2145 3690 2356 3778 eleg-ia
2389 3692 2558 3757 viros
2582 3692 2803 3758 doctos

405 3801 646 3867 mirum
693 3803 1007 3883 quantum
1057 3800 1333 3862 vexavit.
1387 3796 1740 3862 Meministi
1788 3796 2225 3882 Peerlkampii
2274 3796 2481 3863 Bootii
2521 3797 2800 3863 aliorum

405 3906 670 3973 labores.
721 3903 926 3984 Quam
978 3923 1126 3967 cum
1175 3907 1320 3968 ante
1365 3923 1601 3986 paucos
1647 3922 1840 3967 annos
1886 3904 1953 3966 in
1995 3900 2423 3989 Anthologiae
2464 3910 2800 3989 poetarum

405 4012 781 4077 Latinorum
823 4006 1005 4073 Tom.
1054 4007 1117 4071 II
1162 4029 1311 4073 cum
1354 4008 1736 4074 Schroedero
1776 4010 1842 4073 in
1881 4008 2199 4075 studiosae
2224 4010 2582 4075 iuventutis
2606 4030 2799 4075 usum

404 4115 711 4181 ediderim
731 4162 746 4190 ,
790 4116 998 4179 vatins
1024 4116 1344 4179 variorum
1369 4113 1746 4178 emendandi
1773 4120 2035 4180 conatus
2059 4113 2432 4180 collustrare
2461 4135 2584 4181 non
2611 4115 2793 4181 desii.

495 4219 589 4284 Ut
649 4241 816 4284 nunc
879 4225 1006 4294 est,
1074 4221 1230 4284 satis
1274 4218 1475 4284 habeo
1522 4219 1600 4285 de
1648 4239 1774 4285 uno
1826 4241 2010 4285 versu
2057 4241 2279 4308 agere:
2330 4241 2584 4287 versum
2635 4226 2799 4306 puto

404 4324 511 4416 15,
560 4325 910 4392 adscribam
959 4329 1086 4389 tres
1133 4328 1244 4409 qui
1293 4330 1668 4410 sequuntur.
