3192 5017
1359 310 1594 370 οοιιιοι.
2589 294 2677 366 ¹15

646 492 752 558 καὶ
798 489 1033 567 θύομεν
1081 492 1292 564 αὐτοῖς
1339 491 1594 572 ἠρίοις
1644 491 1704 554 τ’
1751 482 2295 571 δναγίζομειμ

290 598 605 686 Equidem
653 598 1062 666 vehementer
1109 597 1367 675 dubito;
1420 617 1567 662 nam
1617 604 1692 662 ut
1740 596 1965 662 demus
1981 643 1997 672 ,
2046 594 2215 681 quod
2262 615 2389 661 non
2428 601 2675 662 eertum

221 775 228 780 ,
289 705 581 790 videtur,
629 712 798 772 recte
844 705 1075 771 habere
1122 705 1299 784 ἠρίοις
1349 724 1463 789 pro
1509 711 1636 774 τοῖς
1682 705 1854 782 ἠρίοις
1908 704 2016 788 (se.
2069 703 2296 788 αὐτῶν)
2316 748 2332 778 ,
2385 702 2677 789 exemplo

291 812 500 878 doceri
546 810 744 878 velim
792 817 961 877 recte
1010 811 1139 876 diei
1186 810 1493 892 ἐναγίζειν
1542 811 1738 889 ἠρίοις.
1803 810 1994 884 Nam,
2053 809 2223 895 quod
2269 811 2506 893 seiam,
2554 828 2681 874 non

292 916 480 984 aliter
544 917 781 983 dieitur
841 936 1036 1002 quam
1099 913 1401 995 ἐναγίζειν
1457 925 1584 986 τοῖς
1636 923 1899 1000 νεκροῖς,
1947 923 2073 989 τοῖς
2121 916 2502 1000 τεθνηκόσιν,
2551 924 2679 989 τοῖς

293 1022 536 1104 ἥρωσιν,
582 1025 728 1088 sim.
778 1022 1148 1101 Ἐναίγισμα
1195 1023 1614 1109 scriptoribus
1660 1023 1896 1087 Atticis
1931 1023 2232 1109 ignotum
2265 1021 2462 1088 fuisse
2503 1022 2682 1088 dictu

292 1151 488 1216 quam
533 1132 805 1215 probatu
849 1129 1100 1196 facilius
1147 1134 1244 1195 est
1259 1176 1275 1206 ,
1323 1128 1642 1216 siquidem
1689 1148 1812 1196 vox
1861 1148 1900 1194 a
1946 1130 2142 1195 verbo
2189 1129 2525 1195 tritissimo
2570 1149 2681 1214 op·

295 1235 455 1302 time
502 1237 777 1302 formata
823 1242 917 1302 est
938 1241 982 1313 ,'
1005 1240 1290 1301 attamen
1336 1246 1505 1301 reete
1551 1235 1681 1300 dici
1724 1231 1898 1300 θύειν
1946 1235 2062 1300 τινὶ
2103 1235 2520 1315 ἔναγίσμασιν
2558 1255 2683 1300 non

294 1342 763 1410 affirmaverim.
856 1341 981 1408 Sed
1044 1340 1179 1407 fieri
1236 1347 1449 1427 potest
1494 1348 1570 1406 ut
1613 1351 1782 1414 τοῖς
1834 1341 2352 1421 ἑναγίσμασι
2400 1342 2508 1407 hie
2553 1341 2685 1407 die·

294 1456 438 1513 tum
499 1450 585 1514 sit
638 1449 718 1515 ad
765 1447 1127 1535 analogiam
1174 1448 1482 1514 festorum
1500 1497 1517 1523 ‚
1563 1454 1641 1513 ut
1687 1448 1926 1514 dieitur
1972 1456 2101 1521 τοῖς
2150 1448 2465 1523 μυςησίοις
2481 1496 2500 1524 ,
2548 1457 2677 1520 τοῖς

292 1565 610 1634 γυμνικοῖς
668 1557 939 1633 ἀγῶσιν,
1006 1561 1195 1625 ταῖς
1246 1556 1572 1625 θυσίαις
1599 1602 1618 1639 ,
1670 1554 1817 1620 aliis
1862 1574 2024 1640 quae
2071 1575 2148 1621 ex
2197 1554 2409 1620 titulis
2446 1555 2683 1620 Atticis

294 1661 527 1750 collegi
571 1663 641 1726 in
688 1660 908 1727 libello
955 1663 1066 1746 qui
1113 1663 1485 1726 inscribitur
1524 1661 1818 1745 Lapidum
1858 1663 1932 1725 de
1970 1663 2123 1727 diac.
2166 1664 2306 1727 Au.
2352 1663 2685 1726 testimonia

295 1789 445 1856 pag.
497 1767 604 1834 47.
654 1765 724 1832 Si
772 1766 926 1852 quid
972 1767 1360 1831 mutandum
1407 1768 1523 1844 sit,
1574 1766 1805 1832 melius
1851 1774 2020 1832 certe
2066 1770 2383 1854 corrigas:

845 1874 951 1938 καὶ
999 1871 1232 1951 θύομεν
1280 1875 1522 1938 αὐτοῖσι
1572 1872 2173 1957 κᾶναγίζομεν,

303 1979 414 2045 sed
461 1996 728 2046 manum
776 1980 1092 2046 abstinere
1137 1999 1244 2045 me
1290 1979 1506 2045 iudice
1551 1978 1745 2067 longe
1787 1986 2088 2065 praestat.

389 2196 867 2262 Aius-rorums
912 2194 1143 2283 fragm.
1197 2192 1328 2260 615

758 2301 830 2366 τὸ
878 2305 1152 2382 πρᾶγμα
1199 2306 1379 2368 τοῦτο
1425 2301 1779 2381 συλλαβεῖν
1824 2302 2205 2384 ὑπίσχομαιί

297 2407 586 2475 Kockius
638 2428 880 2493 „neque
927 2408 1275 2486 συλλαβεῖν
1313 2428 1425 2494 pro
1465 2408 1902 2487 συλλήψεσθαι
1947 2411 2055 2474 τοῦ
2081 2407 2457 2489 πράγματος
2484 2429 2687 2497 neque

302 2515 660 2596 ὑπίσχομαι
724 2516 1087 2580 Atticorum
1145 2514 1593 2580 consuetudini
1636 2515 1934 2582 convenit
1955 2563 1972 2593 ,
2027 2518 2242 2600 itaque
2286 2519 2498 2584 neseio
2544 2518 2686 2603 quis

299 2642 425 2688 non
492 2623 748 2686 Atticus
816 2621 1073 2687 videtur
1141 2619 1376 2705 loqui.”
1466 2619 1615 2687 Non
1684 2623 1896 2708 magis
1967 2630 2146 2688 extra
2213 2621 2505 2689 Atticam
2523 2671 2542 2705 ‚
2612 2627 2687 2689 ut

299 2731 521 2814 opinor
543 2776 558 2803 ,
624 2749 817 2811 quam
877 2729 945 2792 in
993 2725 1215 2792 Attica
1262 2724 1492 2793 Graeci
1537 2726 1703 2792 bona
1749 2733 1958 2793 aetate
1992 2728 2330 2811 pollicendi
2374 2749 2561 2794 sensu
2608 2728 2686 2793 il·

298 2833 410 2900 lud
483 2835 753 2900 verbum
823 2854 972 2899 eum
1036 2832 1162 2898 alio
1223 2839 1508 2917 tempore
1563 2854 1759 2919 qnam
1822 2854 1968 2899 cum
2038 2834 2256 2900 futuro
2302 2838 2685 2922 coniungere

298 2947 612 3028 poterant.
705 2939 830 3006 Sed
877 2941 1176 3024 quoniam
1222 2938 1391 3004 idem
1442 2940 1714 3005 verbum
1762 2940 2030 3004 subinde
2077 2938 2398 3028 signifieat
2444 2940 2687 3026 aliquid

297 3053 367 3112 de
400 3071 464 3113 se
496 3050 772 3138 profiteri
809 3053 873 3112 et
913 3051 1139 3130 suapte
1180 3055 1451 3130 natura,
1491 3066 1569 3111 ea
1617 3048 1684 3111 vi
1728 3046 2088 3131 praeditum
2113 3094 2129 3123 ,
2183 3046 2309 3113 diei
2357 3054 2563 3132 potest
2608 3048 2688 3114 de

295 3174 362 3220 re
423 3154 737 3240 praesenti
810 3172 1058 3237 quoque
1127 3171 1199 3216 ae
1271 3153 1645 3235 praeterita,
1719 3158 1784 3216 et
1853 3155 2003 3237 quia
2071 3151 2551 3230 συλλαμβάνειν
2618 3177 2679 3218 τι
2725 3238 2729 3242 ‚

298 3259 616 3349 signifieat
697 3266 886 3322 mente
962 3256 1202 3342 aliqoeid
1265 3258 1744 3339 comprehendere
1759 3304 1776 3334 ‚
1840 3258 2190 3342 intelbeyere
2209 3306 2224 3335 ,
2297 3253 2489 3347 longe
2559 3260 2685 3327 alio

299 3387 486 3433 sensu
549 3367 707 3432 haee
768 3365 940 3431 dieta
998 3383 1132 3429 esse
1189 3369 1539 3448 potuerunt
1600 3384 1793 3449 quam
1844 3366 2057 3429 visum
2108 3371 2205 3431 est
2251 3365 2499 3439 editori,
2598 3366 2689 3432 Ut

299 3483 517 3542 antem
588 3473 942 3552 ὑπίσχομαι
1023 3474 1363 3555 usurparet
1423 3490 1537 3555 pro
1600 3472 1933 3536 usitatiore
1994 3470 2441 3552 ὑπισχνοῦμαι,
2501 3494 2690 3540 eausa

299 3582 495 3646 fuisse
555 3584 764 3666 potest
827 3577 1088 3664 parodia
1148 3581 1262 3642 aut
1323 3576 1826 3664 paratragoedia.
1893 3576 2289 3666 Aeschylum
2354 3600 2429 3648 ea
2483 3579 2690 3653 forma

302 3708 493 3754 usum
541 3707 676 3753 esse
720 3687 860 3772 ipse
904 3683 1111 3751 editor
1156 3684 1430 3750 monuit.

392 3905 869 3970 Amswot’nms
936 3898 1166 3985 fragm.
1236 3894 1386 3962 619.
1460 3893 1746 3964 Galenus
1810 3897 1892 3985 (V
1955 3897 2087 3964 528
2154 3898 2327 3983 Bas.)
2388 3897 2467 3965 de
2538 3918 2693 3965 voee

303 4008 506 4089 λορδός
579 4027 799 4096 agens:
871 4004 976 4070 καὶ
1046 4002 1225 4084 παρὰ
1287 4011 1414 4076 τοῖς
1479 4012 1767 4081 κωμικοῖς
1828 4003 1890 4070 δὲ
1955 4007 2042 4071 τὰ
2103 4002 2539 4085 προπινόμενα
2585 4008 2694 4070 τοῦ

303 4117 628 4194 σώματος,
700 4116 777 4186 ὥς
840 4113 926 4183 εἰς
993 4109 1268 4187 ἐμβολὴν
1334 4110 1834 4191 παρεσκευάσθαι
1898 4109 2138 4189 λέγων,
2224 4111 2435 4177 καθότι
2500 4110 2605 4177 καὶ
2666 4111 2694 4177 ὃ

305 4218 718 4304 ’Λρις-οΦοένης
767 4218 1067 4294 ἐδήλωσεν
1117 4212 1301 4280 εἰπών

579 4332 774 4406 χωρεῖ
809 4324 899 4390 ’πὶ
948 4326 1339 4404 γραμμὴν
1386 4321 1592 4402 λορδὸς
1639 4325 1718 4396 ὠς
1765 4325 1884 4397 εἷς
1934 4323 2333 4403 ἐμβολήν.

307 4433 532 4502 Editor
582 4430 780 4520 „quid
825 4429 1097 4515 γραμμή
1146 4431 1234 4494 sit
1281 4426 1552 4495 neseio.”
