3192 5017
1358 311 1604 358 sarman
2553 286 2682 355 419

288 478 557 545 rendum
619 479 787 546 unde
844 502 1165 570 emergere
1226 487 1425 569 possit
1486 487 1699 569 ipsum
1766 483 2070 565 verbum,
2121 503 2244 567 quo
2292 484 2473 548 nobis
2523 504 2679 569 opus

289 594 404 651 est.
500 586 744 672 Ecquid
808 591 980 653 enim
1042 590 1295 656 facilius
1341 598 1441 655 est
1488 613 1716 676 quam,
1764 591 2104 656 admodum
2161 589 2498 675 paululum
2548 592 2678 654 im·

287 697 541 758 mutata
584 714 737 760 voce
781 697 1161 775 ἑτοίμων,
1210 701 1274 761 in
1323 719 1447 782 qua
1495 719 1713 762 omnes
1761 699 2057 775 haerent,
2109 718 2438 782 reponere:

833 804 951 867 οὐδ’
1003 804 1376 877 ἑτόΛμων
1425 814 1816 883 παρακαλεῖν
1865 806 2107 876 αὐτούς.

380 903 614 971 Totum
665 906 878 973 locum
927 913 1225 975 verterim
1276 913 1343 974 in
1390 912 1558 974 hunc
1609 912 1735 976 fere
1784 912 2080 976 modum:

382 1014 517 1089 „Ac
565 1034 717 1099 pace
759 1016 1014 1101 quidem
1069 1018 1503 1103 (optimatium
1556 1017 1858 1082 factiones
1905 1016 2411 1102 populorumque
2452 1015 2670 1100 duces)

287 1122 487 1183 socios
557 1142 703 1186 suos
770 1141 1077 1187 arcessere
1145 1145 1224 1188 ne
1286 1126 1575 1187 animum
1640 1124 1893 1207 quidem
1960 1125 2378 1202 inducebant,
2440 1122 2673 1206 quippe

287 1228 400 1310 qui
463 1225 710 1291 nullam
774 1228 1065 1293 idoneam
1126 1250 1380 1294 causam
1429 1233 1782 1316 potuissent
1829 1232 2231 1315 praetendere
2281 1251 2392 1295 cur
2436 1232 2530 1294 ita
2577 1230 2671 1291 fa-

287 1337 530 1411 cerent;
594 1333 763 1399 bello
827 1356 974 1400 vero
1038 1344 1280 1409 coorto,
1347 1357 1493 1400 cum
1560 1357 1778 1401 omnes
1836 1338 1963 1402 fere
2027 1335 2330 1403 Graeciae
2377 1338 2671 1401 civitates

287 1444 398 1503 aut
461 1439 539 1503 ad
602 1440 1018 1506 Athenienses
1077 1450 1188 1507 aut
1253 1444 1328 1507 ad
1394 1442 1927 1509 Lacedaemonios
1976 1466 2042 1509 se
2089 1444 2513 1528 applicarent,
2562 1459 2670 1504 no-

287 1565 514 1610 varum
565 1567 774 1610 reruni
832 1549 1079 1632 cupidis
1127 1570 1387 1613 suorum
1438 1550 1934 1614 invocandorum
1988 1550 2202 1636 ampla
2250 1550 2518 1614 dabatur
2565 1567 2669 1612 oc·

287 1654 474 1716 casio.
527 1652 807 1731 Quorum
859 1653 1099 1719 auxilio
1146 1677 1217 1721 eo
1269 1658 1483 1720 animo
1529 1658 1710 1720 usuri
1756 1664 1934 1720 erant
1980 1661 2054 1720 ut
2100 1658 2410 1741 oppressis
2453 1654 2672 1719 adver·

284 1759 468 1823 sariis
515 1761 775 1825 sibimet
821 1763 978 1846 ipsis
1024 1763 1372 1845 potentiam
1425 1762 1915 1846 compararent”.

375 2021 574 2087 Thuc.
629 2022 660 2086 I
706 2044 758 2087 c.
815 2020 982 2088 134:

378 2127 723 2205 αἱσθόμενοί
792 2153 862 2192 τε
936 2129 1260 2208 ἐξάγουσιν
1324 2130 1392 2191 ἐκ
1452 2135 1558 2192 τοῦ
1623 2130 1777 2207 ἱεροῦ
1845 2128 1933 2193 ἔτι
2002 2127 2264 2205 ἔμπνουν
2324 2129 2471 2193 ὄντα
2537 2130 2665 2214 (τὸν

285 2235 673 2321 Παυσανίαν)
726 2236 829 2298 καὶ
882 2233 1170 2314 ἐξαχθεὶς
1218 2236 1488 2300 ἀπέθανε
1536 2242 1951 2313 παραχρῆμα.
2006 2235 2112 2298 καὶ
2166 2237 2353 2301 αὐτὸν
2403 2235 2666 2312 ἐμέλλη·

284 2364 403 2404 σαν
452 2344 564 2419 μὲν
614 2342 671 2412 ἐς
714 2342 817 2405 τὸν
857 2341 1179 2417 Καιάδαν,
1230 2338 1473 2421 οὗπερ
1521 2343 1705 2413 τοὺς
1757 2344 2297 2425 κακούργους,
2350 2342 2665 2420 ἐμβάλ-

284 2460 491 2511 λειν·
544 2446 764 2511 ἔπειτα
813 2447 976 2525 ἔδοξε
1025 2449 1280 2519 πλησίον
1330 2471 1444 2511 που
1494 2447 1846 2525 κατορύξαι.

374 2552 571 2619 Recte
610 2553 1074 2618 Herwerdenus
1119 2573 1229 2637 pro
1271 2550 1450 2628 οὗπερ
1489 2556 1550 2616 in
1592 2552 1815 2617 Attico
1854 2554 2155 2636 scriptore
2196 2556 2461 2637 requirit
2498 2548 2664 2632 οἷπερ

280 2659 580 2744 idemque
629 2661 996 2737 ἐμβάλλειν
1048 2662 1104 2729 ἐς
1153 2679 1263 2744 pro
1312 2657 1662 2736 ἐσβάλλειν
1714 2663 1773 2728 ἐς
1825 2658 2312 2744 Thucydideum
2358 2680 2489 2724 esse
2527 2662 2664 2723 iure

278 2772 489 2853 negat.
542 2766 764 2832 Nihilo
814 2770 1027 2830 minus
1074 2773 1290 2830 tamen
1338 2767 1512 2829 omni
1560 2766 2000 2829 emendatione
2040 2766 2222 2829 nobis
2260 2765 2665 2850 superseden-

277 2871 436 2936 dum
487 2893 619 2937 esse
666 2872 1021 2937 luculenter
1066 2872 1341 2937 ostendit
1388 2870 1690 2935 notabilis
1740 2871 2049 2954 quaedam
2099 2870 2216 2935 hoc
2263 2874 2328 2933 in
2377 2871 2514 2934 loco
2555 2890 2663 2954 op-

275 2980 586 3043 timorum
636 2978 942 3043 librorum
993 2979 1431 3063 discrepantia.
1528 2977 1812 3056 Quorum
1856 2980 2064 3041 varias
2103 2977 2400 3042 lectiones
2439 2995 2661 3060 operae

273 3086 551 3168 pretium
603 3090 700 3148 est
747 3085 1138 3149 considerare
1182 3084 1373 3169 paulo
1418 3083 1742 3148 attentius.

618 3191 719 3252 καὶ
771 3191 953 3254 αὑτὸν
1006 3191 1359 3263 ἐμέλλησαν
1408 3190 1520 3265 μὲν

1911 3293 2120 3337 εἰώθεισαν
2223 3297 2251 3323 ⁰

382 3353 570 3416 Vct-ic.
622 3355 680 3425 ἐς
732 3351 832 3417 τὸν
880 3362 952 3417 Κ.
1004 3350 1183 3431 οὗπερ
1232 3355 1367 3421 τοὺς
1423 3354 1794 3429 κακούργους
1847 3354 2200 3430 ἐμβάλλειν

369 3461 555 3523 Laur.
631 3508 665 3537 „
768 3508 801 3536 „
904 3509 936 3536 ‚,
1063 3508 1091 3534 „
1290 3508 1321 3535 „
1565 3508 1597 3535 ,‚
1856 3460 2197 3534 ἐσβάλλειν
2245 3461 2481 3524 εἰώθασι

370 3570 518 3648 Any.
634 3616 666 3643 „
770 3616 803 3644 ‚,
906 3616 938 3643 ‚,
1064 3615 1096 3642 ,‚
1289 3614 1322 3641 ‚,
1566 3614 1600 3641 „
1853 3566 2134 3629 εἰώθεσαν
2184 3566 2538 3643 ἐμβάλλειν

369 3672 768 3737 londinensis
813 3674 976 3738 nihil
1024 3673 1293 3755 melius,
1342 3674 1465 3735 nisi
1513 3672 1679 3756 quod
1726 3675 1790 3735 in
1841 3694 1912 3738 eo
1960 3673 2173 3739 codice
2212 3695 2400 3759 supra
2436 3696 2654 3741 vocem

277 3780 561 3845 Καιάδαν
608 3783 1001 3845 tenuissimis
1052 3778 1324 3844 literulis
1372 3785 1702 3843 exaratum
1754 3779 1922 3843 vidi:
1976 3779 2199 3856 »τόπος
2259 3782 2318 3853 ἐς
2362 3779 2423 3845 ὃν
2464 3784 2658 3862 ἐρρίπ·

276 3908 448 3950 τοντο
495 3888 543 3949 οἱ
594 3887 973 3963 κακοῦργοι”.

366 3992 585 4076 Poppo
658 3994 973 4075 ceterique
1044 3992 1313 4057 editores
1390 3993 1647 4055 verbum
1727 3993 2008 4056 εἰώθεσαν
2083 3993 2413 4077 (εἰώθασι),
2487 3999 2655 4081 quod

277 4104 480 4162 totam
529 4101 904 4162 sententiam
956 4100 1294 4181 pervertit,
1347 4099 1538 4161 tacite
1586 4099 1868 4161 eiiciunt.
1942 4098 2082 4162 Non
2124 4099 2402 4186 ambigo.
2475 4101 2656 4170 Unde

275 4209 494 4268 tamen
557 4212 764 4267 ortum
828 4204 1124 4287 putidum
1193 4202 1363 4267 istud
1428 4200 1753 4266 εἰώθεσανῗ
1800 4204 1959 4267 forte
2007 4212 2266 4288 quaerat
2313 4208 2654 4291 quispiam.

275 4311 489 4375 Facile
558 4311 674 4374 hoc
744 4312 1005 4393 reperiri
1074 4316 1280 4393 potest
1352 4309 1689 4396 cogitando
1752 4310 1905 4393 quid
1970 4312 2276 4395 scriptum
2339 4312 2531 4379 fuerit
2591 4320 2656 4381 in

279 4417 625 4502 archetypo
644 4466 660 4501 ‚
708 4436 969 4502 nempe:
