3192 5017
599 269 732 333 268
1610 290 1969 338 nummum.

693 458 808 524 Vs.
859 458 1026 525 909:

1055 570 1224 645 ἡμᾶς
1270 567 1332 632 δὲ
1379 568 1700 648 μακαρίως
1749 568 1899 645 μέν,
1950 566 2189 641 ἀθλίως
2238 569 2291 634 δ’
2339 571 2368 633 ἐ
2384 571 2521 646 μοι’

1048 680 1279 753 Ἑρμῆς
1328 672 1511 739 ἔδωκε
1561 674 1750 754 πατρὶ
1797 678 1882 755 σῷ
1929 674 2172 755 σώζειν,
2220 676 2350 741 κτὲ.

598 777 777 845 Haec
837 777 1122 845 Helenae
1183 780 1264 845 ad
1309 778 1647 847 Theonoen
1692 781 1886 847 verba
1930 780 2293 868 intelligam
2312 831 2331 861 ,
2380 784 2435 847 si
2483 803 2736 848 meeum
2784 784 2949 866 scrip·

597 883 789 951 seris:
838 882 1075 957 α’θλίως
1117 883 1173 949 δ’
1223 881 1413 964 ἅμα.

693 1100 963 1168 Mirifice
1012 1100 1278 1189 languet
1325 1103 1733 1186 participium
1787 1102 2094 1180 ἡγουμένη
2144 1123 2219 1169 vs
2268 1101 2435 1167 919:

1009 1209 1060 1273 εἲ
1110 1206 1167 1273 δ’
1217 1204 1369 1273 οὖσα
1415 1206 1641 1283 μάντις
1692 1207 1796 1271 καὶ
1845 1209 1930 1273 τοὶ
1979 1209 2101 1272 &er
2148 1208 2555 1288 ἡγουμένη

1009 1319 1078 1380 τὸ
1125 1315 1239 1391 μὲν
1287 1315 1513 1379 δίκαιον
1560 1319 1667 1378 τοῦ
1718 1315 1949 1392 πατρὸς
1998 1316 2343 1394 διαφθερεῖς
2368 1365 2383 1389 ,
2434 1316 2565 1381 κτὲ.

581 1423 838 1488 ‘Parum
905 1426 1001 1487 est
1064 1420 1270 1485 dicere
1328 1419 1662 1485 Theonoen
1714 1418 2019 1498 ἡγεῖσθαι
2066 1422 2151 1486 τὰ
2199 1419 2345 1487 θεῖα
2374 1472 2388 1495 ,
2439 1443 2585 1486 nam
2630 1441 2759 1486 non
2804 1425 2955 1487 vates

603 1536 852 1595 tantum
913 1528 1033 1592 hoc
1093 1527 1364 1603 faciunt,
1430 1526 1539 1592 sed
1600 1527 1848 1592 scelesti
1910 1528 2201 1593 homines
2252 1531 2478 1602 etiam,
2532 1529 2756 1604 καίπερ
2802 1528 2954 1606 φρίσ·

600 1658 803 1703 σοντες
865 1635 1037 1699 κατὰ
1101 1637 1205 1697 τὸν
1264 1631 1444 1711 ἅγιον
1492 1633 1811 1710 Ἰάκωβον.
1907 1633 2032 1699 Sed
2076 1642 2210 1700 erat
2258 1634 2371 1700 illa
2418 1636 2503 1698 τα
2548 1633 2674 1698 θεῖ’
2725 1634 2953 1698 αἷδου-

601 1740 818 1819 μένῃ.
912 1740 1054 1805 Hoc
1102 1742 1191 1823 pii
1240 1739 1531 1804 homines
1578 1739 1855 1816 faciunt,
1904 1742 2092 1825 impii
2137 1761 2262 1806 non
2307 1741 2570 1806 faciunt.

689 1952 917 2037 Nescio
961 1953 1272 2038 quomodo
1317 1954 1591 2019 editores
1638 1957 1951 2039 patienter
1997 1956 2284 2022 tulerunt
2329 1978 2423 2023 vs.
2470 1955 2635 2021 948:

1046 2062 1169 2140 ἐγὼ
1219 2062 1320 2125 σὸν
1368 2059 1496 2125 οὔτ’
1541 2059 1621 2125 ἂν
1668 2070 2035 2139 προσπεσεῖν
2080 2063 2304 2136 τ’λαίην
2353 2061 2503 2139 γόνυ

1055 2165 1183 2231 οὔτ’
1237 2165 1312 2232 ἂν
1364 2165 1769 2245 δακρῦσαι
1819 2167 2146 2247 βλέφαρα.

602 2274 771 2356 Quid
816 2273 1242 2360 reponendum
1294 2270 1425 2339 est?
1473 2271 1734 2338 Contuli
1780 2273 2010 2340 Electr.
2068 2273 2275 2339 1349:
2323 2274 2643 2353 βλέφαρον
2678 2272 2953 2354 τέγγουσ’

597 2380 875 2455 ἁπαλόν,
949 2379 1092 2465 Iph.
1162 2378 1352 2445 Taur.
1418 2377 1579 2444 833:
1656 2378 1798 2457 γόος
1862 2380 1955 2451 τὸ,
1996 2381 2098 2446 σὸν
2157 2381 2370 2462 νοτίζει
2433 2381 2796 2467 βλέφαρον,
2839 2381 2953 2465 Iph.

598 2486 751 2553 Aul.
819 2486 986 2551 497:
1051 2485 1127 2549 σὺ
1191 2484 1241 2549 δ’
1305 2483 1487 2562 ὄμμα
1552 2489 1794 2549 παῦσαι
1844 2486 2120 2564 δακρύοις
2171 2486 2419 2564 τέγγων
2465 2488 2533 2553 τὸ
2581 2488 2688 2552 σόν
2735 2495 2800 2554 et
2839 2486 2951 2571 Iph.

594 2591 743 2659 Aul.
813 2590 1025 2658 1434:
1090 2590 1368 2671 δακρύοις
1433 2591 1689 2669 τέγγεις
1753 2590 1933 2671 κόρας
1995 2594 2212 2677 itaque
2258 2594 2671 2659 commendo:
2722 2591 2851 2661 οὔτ’
2895 2591 2953 2656 ἂν

595 2698 871 2763 διὶναι
919 2696 1246 2778 βλέφαρα.

683 2914 959 2981 Adstans
1028 2914 1108 2980 ad
1181 2914 1395 2979 Protei
1467 2912 1830 2998 sepulcrum
1852 2961 1868 2990 ,
1939 2913 2272 2980 Menelaus
2339 2914 2715 2982 defunctum
2762 2935 2951 3005 regem

594 3019 978 3107 alloquitur:
1043 3018 1275 3096 λέξαι
1335 3018 1478 3085 τάδ’
1538 3018 1711 3099 ἀμφὶ
1773 3027 1995 3097 μνῆμα
2058 3025 2165 3085 σοῦ
2231 3023 2458 3099 πατρὸς
2526 3022 2778 3101 ποθῶ,
2828 3042 2951 3088 nam

592 3127 748 3193 haee
813 3136 910 3193 est
973 3148 1065 3192 vs.
1126 3125 1253 3191 961
1322 3124 1715 3192 Weckleinii
1778 3128 2126 3211 scriptura,
2190 3148 2380 3212 quam
2449 3150 2568 3217 ego
2614 3152 2859 3217 quoque
2898 3131 2947 3191 in

592 3232 884 3321 margine
929 3232 1320 3298 adnotaram.
1414 3231 1661 3297 Deinde
1707 3238 1849 3317 post
1895 3252 2095 3317 pauca
2141 3255 2250 3299 rex
2296 3237 2390 3300 ita
2433 3234 2748 3320 loquitur:

1091 3339 1243 3404 ἀλλ’
1289 3339 1392 3415 ἥδε
1439 3338 1684 3416 πατέρα
1732 3336 1937 3416 νέρθεν
1986 3339 2488 3415 ἀνακαλούμενον

1089 3448 1196 3511 οὐκ
1242 3443 1487 3520 ἀξιώσει
1532 3443 1636 3510 τὸν
1685 3444 1820 3521 πρὶν
1867 3445 2270 3513 εὐκλεέςατον

1094 3557 1294 3622 κακῶς
1343 3552 1641 3617 οἰκοῦσαι·
1693 3550 1870 3629 κυρία
1917 3551 2046 3631 γάρ
2094 3551 2182 3620 ἐςι
2232 3557 2383 3616 νῦν.

592 3659 734 3726 Non
783 3657 916 3724 filia
965 3656 1259 3724 Theonoe
1280 3706 1298 3740 ,
1347 3657 1456 3723 sed
1504 3656 1675 3723 filius
1723 3656 2232 3744 Theoclymenus
2277 3661 2445 3744 patri
2489 3661 2555 3723 in
2603 3680 2798 3748 regno
2835 3678 2946 3724 suo·

590 3768 778 3832 cessit
816 3767 1032 3850 itaque
1077 3764 1514 3830 scribendum:
1566 3763 1743 3843 κυρία
1789 3763 1915 3845 γάρ
1965 3765 2053 3833 ἐςι
2103 3766 2262 3845 νῷν.
2321 3763 2613 3832 Theonoe
2659 3765 2942 3832 Helenam

591 3893 740 3938 cum
802 3873 1034 3936 marito
1099 3891 1347 3937 servare
1410 3872 1678 3956 poterit,
1746 3870 2092 3937 dummodo
2153 3871 2409 3938 fratrem
2472 3872 2635 3938 celet
2696 3869 2943 3939 Menelai

591 3979 935 4045 adventum
984 3977 1050 4041 in
1100 3977 1504 4066 Aegyptum.

682 4190 940 4256 Miseria
1001 4211 1245 4258 morem
1305 4192 1474 4279 gerit
1509 4191 1830 4265 ‚Theonoe
1894 4216 1985 4259 vs.
2042 4193 2256 4262 1017:
2301 4196 2378 4265 ὥς
2426 4191 2526 4260 οὖν
2573 4194 2824 4275 περαίνω
2866 4188 2938 4267 μῆ

590 4296 874 4379 μακράν,
925 4298 1285 4376 σιγήσομαι.
1380 4296 1627 4364 Deinde
1674 4299 1854 4365 brevi
1900 4306 2077 4385 post,
2128 4322 2222 4365 vs.
2283 4299 2459 4366 1023
2506 4303 2739 4368 iterum
2777 4297 2937 4364 habe-

590 4424 737 4470 mus
784 4403 947 4469 illud
995 4405 1372 4482 σιγήσομαι·
