3192 5017
558 258 688 329 276
1568 281 1938 329 Euaimon.

554 436 756 518 sione'
775 454 1185 529 remansisse,
1236 474 1396 538 quae
1445 458 1588 518 ante
1637 451 1969 537 lacunam,
2018 474 2093 520 ex
2145 454 2364 532 altera,
2409 476 2573 540 quae
2615 460 2761 539 post
2800 472 2929 518 eam

551 559 910 647 leguntur.''
956 558 1053 624 De
1099 558 1461 624 fabularum
1511 561 2157 625 contaminationibus
2202 562 2390 627 hodie
2436 561 2701 626 fortasse
2752 556 2932 645 paulo

555 665 849 730 fidentius
897 668 1310 750 pronunciare
1356 668 1750 751 poterimus,
1803 685 1995 749 quam
2043 665 2368 733 Boeckhio
2408 666 2612 732 licuit.
2667 665 2741 731 Id
2779 678 2938 731 certe

552 773 783 848 miror,
852 771 1019 855 quod
1085 770 1516 837 Weckleinius
1561 768 2004 835 difficultatem
2054 792 2244 857 quam
2294 773 2617 846 indicavi,
2671 775 2787 837 vix
2835 791 2938 835 ex-

555 885 758 943 tremo
805 878 1012 965 digito
1061 877 1297 964 tetigit.
1393 876 1600 941 Video
1650 876 1908 962 quidem
1960 898 2108 943 eum
2158 878 2237 944 ad
2289 876 2519 945 Cadmi
2570 898 2809 963 poenas
2856 875 2940 940 nil

551 984 678 1051 tale
740 987 950 1050 meriti
1013 987 1323 1069 respicere
1383 1004 1442 1068 p.
1507 984 1612 1059 11,
1675 983 1785 1047 sed
1850 983 2018 1068 quod
2064 983 2286 1050 laudat
2333 1006 2430 1051 vs.
2482 982 2698 1050 1348:
2750 984 2938 1063 ὀργὰς

552 1090 771 1170 πρέπει
818 1089 999 1161 θεοὺς
1046 1091 1167 1168 οὐχ
1208 1086 1566 1164 ὁμοιοῦσθαι
1608 1089 1879 1168 βροτοῖς,
1926 1109 2051 1155 non
2093 1092 2304 1177 magis
2347 1094 2727 1176 coportinet
2750 1110 2940 1176 quam

550 1197 715 1283 quod
763 1218 841 1263 ex
887 1195 1355 1284 Nagelsbachio
1402 1196 1625 1260 attulit
1674 1196 1805 1275 περὶ
1832 1193 2024 1261 θείου
2074 1196 2297 1273 νόμου,
2344 1197 2534 1283 krafft
2580 1199 2797 1261 dmm
2850 1196 2946 1259 die

554 1304 818 1368 Gottheit
872 1303 971 1365 ihr
1019 1302 1314 1388 Strasamt
1361 1302 1663 1365 versoaltet
1681 1350 1698 1385 ,
1746 1303 1857 1385 qui
1905 1306 2039 1366 tam
2087 1303 2359 1368 habetur
2404 1302 2941 1377 unverbrv'c'chlick,

547 1411 689 1474 daca
749 1414 836 1473 cie
890 1409 1018 1473 siclt
1078 1412 1185 1472 wie
1245 1430 1381 1471 man
1427 1408 1718 1470 antrimmt
1765 1409 1902 1471 cher
1949 1409 2320 1473 mischliessc
2339 1457 2356 1483 ,
2406 1414 2513 1472 mic
2561 1410 2693 1473 dem
2744 1410 2941 1473 Bam

548 1520 702 1580 auch
770 1517 885 1579 den
967 1513 1401 1595 Umchuldiqen
1469 1536 1544 1576 zu
1606 1514 1923 1577 verder-ben
1942 1561 1960 1595 ‚
2024 1537 2191 1578 wenn
2253 1516 2362 1578 dae
2431 1516 2722 1580 Geechick
2789 1516 2947 1580 dim

550 1622 757 1687 beiden
820 1622 887 1685 in
950 1624 1348 1684 untrennbare
1418 1619 1476 1684 V
1469 1621 1799 1701 erbinduny
1844 1621 2042 1701 brinyc
2102 1622 2196 1684 ale
2249 1622 2364 1684 den
2413 1623 2645 1686 sender-
2691 1646 2793 1685 τινα
2846 1622 2945 1685 dee

555 1730 753 1793 Guteu
797 1728 999 1792 millen
1042 1750 1115 1790 zu
1167 1726 1548 1808 bequadiyen.
1597 1724 1774 1791 Haec
1821 1729 2014 1791 verba
2062 1746 2133 1792 ac
2181 1747 2366 1794 voces
2414 1735 2565 1793 sunt
2603 1728 2717 1793 sed
2758 1749 2945 1794 sensu

552 1843 783 1901 carent.
879 1832 1122 1899 Deinde
1194 1836 1250 1897 si
1321 1832 1426 1898 vel
1488 1834 1769 1897 maxime
1830 1832 1925 1896 fas
1986 1832 2113 1896 {uit
2176 1834 2457 1900 insontes
2503 1832 2817 1919 plectere,
2871 1854 2945 1898 ns

551 1943 712 2007 forte
772 1942 947 2006 noxii
993 1959 1260 2025 poenam
1309 1937 1651 2027 effugiant,
1697 1938 1853 2023 quid
1900 1938 2019 2003 hoc
2066 1939 2145 2003 ad
2186 1936 2368 2005 rem?
2438 1939 2671 2007 Nonne
2713 1939 2944 2008 Cadmi

549 2046 718 2114 filiae
778 2049 846 2112 in
908 2045 1205 2112 exsilium
1269 2046 1375 2132 agi
1438 2051 1814 2129 potuerunt,
1865 2043 2021 2109 dum
2069 2050 2249 2130 pater
2293 2045 2615 2131 placidam
2667 2054 2943 2113 mortem

550 2158 917 2241 exspectans
1003 2153 1179 2218 domi
1249 2148 1550 2218 sedebat?
1638 2150 1760 2216 Illa
1828 2156 2234 2216 antrennbare
2313 2152 2696 2235 Verbinduny
2778 2175 2947 2220 nunc

550 2260 809 2346 quidem
860 2279 1171 2344 nusquam
1220 2263 1337 2322 est.
1391 2257 1536 2323 Nou
1583 2256 1793 2323 multo
1838 2256 2071 2323 melius
2118 2264 2213 2322 est
2262 2258 2430 2342 quod
2470 2261 2540 2324 in
2580 2259 2945 2326 Brittannia

548 2387 748 2452 nuper
794 2363 1125 2452 'Pyrr-ellus
1173 2362 1558 2448 disputavit:
1617 2363 1681 2427 Ic
1727 2386 1859 2448 may
1905 2365 1972 2426 be
2009 2364 2209 2441 asked,
2254 2365 2381 2447 why
2417 2369 2472 2429 is
2512 2366 2610 2430 the
2654 2367 2947 2447 heliceti-y

547 2474 816 2538 Kadmus
873 2468 1231 2554 punished?
1310 2467 1411 2532 We
1471 2491 1605 2551 may
1665 2490 1910 2545 amer,
1979 2470 2110 2532 that
2156 2469 2207 2533 ic
2254 2470 2311 2533 is
2360 2471 2458 2535 the
2502 2493 2645 2553 very
2670 2472 2830 2557 fact
2878 2488 2945 2557 ο]

546 2579 642 2644 his
691 2579 887 2663 belief
922 2576 1112 2643 which
1160 2575 1354 2639 makes
1401 2574 1520 2638 him
1567 2576 1665 2639 the
1710 2575 1891 2658 object
1937 2575 2017 2661 os
2041 2576 2422 2658 punishment
2472 2576 2540 2640 in
2578 2578 2679 2641 the
2717 2578 2947 2659 hiykeei

547 2708 733 2761 oense,
766 2686 891 2770 for
937 2684 1010 2747 he
1055 2686 1381 2763 recognitas
1424 2681 1692 2764 himeeff‚
1741 2685 1928 2761 owinq
1968 2688 2026 2744 to
2067 2680 2190 2744 thie
2230 2704 2368 2767 very
2407 2683 2614 2769 belief,
2656 2706 2727 2747 aa
2746 2684 2947 2768 jmdy

545 2792 824 2857 involved
867 2791 933 2854 in
980 2790 1078 2855 che
1103 2792 1507 2873 punishment.
1558 2786 1700 2852 Non
1744 2788 1954 2874 magis
1993 2786 2110 2852 hoo
2148 2786 2474 2876 intelligo,
2523 2809 2720 2873 quam
2746 2810 2946 2876 quum

549 2900 703 2964 tuba
774 2901 1158 2963 taratantara
1226 2889 1412 2958 dfxit.
1505 2891 1628 2958 Sed
1693 2898 1826 2958 tota
1887 2891 2198 2959 Boeckhii
2267 2893 2618 2978 disputatio
2683 2915 2944 2984 cognos-

546 3005 743 3071 cenda
785 3009 919 3080 est,
968 3022 1161 3087 quam
1211 2998 1380 3086 quod
1428 2998 1509 3064 ad
1555 3018 1879 3063 summam
1927 3000 2017 3064 rei
2067 2997 2122 3062 si
2170 2997 2446 3065 refutare
2494 3002 2643 3085 quis
2686 3004 2944 3088 poterit,

549 3130 825 3198 magnus
872 3111 930 3174 is
977 3105 1141 3173 mihi
1189 3108 1313 3171 erit
1358 3101 1613 3191 Apollo.

638 3326 745 3391 Vs·
800 3320 1008 3494 1833·st
1049 3427 1177 3506 γάρ
1225 3449 1308 3490 νιν
1353 3422 1500 3489 ὄντα
1552 3422 1757 3489 παῖδα
1800 3422 2120 3502 &nymph-5·
2166 3421 2236 3499 ἐξ
2285 3425 2439 3500 ἐμῆς
2463 3470 2480 3501 ’

915 3534 1202 3599 Διόνυσον
1252 3528 1313 3603 ὃς
1364 3529 1639 3612 πέφηνεν
1686 3525 2024 3608 ἀνθρώποις
2074 3525 2255 3608 θεός,

911 3638 1045 3705 ὅσον
1089 3635 1231 3703 καθ’
1285 3639 1452 3713 ἡμᾶς
1502 3635 1842 3701 δυνατὸν
1891 3632 2202 3711 αὔξεσθαι
2249 3635 2481 3714 μέγαν.

549 3749 780 3817 Cadmi
826 3745 940 3812 illa
988 3743 1181 3811 verba
1226 3749 1409 3817 sunt,
1458 3744 1570 3827 qui
1611 3741 1856 3806 scilicet
1893 3743 1962 3806 in
2001 3748 2285 3809 extrema
2323 3742 2542 3809 fabula
2582 3747 2931 3832 impietatis

548 3875 778 3942 poenas
840 3852 1050 3927 dabit3
1116 3849 1270 3915 adeo
1316 3848 1385 3914 id
1435 3849 1673 3933 ubique
1721 3868 1945 3912 verum
1996 3867 2129 3913 esse
2177 3856 2465 3936 apparet,
2524 3852 2698 3936 quod
2751 3872 2930 3938 supra

548 3964 626 4027 de
671 3958 1203 4026 contaminatione
1250 3954 1758 4041 disputavimus,
1807 3954 1916 4019 sed
1960 3954 2217 4019 δυνατὸν
2265 3955 2370 4021 hic
2416 3958 2613 4023 nimis
2662 3967 2761 4025 est
2808 3960 2928 4025 lan·

546 4066 842 4156 gnidum.
938 4062 1210 4150 Legitur
1254 4060 1512 4146 quidem
1558 4058 1698 4145 Iph.
1748 4058 1901 4124 Aul.
1953 4058 2081 4125 997
2133 4062 2267 4126 sine
2315 4063 2696 4148 cuiusquam
2746 4065 2925 4132 offen·

548 4176 723 4239 sione
768 4166 902 4234 ὅσον
948 4192 1025 4247 γε
1077 4165 1366 4249 δυνατόν,
1415 4164 1525 4230 sed
1570 4165 1679 4230 hio
1725 4163 1988 4230 malim:

1001 4271 1135 4343 ὅσον
1183 4271 1324 4338 καθ’
1377 4273 1542 4348 ἡμᾶς
1597 4269 1909 4346 δαίμον’
1960 4269 2273 4348 αὔξεσθαι
2318 4272 2549 4351 μέγαν.
