3192 5017
1220 327 1699 374 mmmmm.
2532 296 2663 369 397

368 497 562 577 1034,
616 498 725 565 31.

680 607 730 670 εἴ
779 608 831 671 δ’
881 605 1049 685 ἑτέρη
1099 604 1269 685 δήμῳ
1317 607 1544 684 ςυγερῆ
1595 604 1927 669 πελάσειεν
1973 604 2185 681 ἀνείη,

683 715 864 787 νηλὴς
913 714 1275 791 οὶνδροΕΛὴς
1325 712 1728 777 ἑπιλεύσεται
1775 710 1963 777 εἶσέτι
2014 711 2207 785 ποινή.

266 819 341 885 In
390 819 914 904 depravatissimo
962 817 1217 884 oraculo
1264 818 1525 883 fortasse
1570 839 1696 884 non
1739 821 1979 884 nimiae
2027 823 2123 884 est
2170 817 2470 883 audaciae
2518 839 2656 883 sus-

268 929 469 1011 picari
516 925 961 1013 corrigendum
1013 944 1190 990 esse:

682 1033 862 1106 νηλὴς
912 1030 1288 1110 ανδροΚΜῆς
1340 1032 1746 1097 ἐπελεύσεται
1796 1032 1982 1096 εἴσέτι
2033 1030 2228 1105 ποινή.

370 1276 565 1344 1048.
616 1278 688 1343 In
737 1278 906 1342 hunc
955 1278 1219 1343 modum
1269 1277 1739 1364 suppleverim:

546 1384 817 1450 Ἐπτιέκι
870 1384 1010 1457 τοὺς
1058 1383 1276 1449 ἑκατὸν
1324 1384 1552 1466 πήχεις
1604 1386 1689 1458 εἰς
1739 1390 1932 1461 μῆκος
1982 1388 2029 1467 [,
2079 1382 2348 1468 &ehad

546 1492 655 1566 τὴν
703 1489 827 1568 'lm
885 1490 1192 1569 κόσμησεν
1239 1492 1519 1569 ςρώματι
1568 1493 1652 1570 τῷ
1702 1491 1899 1568 λιθίνῳ

548 1594 889 1677 Ἐρμόλεως
941 1597 968 1661 ὅ
1017 1598 1263 1675 γυναικὶ
1324 1599 1432 1663 σὺν
1482 1598 1777 1677 Ἀνθούσῃ
1814 1596 2206 1682 μεθ[ανας·ιές

548 1703 838 1783 πατρίδος
890 1703 958 1780 ἐξ
1002 1705 1269 1782 Ἑρμοῦ,
1316 1706 1439 1769 υἱὸς
1487 1705 1515 1768 ὖ
1565 1706 1964 1781 ἘρμοΦίλου.

271 1811 441 1876 Nam
507 1830 546 1876 a
609 1808 731 1875 fine
795 1831 1014 1876 versus
1077 1814 1252 1876 tertii
1300 1810 1519 1896 procul
1570 1809 1764 1875 dubio
1809 1809 2203 1876 desideratur
2247 1810 2661 1895 participium

273 1919 688 2002 praeteritum
759 1916 938 1982 verbi
960 1967 978 1991 ,
1052 1917 1218 2002 quod
1288 1918 1548 1998 migrare
1615 1914 1952 2004 significat.
2047 1914 2272 2000 Neque
2319 1918 2386 1980 in
2433 1918 2667 1981 vitiosa

272 2024 658 2107 aspiratione
705 2022 1095 2089 haerendum
1141 2044 1277 2088 esse
1324 2023 1612 2089 arbitror.
1666 2023 1828 2088 Vide
1876 2021 1952 2086 ad
2002 2019 2156 2086 874.

375 2265 574 2341 1073,
632 2266 673 2355 3
719 2288 810 2353 sq.
859 2270 949 2334 sic
997 2269 1307 2335 scribendi
1358 2268 1694 2335 videntur:

745 2373 893 2455 δίψῃ
938 2376 1325 2455 τιρομένοισιν
1375 2378 1724 2454 μελιςαγὲς
1775 2378 2021 2454 ἤγαγεν
2070 2375 2218 2455 ὕδωρ

733 2482 871 2546 καί
917 2485 945 2562 ρ’
993 2483 1123 2547 ἀπ’
1170 2484 1532 2564 αἰμηχανίης
1582 2480 1713 2561 εὗρε
1763 2482 1936 2562 πόρον
1985 2479 2217 2567 ὕδασιν,

272 2608 387 2673 pro
451 2587 685 2654 tradito
750 2597 1060 2654 ΚΑΙΡΤΠ
1122 2610 1270 2654 cum
1333 2589 1676 2654 Boeckbio,
1773 2588 1954 2668 Quod
2020 2591 2189 2654 enim
2241 2588 2416 2655 dedit
2466 2591 2668 2655 editor

271 2694 414 2758 scal
470 2697 612 2757 τιν’
674 2697 1039 2776 ἀμηχανίῃ
1087 2695 1212 2760 κτὲ.
1263 2703 1509 2781 praeter
1555 2697 1934 2759 mutationis
1981 2698 2370 2782 gravitatem
2423 2694 2663 2780 duplici

273 2804 535 2866 nomine
582 2800 815 2865 falsum
871 2802 1032 2866 mihi
1081 2802 1354 2867 videtur.
1403 2800 1569 2866 Tum
1619 2802 2072 2886 expectabam:

556 2910 773 2971 καΡτα
825 2909 950 2993 [δέ]
997 2917 1109 2983 palu
1153 2917 1262 2972 κα]
1313 2905 1517 2980 ἔθηκεν
1568 2908 1669 2971 ἐπὶ
1719 2906 2039 2978 σκοπέλοις
2090 2906 2465 2987 κελαρύζειν,

275 3020 354 3078 ut
413 3013 719 3102 iungatur
780 3016 983 3094 κάρτα
1050 3015 1434 3095 κελαρύζειν,
1496 3035 1611 3098 pro
1668 3014 1901 3079 tradito
1953 3022 2411 3079 KAITAMEN
2466 3023 2669 3081 ΚΑΤ-

277 3119 488 3193 έθηκεν
552 3127 617 3185 et
681 3121 851 3187 edito
915 3122 1023 3185 καὶ
1084 3120 1237 3185 τάδε
1281 3122 1393 3195 μὲν
1445 3122 1817 3201 κατέθηκεν,
1865 3122 1931 3184 in
1979 3120 2213 3204 quibus
2261 3126 2394 3186 tam
2442 3121 2671 3187 vocula

279 3226 398 3303 μέν
445 3247 635 3312 quam
686 3228 950 3292 verbum
1001 3230 1425 3312 compositum
1476 3227 1805 3292 offensioni
1855 3231 2022 3290 sunt.

381 3467 576 3536 1076.
627 3471 889 3552 Μέμφις
939 3471 1042 3535 καὶ
1095 3471 1357 3541 Γέλασις
1412 3472 1685 3550 Χαρίτων
1730 3472 1973 3549 λουτρὸν
2020 3471 2106 3535 τό
2123 3472 2155 3536 δ
2173 3498 2200 3537 ε
2251 3472 2575 3549 τεῦξαν.

279 3576 713 3644 Numerorum
762 3599 950 3644 causa
995 3577 1411 3664 praetulerim
1460 3576 1618 3642 τόδ’
1665 3576 1944 3655 ἔτευξαν.

377 3807 571 3873 1081.
627 3810 760 3874 Οὔκ
810 3808 917 3874 ἴσα
974 3809 1164 3888 πατρὶ
1220 3807 1499 3873 παθόντα
1546 3808 1829 3888 κατέσχε
1880 3833 1962 3884 με
2018 3808 2207 3880 Ἰλιὰς
2259 3806 2373 3874 αἶα

624 3915 830 3979 ἀλκὰν
878 3915 1262 3980 Ἐλλαδικοὶν
1309 3915 1780 3992 κευθομένα
1833 3915 2119 3992 λαγόσιν.

279 4021 376 4087 De
438 4023 629 4088 Aiace
693 4019 1062 4086 Telamonio
1125 4024 1366 4106 optime
1415 4021 1528 4086 hos
1576 4043 1700 4086 vss.
1751 4024 2200 4105 interpretatus
2248 4030 2344 4086 est
2391 4030 2456 4088 et
2505 4030 2671 4088 recte

278 4127 646 4193 emendavit
710 4126 932 4191 editor.
1028 4125 1207 4206 Quod
1257 4133 1473 4191 autem
1523 4128 2011 4212 epigrammatis
2058 4134 2277 4191 auctor
2324 4128 2494 4193 dixit
2540 4154 2671 4193 κευ-

278 4232 507 4311 θομένα
575 4253 688 4318 pro
752 4232 1090 4308 κεύθουσα,
1159 4233 1221 4296 id
1271 4231 1489 4317 paullo
1536 4233 1820 4316 iniquius
1868 4237 1942 4296 ut
1989 4231 2231 4298 soloece
2278 4233 2525 4299 dictum
2576 4240 2673 4301 vi·

277 4342 624 4424 tuperavit.
689 4337 930 4403 Eodem
994 4338 1164 4402 enim
1214 4339 1349 4403 iure
1396 4336 1754 4403 soloecismi
1803 4357 1983 4402 reum
2036 4339 2246 4424 egeris
2293 4338 2668 4426 Sophoclem

276 4448 346 4512 in
392 4447 608 4512 Aiacis
657 4465 752 4517 vs.
805 4440 936 4510 633
983 4443 1253 4510 scribere
1304 4464 1567 4510 ausum:
