3192 5017
1279 301 1641 353 summm.
2520 279 2657 349 263

806 474 883 546 ὥς
931 474 997 539 οὐ
1045 474 1298 555 παρήσω
1344 476 1456 550 τὴν
1503 476 1657 554 ἐμὴν
1701 475 2045 557 τυραννίδα.

256 578 391 645 Sed
433 577 530 645 nil
576 577 706 646 tale
752 600 923 647 nunc
967 579 1267 646 Xuthum
1315 580 1529 661 decet,
1579 584 1694 666 qui
1737 602 1943 668 neque
1987 582 2244 649 vinctus
2300 578 2651 664 abripitur,

258 705 471 771 neque
531 684 600 751 in
660 686 912 752 obsessa
957 686 1116 753 urbe
1160 686 1451 753 hostibus
1492 689 1800 754 minatur.
1892 687 2029 754 Nec
2071 686 2285 774 magis
2328 683 2442 750 Ion
2487 682 2655 749 faces

262 791 608 876 admovet,
655 793 765 859 sed
807 812 1029 860 arcum
1077 792 1355 858 intendit
1400 796 1465 858 in
1514 795 1743 861 matris
1788 796 2131 870 maritum,
2182 812 2277 858 vs.
2328 789 2495 856 524:
2546 789 2654 855 οὐκ

265 898 641 977 ἀπαλλάξει
660 947 679 984 ,
725 898 862 981 πρὶν
909 895 1049 964 εἵσω
1095 895 1253 975 τόξα
1300 899 1646 977 πνευμόνων
1693 902 1959 979 λαβεῒνς
2005 898 2175 980 Quid
2219 897 2427 985 igitur
2470 894 2658 961 facie·

266 1001 459 1070 mus?
505 1002 1115 1091 Circumspiciemus
1135 1050 1151 1083 ‚
1198 1025 1352 1070 num
1404 1004 1566 1071 forte
1614 1005 1929 1072 laboranti
1971 1005 2111 1071 loco
2156 1004 2475 1090 possimus
2520 1019 2658 1065 suc-

268 1131 541 1178 currere.
612 1109 894 1177 Verbum
956 1115 1054 1176 est
1114 1100 1394 1190 mpakvaa
1415 1158 1432 1189 ,
1490 1111 1661 1197 quod
1723 1113 1892 1198 apud
1953 1108 2274 1179 Galenum
2319 1107 2657 1193 aliquoties

270 1217 630 1295 invenitur,
691 1237 772 1283 ex
830 1236 956 1302 quo
1001 1215 1469 1296 Buttmannus‚
1518 1217 1626 1283 vel
1669 1220 1886 1304 potius
1933 1216 2325 1300 Lobeckius,
2376 1211 2661 1280 enotavit
2800 1200 2804 1204 ’

269 1322 555 1405 τιτράναι
579 1372 596 1400 ,
661 1326 927 1403 τιτροῖσα
946 1371 962 1398 ,
1026 1320 1366 1403 τίσρασθαι
1428 1331 1494 1389 et
1541 1324 1854 1404 σΙτραται.
1947 1322 2143 1408 Apud
2188 1319 2462 1388 Dionem
2510 1316 2661 1386 Gas-

272 1431 447 1495 sium
508 1433 607 1495 est
651 1427 762 1494 69.
816 1427 928 1494 12:
977 1428 1398 1509 διασισράντες
1447 1427 1571 1495 ἄνω
1620 1430 1739 1503 τὰς
1787 1430 2109 1508 ὑπογείους
2156 1426 2347 1499 baeda.
2438 1424 2657 1492 Etiam

273 1535 444 1621 apud
492 1536 860 1621 Appianum
906 1536 1234 1603 iuvenitur
1276 1535 1540 1617 διετίσρη
1588 1544 1653 1602 et
1700 1537 2140 1615 οὲνατιτρῶντες
2191 1533 2295 1601 vel
2340 1533 2508 1618 quod
2543 1552 2658 1600 ve·

270 1641 442 1725 rius,
509 1639 976 1722 οὲνατιτροὶντες.
1067 1638 1253 1706 Alios
1300 1640 1471 1708 locos
1515 1641 1835 1708 Hauricus
1884 1639 2246 1727 Stephanus
2289 1638 2501 1722 dabit,
2550 1636 2660 1703 sed

273 1747 429 1814 haec
490 1749 629 1833 jam
697 1745 1025 1812 sufficiunt
1090 1746 1194 1813 ad.
1240 1747 1692 1814 stabiliendam
1757 1750 2213 1834 conjecturam:
2283 1752 2482 1810 κτεῖνε
2551 1743 2658 1808 καὶ

272 1876 314 1915 τ
331 1854 408 1917 10»-
424 1875 454 1932 ρ
472 1879 527 1928 η.
619 1852 716 1919 De
768 1852 1000 1918 horum
1046 1872 1350 1920 versuum
1399 1854 1885 1939 transpositione
1931 1851 2223 1918 Kockius
2269 1852 2435 1917 dixit
2483 1847 2659 1914 Veri·

275 1960 426 2025 sim.
473 1979 535 2044 p.
584 1956 720 2024 252
766 1977 861 2043 sq.

370 2166 480 2232 Vs.
530 2163 698 2236 615:

643 2269 786 2358 κᾷτ’
832 2271 870 2348 »3
919 2271 1166 2354 προδοὺς
1214 2272 1292 2339 σύ
1341 2274 1413 2352 μ’
1459 2275 1519 2346 ἐς
1567 2273 1868 2356 δάμαρτα
1914 2276 2025 2350 σὺν
2068 2273 2338 2356 βλέπῃς,

643 2379 677 2455 »3
728 2378 915 2456 τάμὰ
959 2381 1154 2457 τιμῶν
1200 2377 1378 2456 δῶμα
1425 2380 1810 2462 συγχέας
1861 2378 2075 2463 ἔχῃς.

279 2483 347 2550 Si
400 2487 555 2552 bene
601 2484 904 2564 memini,
950 2485 1056 2550 hic
1095 2487 1325 2552 unicus
1370 2485 1546 2554 locus
1593 2491 1725 2572 est,
1767 2487 1878 2552 ubi
1915 2488 1985 2553 τὸ
2023 2485 2394 2567 Σοφόκλειον
2434 2492 2664 2565 σχῆμα

279 2593 684 2676 conjunctivo
756 2592 946 2658 modo
1014 2597 1376 2677 usurpatur.
1469 2591 1745 2659 Etiamsi
1816 2591 1994 2658 locus
2051 2592 2473 2678 interpolatus
2537 2591 2621 2656 sit
2646 2639 2664 2673 ,

279 2719 402 2783 qua
450 2699 527 2765 de
567 2718 637 2765 re
672 2697 1176 2765 Herwerdenum
1217 2697 1366 2764 vide
1385 2746 1404 2782 ,
1444 2703 1662 2764 tamen
1698 2700 2120 2765 necessarium
2148 2700 2269 2765 erit
2293 2697 2664 2764 rescribere:

732 2805 769 2881 ἢ
815 2803 1002 2884 τοὲμα
1047 2806 1242 2883 τιμῶν
1288 2804 1465 2884 δῶμα
1511 2805 1646 2870 σὸν
1692 2806 1783 2871 σὺ
1829 2804 2217 2887 συγχέῃς.

371 3017 541 3085 Leve
583 3018 822 3083 vitium
872 3022 969 3082 est
1012 3037 1110 3084 vs.
1158 3011 1328 3080 803:

642 3123 967 3201 δέσποινα,
1014 3117 1522 3201 προδεδόμεσθα,
1569 3122 1709 3187 σὺν
1757 3123 1883 3203 γὰρ
1923 3121 2039 3187 σοὶ
2091 3126 2262 3187 νοσῶ.

286 3228 512 3296 Malim
558 3234 727 3295 certe
772 3227 1106 3314 equidem:
1155 3227 1278 3292 σο)
1326 3230 1456 3308 γὰρ
1503 3233 1875 3293 συννοσῶ.

372 3438 559 3514 Quod
603 3439 1013 3528 paedagogus
1058 3437 1284 3504 suadet
1327 3458 1424 3506 vs.
1471 3437 1642 3506 845:

830 3544 865 3620 ἢ
911 3543 1041 3624 γὰρ
1086 3542 1268 3625 ξίφος
1316 3542 1646 3623 λαβοῦσαν
1692 3547 1725 3621 »3
1777 3543 1931 3624 δόλῳ
1975 3546 2091 3611 τινὶ

827 3650 861 3727 »3
910 3649 1299 3733 φαρμάκοισι
1347 3649 1450 3716 σὸν
1497 3658 1907 3717 κατακτεῖναι
1953 3651 2130 3718 πόσιν
2148 3700 2167 3736 ,

281 3779 405 3825 non
453 3758 778 3845 triplicem
815 3757 926 3824 sed
967 3756 1290 3843 duplicem
1331 3758 1510 3825 viam
1549 3759 1764 3823 innuit
1802 3764 1869 3824 et
1905 3760 2280 3843 requiritur:
2324 3758 2429 3823 καὶ
2456 3765 2664 3840 Φαρμ.

372 3966 709 4035 Exclamat
753 3965 990 4035 Creusa
1033 3988 1129 4036 vs.
1178 3965 1349 4034 863:

819 4074 883 4140 τί
928 4074 1054 4155 γὰρ
1103 4073 1388 4152 ἐμπόδιον
1439 4075 1675 4150 κώλυμ’
1724 4073 1813 4139 ἔτι
1860 4098 2005 4153 μοις

826 4181 973 4262 πρὸς
1021 4180 1165 4246 τίν’
1211 4180 1407 4259 ἀγῶν’
1457 4178 1535 4246 ἂν
1582 4177 1884 4258 Semne&
1933 4181 2191 4268 ἀρεσῆςς

288 4290 395 4357 sed
442 4292 595 4375 quia
638 4289 704 4353 τί
746 4283 846 4354 οὖν
894 4286 1139 4375 legitur
1181 4287 1374 4354 Eum.
1424 4286 1578 4365 902,
1629 4285 1850 4374 Suppl.
1895 4285 2047 4365 306,
2090 4289 2259 4354 Pers.
2307 4286 2459 4375 787,
2499 4289 2671 4376 Sept.

287 4397 419 4463 218
463 4404 527 4463 et
576 4395 731 4479 704,
778 4394 949 4460 Phil.
1002 4392 1133 4459 100
1180 4399 1244 4459 et
1291 4393 1399 4460 Αἰ.
1450 4391 1609 4468 873.
1660 4392 1726 4459 vl
1763 4388 1947 4469 εἶπας
1988 4403 2208 4463 autem
2245 4395 2471 4464 Trach.
2502 4396 2674 4463 1203
