3192 5017
612 250 745 315 390
1558 264 2036 315 mamm-u.

699 435 871 524 208,
919 435 987 504 3.

971 542 1354 623 ἆρτιβίου
1404 543 1711 623 περάοντα
1760 547 1902 610 κατ’
1952 543 2186 611 εὐκλέα
2232 545 2456 625 θέσμια
2505 544 2685 622 δόξας

970 653 1193 730 ςυγνὸς
1240 648 1487 716 ἄπαιδα
1534 651 1736 729 δόμοις
1786 650 2217 732 dammim&
2265 653 2508 729 Ἀΐδης.

606 759 779 826 Bene
837 758 1044 824 editor
1102 760 1172 822 in
1217 758 1344 823 duo
1391 758 1703 825 vocabula
1750 757 2167 825 dividendum
2216 780 2354 825 esse
2400 763 2629 825 statuit
2676 758 2955 839 α’ρτιβίου,

602 865 712 932 sed
780 867 1155 954 genetivum
1223 863 1363 942 βίου
1435 885 1815 951 suspensum
1876 884 1914 929 a
1972 866 2283 947 περάοντα
2340 887 2561 932 vereor
2618 887 2699 932 ne
2757 865 2960 930 flustra

610 972 924 1038 defendat.
994 969 1293 1057 Suspicor
1338 968 1429 1051 ἄρ
1447 995 1525 1037 τι
1570 971 1664 1049 βΙ
1679 995 1707 1037 o
1726 996 1775 1037 ν.
1849 971 2167 1037 Similiter
2211 974 2324 1040 vix
2369 977 2539 1039 reete
2589 972 2782 1038 habet
2824 970 2962 1036 infre

603 1078 694 1155 b¹,
740 1098 836 1144 vs.
888 1075 975 1143 13
1024 1097 1116 1163 sq.

1920 1184 2069 1250 ἀλλ’
2119 1183 2267 1250 'Tar’
2316 1184 2542 1261 ὀλβίων

1060 1291 1332 1373 σφαλεὶς
1381 1291 1698 1373 μελάθρων
1744 1292 1968 1369 ςυγνὸν
2019 1284 2151 1365 ἦλθ’
2201 1292 2308 1356 ὑπ’
2357 1289 2576 1356 'Alam

605 1420 719 1486 pro
763 1401 879 1465 ἀπ’
927 1399 1174 1479 ὀλβίων.

696 1614 868 1693 212,
920 1615 983 1681 8.
1078 1618 1443 1688 Ἐς-ιαῒος
1490 1614 1798 1696 φθιμέναν
1845 1614 1986 1695 τῷδ’
2037 1614 2298 1689 ὑπέθηκε
2343 1612 2550 1696 τάφῳ.

605 1718 771 1788 Cum
820 1728 1006 1808 poeta
1050 1721 1524 1809 diphthongum
1576 1732 1659 1787 Al
1707 1724 1775 1786 in
1819 1724 2076 1786 nomine
2113 1723 2366 1807 proprio
2404 1723 2803 1806 corripuerit,
2844 1740 2964 1786 eon·

607 1834 979 1894 sentaneum
1041 1834 1136 1893 est
1182 1827 1496 1893 edendum
1546 1828 1741 1893 fuisse
1789 1833 2038 1893 mutato
2082 1833 2343 1894 aeoentu
2389 1828 2687 1899 Ἐςίαιος.
2779 1825 2961 1892 Huius

612 1935 994 2022 diphthongi
1061 1933 1228 2019 apud
1292 1937 1610 2019 sequiores
1655 1934 1775 2000 -hos
1822 1938 2173 2020 poetastros
2193 1984 2211 2008 ‚
2264 1935 2401 2001 sive
2448 1954 2560 2018 per
2604 1932 2880 2000 vocalem
2919 1940 2959 1996 Ε

609 2041 909 2107 scribitur
971 2044 1108 2107 sive
1169 2061 1281 2125 per
1333 2039 1581 2106 litteras
1630 2050 1713 2106 AI
1735 2089 1751 2118 ,
1802 2060 2056 2126 prorsus
2101 2042 2394 2126 ancipitis
2439 2060 2575 2106 esse
2620 2039 2962 2125 quantitatis

607 2146 891 2233 plurima
934 2149 1001 2212 in
1045 2147 1147 2212 his
1195 2145 1508 2232 relliquiis
1554 2146 1848 2232 exempla
1893 2146 2347 2213 demonstrant.

702 2359 868 2439 243,
926 2359 1031 2426 13.
1126 2368 1283 2432 τοῖος
1333 2359 1435 2425 καὶ
1488 2359 1662 2433 νέκυς
1711 2360 1787 2425 ὧν
1835 2366 2002 2426 κεῖσο
2051 2359 2271 2425 κατὰ
2317 2358 2642 2440 λεχέων.

605 2467 704 2532 Ne
751 2466 892 2551 quis
938 2467 1099 2533 forte
1146 2467 1399 2533 haereat
1438 2468 1504 2531 in
1544 2469 1844 2554 genetivo
1884 2486 1998 2551 pro
2038 2464 2425 2534 Accusativo
2468 2464 2697 2550 λέχεα,
2736 2484 2960 2532 monen-

607 2574 764 2639 dum
812 2580 908 2640 est
952 2572 1289 2639 mirificam
1341 2593 1604 2661 regnare
1651 2574 1820 2659 apud
1867 2593 2038 2638 seros
2084 2572 2199 2638 hos
2244 2571 2564 2639 versificos
2615 2576 2686 2638 in
2735 2590 2960 2658 praepo-

604 2681 909 2746 sitionum
961 2682 1273 2768 regimine
1318 2678 1774 2745 confusionem.
1866 2677 1975 2744 Sic
2022 2701 2084 2746 v.
2133 2699 2189 2745 o.
2240 2677 2402 2756 502,
2456 2677 2497 2743 9
2546 2678 2718 2743 κατὰ
2760 2674 2959 2756 raude

601 2794 700 2854 est
746 2788 812 2851 in
859 2794 1079 2852 ventre.
1131 2786 1317 2851 Alius
1362 2785 1648 2851 eiusdem
1698 2787 1949 2874 aetatis·
1972 2787 2041 2871 (i.
2092 2807 2145 2852 e.
2185 2784 2426 2852 saeculi
2463 2784 2526 2850 11
2565 2806 2628 2871 p.
2658 2782 2757 2871 O.)
2801 2788 2959 2870 poeta

603 2892 784 2981 (828,
843 2892 909 2978 7)
974 2893 1247 2959 seribere
1311 2913 1503 2957 ausus
1550 2898 1648 2957 est
1694 2892 1769 2956 δι’
1818 2891 2175 2972 ἐργατίναις
2224 2892 2626 2970 παλάμαισιν
2652 2940 2671 2978 ,
2718 2891 2872 2958 alius
2911 2908 2958 2952 a.

607 3000 737 3066 149
800 3021 861 3086 p.
930 2997 1003 3066 C.
1067 2998 1248 3084 (841,
1320 2999 1352 3063 1
1417 3004 1480 3065 et
1541 2997 1609 3082 3)
1670 2997 1780 3077 πρὸ
1845 2996 2079 3071 πύλαις
2138 3004 2203 3064 et
2250 2996 2364 3080 πρὸ
2414 2997 2716 3076 δόμοισιν,
2763 2997 2958 3062 tertius

606 3104 794 3192 (539)
841 3108 909 3171 in
956 3125 1187 3172 coaevo
1233 3105 1362 3170 fere
1410 3103 1604 3170 titulo
1649 3125 1743 3170 vs.
1797 3102 1838 3168 4
1888 3103 1996 3169 σὺν
2050 3104 2263 3185 ἡρώων.

694 3319 827 3386 268
848 3369 865 3397 ,
916 3318 981 3387 ’7.

824 3422 1004 3492 ὅσσαι
1054 3426 1179 3507 γὰρ
1227 3425 1437 3506 ψυχαὶ
1491 3427 1753 3511 [σεμνῶς
1803 3432 1859 3491 τ’
1908 3427 2240 3504 &recoctu-
2289 3425 2381 3510 τ’]
2431 3424 2721 3505 ἐβίωσαν.

601 3534 782 3600 Licet
845 3535 965 3600 hoo
1027 3540 1356 3619 poetarum
1414 3554 1620 3621 genus
1678 3531 1844 3597 nihil
1890 3553 2017 3598 non
2065 3532 2190 3598 sibi
2236 3534 2607 3618 permittere
2657 3532 2959 3605 videatur,

599 3661 725 3706 non
787 3646 1002 3706 tamen
1060 3640 1300 3704 indicta
1361 3659 1551 3704 eausa
1615 3637 1859 3727 singuli
1923 3638 2265 3704 damnandi
2328 3644 2478 3704 sunt
2501 3689 2517 3715 ‚
2570 3643 2645 3703 ut
2694 3638 2961 3704 arbitror.

597 3746 848 3832 Nempe
917 3748 1027 3831 qui
1096 3749 1165 3810 in
1234 3746 1354 3810 hoe
1418 3747 1886 3833 epigrammate
1945 3745 2192 3831 reliqua
2247 3746 2443 3830 probe
2489 3746 2784 3830 seripsit,
2831 3742 2965 3809 huic

599 3854 879 3918 tribuere
924 3850 1127 3918 nolim
1174 3872 1324 3917 oum
1373 3850 1613 3916 editore
1660 3850 2046 3919 vocabulum
2112 3853 2422 3937 pessimae
2486 3856 2674 3916 notae
2733 3850 2969 3929 &aasz

598 3979 712 4043 pro
764 3955 866 4044 εὖ,
916 3964 978 4023 et
1025 3959 1239 4043 potius
1287 3956 1750 4042 suppleverim:

867 4061 1047 4130 ὅσσαι
1095 4065 1221 4144 γὰρ
1268 4064 1480 4143 ψυχαὶ
1533 4064 1789 4148 [σεμνῶς
1840 4065 1891 4128 θ’
1939 4064 2207 4143 ἁγνῶς
2247 4064 2334 4150 τ’]
2386 4064 2680 4142 ἐβίωσαν.

691 4275 822 4343 312
913 4277 976 4340 4.

824 4327 1005 4464 *Luxia
1052 4383 1104 4448 δ’
1152 4384 1219 4447 ἐκ
1265 4384 1511 4465 κραδίης
1563 4384 1746 4466 spoia·
1797 4386 1857 4457 ἐς
1905 4384 2230 4468 αἴθερον
2277 4383 2510 4458 εἴκελος
2557 4383 2729 4471 αὔρῃ.
