3192 5017
1161 274 1661 326 nme-romine.
2467 257 2600 324 357

488 441 550 517 ὃς
601 445 969 512 οὐδεπώποτ’
1011 443 1218 525 εἶπεν,
1267 445 1573 529 ἄνθρακας
1624 449 1808 529 πρίω,

484 552 594 616 οὐκ
638 550 797 631 ὄξος,
849 555 958 620 οὐκ
1006 551 1244 632 ἔλαιον,
1293 554 1416 619 οὐδ’
1467 555 1592 636 ᾔδει
1641 556 1826 636 πρίω,

483 659 663 725 ἀλλ’
710 659 959 731 αὐτὸς
1007 657 1253 742 ἔφερε
1300 659 1576 726 πάντα
1625 663 1737 743 χώ
1784 661 2030 741 πρίων
2074 662 2310 733 ἀπῆν.

221 758 343 826 Hic
402 765 671 831 minime
734 766 1006 832 dubium
1063 772 1187 845 est,
1237 769 1392 851 quin
1438 765 1945 833 Acharnensinm
1993 765 2268 853 populus
2315 763 2596 851 intelligi

222 866 469 947 debeat,
534 873 788 937 etiamsi
850 894 947 939 vs.
999 870 1130 936 406
1200 871 1594 957 Dicaeopolis
1660 893 1726 938 se
1789 873 2121 947 Χολλείδην
2187 869 2589 957 profiteatur,

219 991 357 1038 nam
422 974 703 1042 hominis
748 977 1165 1043 claudicantis
1209 979 1386 1043 iocus
1432 984 1530 1042 est
1577 977 1656 1043 de
1701 998 1774 1044 eo
1819 999 2085 1065 genere,
2131 978 2297 1063 quod
2342 974 2593 1040 Aristo-

219 1079 446 1163 phanes
491 1102 678 1169 saepe
711 1089 979 1170 usurpat
1017 1103 1132 1150 nec
1168 1090 1384 1150 tamen
1422 1104 1673 1169 semper
1711 1084 2164 1168 interpretibus
2196 1081 2594 1148 intellectum

218 1182 354 1249 fnit.
445 1185 783 1254 Postrema
858 1195 1075 1254 antem
1137 1191 1332 1255 verba
1391 1210 1578 1254 sensu
1636 1194 1886 1266 carent3
1948 1195 2286 1275 postquam
2352 1186 2591 1252 bellum

217 1294 476 1371 exarsit,
529 1296 702 1382 agris
749 1297 1014 1361 vastatis
1033 1341 1050 1373 ,
1095 1294 1533 1360 Acharnenses
1571 1315 1686 1361 nec
1723 1296 2023 1362 carbones
2039 1342 2055 1371 ,
2099 1315 2300 1379 neque
2339 1300 2592 1358 acetum

217 1416 409 1482 neque
470 1398 688 1465 oleum
751 1398 976 1467 venale
1042 1399 1433 1476 habuerunt,
1500 1422 1616 1467 nec
1675 1414 1903 1467 norant
1965 1400 2129 1467 illud
2191 1400 2340 1480 πρίω
2359 1447 2377 1483 ,
2426 1396 2594 1482 quod

215 1504 725 1573 circumforaneis
767 1505 1226 1572 mercatoribus
1273 1506 1597 1591 hucusque
1645 1508 1713 1571 in
1759 1527 1864 1573 ore
1912 1508 2151 1583 fuerat,
2207 1526 2407 1590 quum
2457 1524 2594 1569 om-

150 1689 159 1697 ·
214 1629 317 1675 nes
384 1611 671 1677 hostium
738 1617 920 1677 metu
979 1612 1429 1677 concessissent
1490 1614 1558 1676 in
1621 1613 1881 1678 urbem:
1940 1613 2059 1678 hoc
2105 1610 2431 1697 intelligo;
2484 1607 2593 1673 sed

213 1734 393 1800 quam
461 1718 731 1784 absurde
791 1717 1082 1783 additur:
1151 1717 1305 1781 ἀλλ’
1367 1718 1554 1789 αὐτὸς
1614 1718 1795 1799 ἔφερε
1842 1719 2077 1784 πάντα.
2174 1717 2342 1798 Quid
2389 1717 2594 1803 igitur

213 1841 311 1886 eos
357 1824 723 1909 prohibuit,
776 1825 1119 1909 quominus
1167 1843 1408 1889 merces
1454 1845 1602 1889 suas
1651 1823 1905 1890 venales
1943 1823 2400 1890 extruderent?
2438 1820 2592 1885 Post

211 1924 659 2013 Spartanorum
710 1931 1107 1995 invasionem
1146 1929 1475 1994 arboribus
1515 1932 1744 1995 excisis
1763 1978 1782 2013 ‚
1822 1928 2123 1996 credibile
2161 1935 2259 1994 est
2299 1929 2587 1993 omnium

211 2054 416 2100 rernm
485 2037 694 2122 pretia
760 2035 1029 2100 adaucta
1096 2033 1310 2100 fuisse.
1408 2033 1533 2100 Sed
1596 2036 1913 2120 quomodo
1973 2034 2086 2101 ille
2143 2034 2330 2111 δῆμος
2378 2033 2592 2120 potuit

209 2140 417 2206 πάντα
477 2142 682 2223 φέρειν
703 2191 722 2226 ,
787 2161 988 2226 quum
1036 2138 1446 2226 Thucydides
1491 2141 1712 2208 doceat
1756 2140 2096 2228 Spartanos
2140 2139 2353 2222 χρόνον
2395 2137 2588 2205 πολὺν

212 2246 627 2323 ἐμμείναντας
675 2267 863 2336 agros
906 2242 1163 2323 τεμεῒνῗ
1208 2244 1498 2331 Denique
1544 2268 1737 2332 quam
1785 2247 2062 2314 stultum
2113 2254 2210 2314 est
2256 2249 2353 2330 χώ
2401 2246 2583 2327 πρίων

212 2353 404 2429 oin-31⁹⁹!
476 2352 874 2422 Mentionem
921 2375 1124 2418 serrae
1169 2353 1275 2419 hic
1321 2373 1508 2420 nemo
1554 2354 1749 2432 feret,
1797 2354 1907 2420 sed
1954 2355 2361 2421 credemusne
2403 2372 2585 2438 prop·

212 2463 376 2527 terea
421 2482 572 2528 cum
621 2461 824 2526 doctis
869 2458 1114 2545 aliquot
1150 2460 1605 2544 interpretibus
1623 2508 1639 2537 ‚
1676 2461 1858 2541 πρίων
1896 2461 1975 2527 ab
2014 2463 2395 2546 imperativo
2435 2459 2586 2539 πρίω

211 2569 442 2634 comice
487 2566 714 2633 fictum
755 2562 931 2633 esse?
978 2565 1252 2630 Etiamsi
1298 2566 1416 2631 hoo
1464 2565 1770 2650 dederim,
1811 2567 1983 2651 quod
2022 2569 2396 2651 nentiquam
2437 2585 2586 2631 con-

210 2671 554 2739 cedendum
602 2678 732 2751 est,
780 2672 958 2738 locus
1001 2690 1126 2735 non
1171 2673 1385 2756 magis
1430 2669 1712 2758 intelligi
1762 2674 2015 2756 poterit.
2111 2671 2182 2737 Si
2229 2672 2412 2754 πρίων
2450 2694 2588 2735 ven·

210 2761 363 2841 dae‘tor
408 2781 566 2863 erit,
613 2800 726 2844 cnr
771 2777 1055 2842 cessabat
1102 2796 1247 2840 cnm
1298 2777 1438 2862 agri
1481 2774 1696 2840 πάντα
1742 2775 2019 2857 coapata?
2068 2776 2139 2842 Si
2177 2785 2446 2842 emtorem
2491 2779 2587 2841 in-

211 2880 493 2972 telliges,
543 2905 740 2969 ecqua
785 2904 974 2949 causa
1012 2883 1138 2947 fuit
1172 2903 1284 2947 cnr
1325 2902 1513 2947 nemo
1552 2902 1761 2947 emere
1797 2881 1994 2948 vellet
2032 2903 2138 2949 eas
2177 2904 2313 2962 res,
2352 2883 2587 2968 quibus

211 2987 273 3051 in
316 2991 473 3057 urbe
520 3010 709 3076 aegre
754 2985 1032 3055 careret?
1080 2989 1264 3052 Ἀλλ’
1314 2987 1500 3055 αὐτὸς
1549 2988 1733 3068 ἔφερε
1780 2988 1995 3053 πάντα
2041 2991 2138 3068 χῶ
2187 2989 2370 3069 πρίων
2416 2990 2584 3062 ἀπῆν

210 3091 467 3163 fortasse
512 3095 797 3183 intelligi
841 3095 1076 3179 poterit
1120 3095 1187 3158 in
1232 3113 1488 3159 summo
1535 3096 1668 3159 otio
1713 3098 1778 3159 et
1815 3094 2029 3161 media
2063 3115 2251 3180 pace,
2275 3093 2585 3180 quamdiu

210 3204 497 3268 omnium
544 3222 759 3267 rerum
807 3200 887 3266 ad
931 3201 1135 3265 vitam
1182 3201 1677 3264 necessariarum
1725 3198 1946 3286 largus
1992 3201 2273 3285 undique
2320 3220 2582 3285 proven-

210 3323 312 3370 sus
357 3316 492 3386 est;
542 3314 879 3393 postquam
929 3313 1144 3371 antem
1186 3325 1404 3370 omnes
1444 3325 1589 3370 rure
1625 3306 1932 3392 fugerunt
1971 3307 2037 3370 in
2076 3306 2338 3390 urbem,
2363 3326 2584 3372 sanam

210 3416 586 3481 sententiam
633 3412 976 3479 extundere
1022 3431 1145 3477 non
1190 3414 1445 3496 poteris.
1513 3410 1729 3476 Vertit
1777 3410 2183 3478 Wielandus:
2230 3434 2315 3477 wo
2359 3418 2474 3476 mir
2519 3412 2587 3475 in

213 3524 445 3586 meinent
503 3521 697 3585 Leben
757 3522 868 3584 das
927 3518 1234 3582 verm-hcc
1278 3517 1464 3582 kauft
1481 3566 1500 3601 ,
1548 3517 1736 3582 kauft
1776 3516 2030 3583 Kohlen
2050 3565 2067 3597 ,
2115 3517 2332 3605 Essig,
2383 3517 2544 3584 Oehl
2565 3565 2582 3595 ,

209 3622 304 3688 die
366 3628 564 3691 olam
626 3625 727 3691 nie
780 3625 1164 3704 duro-haume.-
1210 3623 1319 3688 sed
1366 3643 1567 3707 quum
1614 3622 2048 3690 Acharnenses
2093 3625 2444 3690 carbonarii
2490 3645 2586 3689 es-

211 3737 371 3809 sent,
424 3752 629 3798 nonne
674 3729 1071 3815 Dicaeopolis
1115 3734 1454 3815 postquam
1503 3748 1722 3795 omnes
1767 3729 2182 3818 confugerant
2221 3732 2289 3795 in
2331 3732 2577 3808 urbem,

210 3831 365 3901 illud
426 3840 638 3923 ipsum
696 3836 1002 3916 ἄνθρακας
1052 3835 1202 3917 πρίω
1251 3834 1604 3900 desiderare
1653 3832 1918 3901 debuit?
1965 3836 2206 3901 Mirum
2256 3838 2312 3901 si
2358 3856 2579 3902 vocem

212 3938 438 4021 oderit,
489 3964 649 4030 quae
693 3942 1063 4031 gratissima
1107 3961 1239 4008 esse
1279 3938 1544 4007 debuit?
1580 3940 1880 4007 Miserias
1916 3940 2178 4008 illorum
2217 3946 2578 4027 temporum

211 4045 352 4114 vide
395 4048 511 4135 Eq.
562 4046 694 4116 ¹792
741 4070 876 4135 sqq.

294 4260 463 4329 Satis
532 4264 697 4328 mihi
766 4263 1297 4329 demonstravisse
1367 4260 1585 4327 videor
1651 4280 1918 4347 gravem
1989 4260 2095 4325 hic
2157 4262 2580 4348 corruptelam

212 4363 398 4436 latere
469 4376 534 4436 et
600 4373 666 4434 in
724 4372 907 4457 gravi
968 4368 1190 4434 morbo
1252 4389 1411 4453 opus
1471 4368 1734 4434 fortasse
1799 4369 1919 4432 erit
1965 4366 2232 4434 violenti
2280 4370 2580 4436 remedio,
