3192 5017
564 265 696 335 276
1311 283 1395 329 An
1442 281 1664 330 novum
1711 283 2202 334 'mermes-run.

565 456 1017 529 ἀποδώσεις
1067 454 1131 520 δὲ
1178 458 1260 535 τῷ
1311 456 1500 535 Κυρίῳ
1548 455 1689 527 τοὺς
1738 453 1941 536 ὅρκους
1987 481 2117 524 σου.
2210 459 2339 526 Hic
2385 465 2584 528 miror
2630 462 2951 548 quomodo

565 564 709 649 quis
776 563 909 628 Deo
960 561 1411 648 jusjurandum
1472 582 1664 626 suum
1728 565 1975 628 reddere
2036 567 2260 651 possit.
2352 565 2623 656 Legitur
2691 567 2952 653 quidem

563 671 823 736 Deuter.
885 666 996 733 23.
1057 666 1181 744 21,
1246 688 1433 752 quem
1479 666 1691 734 locum
1742 667 2227 756 Evangelistam
2274 675 2342 738 in
2389 676 2605 740 animo
2654 673 2954 739 habuisse

560 777 937 861 conjiciunt:
1009 774 1119 840 ἐὰν
1188 772 1252 838 δὲ
1308 771 1455 854 εὔξῃ
1517 775 1712 855 εὐχὴν
1777 775 1967 855 Κυρίῳ
2036 780 2119 857 τῷ
2187 777 2311 859 &etii
2378 803 2521 864 σου,
2573 781 2640 844 οὖ
2693 785 2949 861 χρονιεῒς

562 882 894 946 ἀποδοῦναι
943 880 1173 955 αὐτήν,
1221 878 1330 944 sed
1377 879 1564 945 video
1611 879 1872 965 quidem
1918 884 2237 967 quomodo
2277 893 2471 950 votum
2509 885 2651 952 Deo
2694 886 2952 952 reddere

562 1009 636 1053 ec
681 985 1035 1073 persolvere
1083 986 1435 1070 possimus;
1484 985 1657 1050 idem
1706 992 1923 1052 tamen
1968 988 2046 1054 de
2066 990 2472 1074 jurejurando
2510 994 2679 1058 mire
2718 992 2950 1057 dicitur

560 1100 626 1161 et
688 1093 1005 1180 quomodo
1066 1112 1378 1177 umquem
1438 1091 1576 1157 Deo
1612 1094 2062 1178 jusjurandum
2107 1094 2549 1175 ὥποὸὥσομενῖ
2594 1096 2731 1164 Sed
2777 1096 2952 1163 selva

557 1221 659 1267 res
704 1204 835 1280 est-5
882 1197 1263 1286 legendum:
1330 1197 1838 1275 ἐμπεδώσεις
1884 1198 1951 1265 δὲ
1994 1202 2080 1282 τῷ
2129 1204 2317 1283 Κυρίῳ
2362 1204 2503 1277 τοὺς
2552 1200 2763 1284 ὅρκους
2811 1226 2948 1281 σου,

558 1307 728 1394 quod
776 1305 931 1393 quid
976 1306 1097 1382 sit,
1142 1323 1269 1370 non
1314 1323 1473 1391 opus
1519 1308 1620 1370 est
1665 1304 1976 1390 exemplis
2025 1306 2471 1376 demonstrare.

652 1486 725 1551 V.
776 1485 990 1551 Lubet
1035 1484 1479 1550 commendere
1523 1484 1920 1551 Lachmanni
1965 1487 2422 1572 suspicionem,
2475 1492 2545 1554 in
2593 1509 2797 1576 quam
2836 1507 2948 1575 ego

562 1612 810 1678 quoque
854 1590 1200 1656 incideram
1222 1638 1240 1674 ,
1287 1589 1523 1655 Matth.
1576 1587 1638 1655 ¹7.
1688 1590 1806 1657 25:
1858 1588 2050 1665 ἦλθον
2092 1594 2143 1658 οἷ
2186 1595 2455 1673 ποταμοὶ
2493 1596 2600 1660 καὶ
2645 1594 2945 1661 ἔπνευσαν

561 1700 612 1764 οἱ
684 1696 898 1775 ἄνεμοι
972 1696 1077 1760 καὶ
1149 1696 1677 1776 προσέπεσαν
1745 1706 1825 1777 τῇ
1884 1698 2043 1781 οἰκία
2104 1699 2300 1783 ἐκείνῃ
2364 1701 2470 1765 καὶ
2533 1703 2643 1766 οὐκ
2714 1699 2945 1766 ἔπεσεν.

560 1804 732 1871 Vere
791 1804 981 1869 lectio
1044 1804 1183 1867 erui
1228 1805 1432 1887 potest
1479 1822 1558 1867 ex
1606 1800 1807 1868 altere
1851 1803 2182 1888 paraboles
2227 1812 2439 1891 parte:
2490 1804 2689 1881 ἦλθον
2739 1807 2792 1871 01
2836 1828 2945 1869 πο-

559 1911 751 1988 ταμοὶ
800 1909 905 1974 καὶ
955 1905 1257 1972 ἔπνευσαν
1304 1908 1356 1971 οί
1407 1905 1621 1984 ἄνεμοι
1669 1907 1774 1973 καὶ
1826 1909 2212 1988 προσέκοψαν
2257 1921 2334 1992 τῇ
2382 1912 2544 1995 οἰκία
2592 1910 2798 1994 ἐκείνῃ
2845 1908 2941 1975 καὶ

560 2015 768 2082 ἔπεσε.
861 2013 925 2079 N
927 2035 1006 2080 on
1068 2016 1228 2079 setis
1286 2018 1576 2079 accurate
1623 2015 1957 2099 respondet
2002 2018 2271 2083 verbum
2320 2018 2715 2098 προσέπεσαν
2760 2017 2944 2084 verbo

565 2122 954 2201 προσέκοψαν
1012 2124 1076 2183 et
1120 2118 1330 2184 verior
1372 2120 1689 2204 scriptura
1733 2126 1831 2185 est
1875 2145 1924 2184 π
1939 2122 2464 2201 ροσέπαισαν.
2533 2124 2767 2209 Neque
2810 2122 2940 2188 Ma-

559 2227 787 2294 nenius
808 2226 876 2290 in
900 2226 1403 2310 conjecturarum
1426 2224 1743 2311 farragine
1759 2272 1776 2303 ,
1803 2246 2003 2312 neque
2044 2226 2544 2316 Bakhuyzenius
2582 2232 2656 2294 in
2697 2228 2941 2295 delectu

561 2334 1112 2407 emendationum,
1164 2328 1557 2395 Lachmanni
1604 2351 1854 2397 memor
1896 2332 2040 2397 fuit.
2135 2333 2374 2400 Temen
2426 2341 2524 2402 est
2568 2340 2795 2422 aperta
2830 2353 2939 2398 res.

651 2512 760 2578 VI.
805 2508 1238 2576 Vehementer
1281 2509 1480 2574 miror
1524 2508 1806 2573 nondum
1853 2516 2205 2578 correctum
2249 2514 2445 2578 tuisse
2491 2514 2736 2578 vitium
2757 2559 2774 2589 ,
2823 2528 2936 2596 quo

559 2617 872 2686 sententia
932 2614 1381 2702 pessumdatur
1437 2612 1674 2678 Matth.
1743 2612 1849 2680 12.
1911 2617 2038 2682 41:
2087 2614 2293 2698 ἄνδρες
2342 2626 2665 2684 Νινευῒται
2717 2615 2936 2689 &vuff-

560 2748 769 2791 σονται
831 2724 892 2787 έν
951 2730 1029 2803 τῇ
1092 2720 1280 2799 κρίσει
1343 2719 1562 2796 μετὰ
1610 2729 1721 2794 τῆς
1768 2725 1993 2798 γενεᾶς
2041 2722 2277 2797 ταύτης
2324 2725 2429 2789 καὶ
2478 2728 2935 2804 κατακρινοῦσιν

560 2831 757 2904 αὐτήν
804 2835 869 2895 et
910 2847 1101 2894 versu
1139 2825 1462 2910 sequenti:
1499 2825 1858 2902 βασίλισσα
1894 2826 2062 2892 νότου
2097 2826 2510 2909 ἐγερθήσεται
2547 2830 2609 2894 ἔν
2650 2840 2733 2912 τῇ
2758 2831 2934 2909 κρίσει

559 2938 773 3015 μετὰ
840 2942 950 3011 τῆς
1020 2935 1248 3012 γενεᾶς
1316 2930 1552 3005 ταύτης
1621 2933 1724 2996 καὶ
1800 2944 2161 3014 κατακρινεῖ
2223 2935 2441 3013 αὑτήν.
2534 2935 2780 3002 Verum
2847 2939 2934 2999 est

560 3044 777 3110 κατὰ
846 3048 959 3116 τῆς
1028 3041 1253 3118 γενεᾶς
1317 3038 1575 3108 ταύτης.
1669 3037 1782 3103 Bis
1840 3040 2013 3105 idem
2077 3041 2314 3107 vitium
2374 3044 2643 3108 recurrit
2691 3043 2762 3107 in
2807 3041 2934 3107 loco

565 3147 866 3238 parallelo
929 3166 1031 3231 ap.
1096 3141 1253 3209 Luc.
1319 3141 1423 3207 11.
1486 3140 1570 3208 31
1621 3148 1688 3208 et
1734 3140 1856 3222 32,
1919 3145 2026 3214 sed
2077 3149 2323 3233 quoties
2366 3147 2523 3214 talia
2568 3152 2933 3227 occurrunt,

560 3259 752 3323 toties
810 3256 962 3318 sunt
1015 3248 1406 3337 corrigenda.
1502 3247 1733 3335 Surgit
1791 3264 2119 3317 accusator
2176 3273 2301 3318 non
2362 3256 2534 3331 μετὰ
2590 3253 2751 3326 τινός
2768 3302 2787 3333 ,
2834 3250 2930 3319 sed

560 3362 734 3427 κατα
777 3357 958 3428 τινός.
1003 3355 1404 3441 Scripserunt
1448 3354 1898 3443 Evangelistee
1942 3376 2067 3424 non
2107 3361 2350 3444 optime
2390 3360 2647 3446 quidem
2685 3360 2928 3441 Graece,

556 3467 668 3533 sed
725 3466 816 3530 sic
876 3468 954 3528 ut
994 3460 1278 3549 intelhgi
1323 3469 1579 3546 possent
1625 3467 1691 3526 et
1733 3462 1904 3538 μετὰ
1951 3467 2334 3549 praepositio
2379 3486 2494 3551 pro
2539 3467 2714 3532 κατὰ
2761 3485 2928 3532 usur·

553 3579 706 3660 peta
763 3567 1074 3634 ridiculus
1136 3585 1309 3631 error
1369 3571 1498 3642 est,
1549 3568 1663 3651 qui
1708 3587 1833 3632 non
1878 3568 2052 3634 cadit
2098 3570 2166 3634 in
2214 3590 2287 3636 ee
2333 3576 2653 3657 tempora,
2705 3570 2923 3657 quibus

554 3681 788 3746 horum
848 3674 1160 3739 librorum
1216 3673 1611 3738 recensiones
1657 3672 1981 3739 debentur.
2032 3674 2345 3761 Exspecto
2390 3679 2504 3762 qui
2550 3678 2918 3744 contrarium

557 3784 803 3852 idoneis
846 3777 1158 3863 exemplis
1203 3777 1514 3843 ostendet.

647 3956 789 4025 VH.
846 3955 921 4022 Iu
985 3954 1283 4041 parabola
1327 3954 1405 4019 de
1452 3953 1711 4021 talentis
1757 3957 2025 4023 absurde
2071 3956 2316 4045 legitur
2361 3957 2600 4026 matth.
2653 3961 2755 4027 18.
2804 3955 2914 4023 24:

551 4062 931 4147 προσηνέχθη
986 4053 1072 4134 εἷς
1121 4060 1289 4139 αὐτῷ
1339 4059 1666 4141 ὀφειλέτης
1715 4060 2014 4142 μυρίων
2072 4062 2419 4132 ταλάντων.
2511 4065 2744 4134 Servus
2801 4083 2910 4129 non

555 4179 652 4240 est
698 4167 999 4238 solvendo
1013 4214 1029 4244 ,
1084 4165 1194 4233 sed
1240 4162 1498 4232 domino
1546 4187 1664 4233 suo
1701 4167 2039 4252 pollicetur
2057 4218 2075 4252 ‚
2119 4168 2467 4237 dummodo
2507 4173 2630 4238 sibi
2652 4171 2910 4258 spatium

552 4278 767 4354 detur,
833 4297 899 4340 se
958 4275 1277 4361 integram
1322 4291 1648 4337 summam
1696 4272 2099 4339 redditurum
2147 4296 2302 4342 esse.
2397 4277 2623 4344 Fidem
2668 4279 2783 4344 hoc
2822 4294 2909 4339 su-

548 4387 757 4470 perat:
827 4399 1014 4446 nemo
1077 4396 1388 4463 umquem
1434 4378 1730 4463 cuiquem
1784 4381 1919 4447 sine
1965 4381 2234 4468 pignore
2280 4383 2667 4451 concredidit
2712 4384 2907 4448 decem
