3192 5017
1152 294 1652 344 Ame'roPflANRs.
2466 270 2592 339 361

664 467 769 533 καὶ
818 469 907 545 μή
958 465 1175 533 δέδιθ’·
1225 469 1289 533 οὐ
1338 467 1464 547 γάρ
1515 467 1638 533 ἐςιν
1689 462 2121 545 ἐξῃκασμένος.

674 576 786 641 ὑπὸ
836 578 942 639 τοῦ
991 573 1155 647 δέους
1204 575 1331 654 γὰρ
1377 571 1564 639 αὐτὸν
1615 571 1806 645 οὐδεὶς
1857 572 2068 648 ἤθελεν

670 687 788 745 τῶν
833 686 1194 746 σκευοποιῶν
1245 678 1511 745 εἰκάσαι.
1564 678 1813 748 πάντως
1863 703 1942 757 γε
1988 678 2111 757 μὴν

670 789 1129 865 γνωσθήσεται·
1184 787 1253 850 τὸ
1305 788 1433 866 γὰρ
1482 784 1726 865 θέατρον
1777 782 1989 860 δεξιόν.

231 890 543 956 Adscribit
589 890 980 978 Scholiasta,
1031 913 1220 978 quem
1268 892 1553 977 plerique
1602 895 1984 976 sequuntur:
2035 891 2142 955 οὐκ
2189 886 2360 970 εἶχεν
2409 892 2601 955 αὑτοῦ

228 1006 585 1077 προσωπεῖον
635 999 732 1064 διὰ
782 1002 850 1064 τὸ
895 998 1215 1065 δεδοικέναι
1263 998 1402 1070 τοὺς
1445 998 1829 1069 σκευοποιοὺς
1886 997 1990 1061 καὶ
2055 997 2143 1074 μὴ
2192 995 2385 1062 θέλειν
2436 996 2598 1073 μήτε

228 1101 524 1181 πλάττει-ν
585 1106 748 1180 μήτε
808 1088 1230 1187 σχηματῖίζειν
1294 1107 1402 1180 τὴν
1468 1103 1607 1183 ὄψιν
1668 1107 1774 1167 τοῦ
1829 1102 2114 1174 Κλέωνος.
2182 1102 2603 1168 Vehementer

226 1211 432 1276 miror.
484 1210 623 1290 Quo
671 1230 834 1276 anno
881 1211 1145 1296 Equites
1193 1216 1475 1297 spectata
1523 1211 1686 1289 fuit,
1736 1209 1903 1294 quod
1951 1229 2051 1274 res
2098 1211 2237 1295 ipsa
2283 1207 2601 1285 declarat,

226 1317 442 1380 comici
512 1321 733 1401 poetae
802 1338 1058 1383 summa
1126 1317 1431 1384 florebant
1497 1316 1665 1401 apud
1729 1314 2036 1401 populum
2100 1316 2309 1402 gratia
2367 1320 2433 1379 et
2482 1316 2606 1379 nisi

226 1421 472 1488 disertis
519 1424 730 1489 verbis
778 1422 922 1509 lege
969 1443 1333 1489 concessum
1376 1423 1538 1499 fuit,
1580 1423 1707 1486 fnit
1745 1427 1911 1487 certe
1955 1423 2082 1486 iam
2123 1440 2234 1506 per
2270 1420 2605 1486 duodecim

225 1548 410 1594 annos
472 1529 926 1595 consuetudine
984 1531 1401 1614 impetratum
1421 1577 1436 1604 ,
1506 1534 1578 1592 ut
1641 1527 1842 1593 claros
1886 1529 1953 1592 in
2002 1528 2265 1592 civitate
2311 1529 2482 1593 viros
2526 1525 2609 1590 li·

225 1641 384 1699 ceret
448 1635 702 1711 ὅνομαςὶ
762 1634 1103 1719 κωμῳδεῖν,
1169 1656 1293 1720 qua
1356 1635 1433 1700 de
1500 1655 1566 1700 re
1615 1639 1757 1718 post
1801 1632 2203 1698 Meinekium
2249 1631 2607 1698 luculenter

222 1742 509 1824 exposuit
594 1738 869 1827 Cobetus
937 1742 1005 1805 in
1075 1739 1637 1806 observationibus
1708 1738 1788 1803 ad
1859 1736 2191 1804 Platonem
2265 1736 2603 1804 Comicum

222 1863 280 1928 p.
347 1843 430 1909 13
492 1834 627 1931 sqq‘.
694 1843 861 1911 Cum
909 1845 1138 1931 reliqui
1184 1864 1404 1911 omnes
1452 1844 1641 1911 vultu
1690 1849 1754 1909 et
1802 1846 1979 1909 omni
2025 1843 2251 1908 habitu
2298 1843 2604 1929 cultuque

223 1954 492 2036 corporis
554 1951 633 2016 ad
693 1954 1002 2017 comicam
1065 1951 1562 2017 similitudinem
1627 1950 2035 2015 conformatis
2089 1950 2158 2014 in
2222 1970 2407 2015 scena
2452 1970 2604 2038 age·

221 2054 447 2121 bantur
493 2063 561 2122 et
604 2056 1046 2142 ἐκωμῳδοῦντο,
1093 2078 1243 2123 nam
1292 2077 1456 2121 nunc
1504 2056 1668 2121 mihi
1718 2054 2060 2122 molestum
2102 2061 2198 2121 est
2239 2055 2407 2141 qnod
2449 2056 2606 2119 cari-

221 2170 460 2228 οοιιιναε
509 2163 828 2250 appellare
872 2185 996 2231 non
1045 2164 1277 2241 endec,
1331 2184 1444 2229 cur
1489 2161 1898 2247 Aristophani
1945 2181 2070 2227 non
2117 2161 2305 2228 licuit
2353 2164 2419 2227 in
2465 2160 2606 2228 Cle·

222 2287 397 2334 onem
423 2318 440 2348 ,
508 2270 674 2355 quod
737 2269 893 2336 olim
962 2276 1127 2337 certe
1186 2268 1443 2335 Cratino
1489 2268 1678 2334 licuit
1723 2270 1791 2333 in
1839 2269 2051 2354 ipsum
2102 2267 2416 2335 Periclem
2435 2315 2452 2345 ‚
2499 2267 2602 2332 τὸν

225 2375 683 2455 σχινοκέφαλον
748 2372 915 2442 Ala?
978 2375 1383 2443 Wielandum
1444 2381 1736 2462 poetam,
1803 2376 1986 2440 cuius
2030 2374 2604 2461 prudentissimum

222 2480 538 2547 iudicium
582 2481 845 2568 plurimi
892 2482 1088 2567 facio,
1137 2503 1260 2547 non
1308 2482 1504 2548 latuit
1551 2502 1743 2567 qnam
1792 2501 2019 2567 parum
2067 2481 2186 2547 hoc
2236 2487 2399 2547 esset
2445 2482 2608 2547 veri·

222 2586 429 2652 simile
476 2592 544 2653 et
591 2587 800 2673 lepide
847 2589 1236 2655 observavit:
1291 2587 1459 2667 „Qui
1506 2584 1759 2653 Cleonis
1803 2593 2016 2673 partes
2063 2587 2293 2673 agebat
2339 2586 2566 2652 histrio
2587 2637 2606 2660 ‚

220 2690 462 2759 larvam
535 2695 703 2760 servi
773 2695 1080 2759 usitatam
1144 2693 1563 2778 praeferebat,
1633 2710 1794 2777 quae
1856 2713 1958 2758 res
2020 2692 2304 2758 fortassis
2353 2694 2609 2780 aegrius

223 2793 439 2864 Cleoni
508 2800 694 2876 fecit,
761 2820 954 2884 quam
1016 2801 1073 2865 si
1133 2799 1322 2866 facies
1379 2801 1518 2865 eius
1561 2798 1790 2863 fuisset
1836 2796 2099 2865 efficta.”
2145 2796 2466 2883 Sequutns
2511 2803 2610 2863 est

223 2900 541 2982 Kockius,
617 2906 728 2990 qui
800 2903 1192 2971 Scholiastae
1267 2910 1479 2991 aperte
1543 2903 1735 2969 fidem
1801 2903 2172 2990 denegavit:
2237 2907 2374 2967 Aue
2419 2904 2612 2968 dieser

222 3007 397 3074 Stella
454 3011 540 3074 iet
609 3011 802 3075 nicht-5
857 3033 934 3074 zu
992 3012 1338 3095 eohbiewen,
1387 3012 1478 3074 ala
1522 3012 1664 3074 dau
1710 3011 1818 3074 der
1864 3009 2294 3093 Schauepieler,
2342 3011 2450 3091 der
2495 3010 2610 3074 den

222 3114 409 3180 Kleon
454 3117 688 3200 epielle,
735 3117 904 3180 keine
933 3117 1455 3200 portrdtdhnlicke
1500 3117 1717 3182 Menke
1760 3123 1917 3198 bruy.
1983 3115 2109 3182 Sed
2155 3115 2426 3182 ulterius
2470 3136 2613 3201 pro·

223 3221 639 3305 grediendum
713 3228 844 3298 est3
913 3222 1195 3288 nondum
1270 3224 1439 3288 enim
1511 3219 1796 3287 suboluit
1863 3221 2349 3307 interpretibus.
2414 3223 2613 3289 iocari

222 3331 493 3409 poetam.
589 3325 715 3408 Qui
762 3327 989 3393 histrio
1035 3325 1337 3394 Cleonem
1384 3328 1651 3415 agebat,
1703 3329 1838 3392 sive
1883 3329 1939 3392 is
1985 3329 2120 3412 ipse
2156 3327 2612 3413 Aristophanes

223 3429 343 3495 fuit
404 3435 542 3499 sive
604 3431 806 3509 alius,
854 3434 993 3517 ipso
1044 3432 1230 3499 vultu
1279 3437 1539 3518 totoque
1588 3434 1864 3516 corporis
1912 3432 2138 3498 habitu
2186 3453 2379 3517 quam
2430 3453 2612 3500 exac-

225 3537 463 3604 tissime
523 3540 735 3623 potuit
796 3535 1106 3604 referebat
1166 3543 1382 3604 notam
1448 3558 1782 3623 personam
1846 3537 2208 3626 demagogi.
2307 3536 2608 3606 Cleonem

224 3660 344 3708 uno
413 3647 663 3729 impetu
733 3662 953 3708 omnes
1024 3643 1179 3709 dum
1249 3646 1471 3709 statim
1543 3644 2004 3732 agnoscebant,
2070 3646 2489 3730 erumpebant
2533 3648 2603 3710 in

226 3749 557 3815 cachinnos
618 3756 683 3814 et
742 3748 1042 3835 plausum
1114 3750 1366 3816 dabant.
1431 3750 1890 3816 Demosthenes
1949 3730 2166 3816 autem
2216 3750 2612 3837 lepidissime

227 3869 448 3941 negat,
496 3855 744 3922 larvam
790 3858 944 3921 satis
988 3877 1122 3922 esse
1169 3855 1448 3923 similem
1467 3907 1486 3942 ,
1534 3877 1728 3942 quam
1775 3859 1845 3922 in
1889 3854 2005 3922 illa
2051 3858 2294 3922 comica
2330 3860 2613 3942 partium

227 3958 591 4027 distortione
637 3981 857 4027 omnes
903 3962 1206 4028 videbant
1254 3968 1387 4027 tam
1437 3982 1570 4029 esse
1617 3962 1899 4028 similem
1919 4010 1936 4040 ,
1979 3968 2055 4027 ut
2092 3982 2289 4029 ovum
2329 3982 2454 4028 non
2495 3983 2615 4030 ovo

226 4064 501 4132 similius
547 4088 681 4134 esse
728 4068 1023 4133 dicerent.
1121 4068 1360 4156 Relege
1405 4067 1623 4134 locum
1671 4074 1736 4134 et
1780 4088 2039 4134 mecum
2087 4068 2309 4135 facies:

675 4173 777 4237 καὶ
826 4175 914 4250 μή
962 4173 1169 4239 δέδιθ’·
1219 4175 1284 4239 οὖ
1332 4172 1457 4254 γάρ
1506 4175 1632 4241 ἐςιν
1681 4172 2106 4254 ἐξῃκασμένος.

683 4279 798 4343 ὑπὸ
844 4282 952 4343 τοῦ
1001 4278 1164 4353 δέους
1215 4280 1340 4358 γὰρ
1392 4279 1578 4345 αὑτὸν
1630 4278 1820 4352 οὐδεὶς
1871 4279 2084 4356 ἤθελεν

676 4391 792 4450 τῶν
840 4392 1200 4451 σκευοποιῶν
1246 4384 1517 4452 εἰκάσαι.
1569 4384 1818 4458 πάντως
1865 4409 1946 4464 γε
1998 4387 2119 4461 μὴν
