3192 5017
630 268 762 337 176
1456 248 2191 339 mmmomonm.

630 430 997 529 Conditum'
1038 480 1076 527 a
1134 464 1347 528 nescio
1406 481 1530 547 quo
1575 465 1950 546 impostore,
2003 461 2221 548 quales
2267 466 2411 545 post
2455 458 2802 526 Alexandri
2844 462 2971 523 tem·

627 586 781 652 pora
838 568 1138 634 vixerunt
1197 568 1503 654 permulti
1523 615 1538 643 ,
1604 588 1730 652 quo
1790 567 1995 653 pluris
2052 571 2497 634 aestimaretur
2561 585 2599 632 a
2642 564 2974 651 bibliopolis
3085 556 3086 627 j

628 673 747 739 sub
792 673 1074 761 Pigretis
1116 675 1374 740 nomine
1419 673 1838 740 vendidatum
1885 694 2020 739 esse
2066 671 2119 760 ¹)
2170 675 2456 758 suspicor
2497 672 2690 755 idque
2749 671 2976 737 fortasse

628 779 802 846 haud
868 782 962 844 ita
1031 780 1142 844 diu
1204 787 1350 846 ante
1411 785 1688 846 aetatem
1707 829 1725 864 ,
1790 800 1915 866 qua
1977 783 2278 847 vixerunt
2337 778 2669 862 scriptores
2715 779 2827 862 qui
2868 777 2977 840 eius

628 885 873 951 faciunt
932 887 1322 951 mentionem
1347 937 1363 958 .
1428 884 1854 951 Plutarchum
1916 886 2059 951 dico
2120 891 2187 951 et
2247 902 2405 969 quos
2450 884 2638 948 initio
2685 882 2978 947 nominavi

626 992 959 1077 scriptores
1002 991 1280 1057 Latinos.
1374 990 1481 1057 Sic
1525 993 1699 1057 enim
1745 991 1929 1059 facile
1976 990 2381 1078 intelligetur
2396 1036 2412 1068 ‚
2462 991 2575 1074 qui
2621 986 2760 1053 fieri
2799 991 2980 1072 potue-

626 1100 747 1175 rit,
812 1104 887 1163 ut
948 1096 1337 1163 altissimum
1396 1100 1483 1162 sit
1527 1118 1675 1163 cum
1724 1097 1892 1183 apud
1938 1102 2183 1164 veteres
2229 1097 2564 1181 scriptores
2610 1113 2830 1162 omnes
2867 1097 2980 1155 tum

629 1203 797 1289 apud
857 1206 1150 1288 antiquos
1207 1202 1475 1270 Homeri
1533 1207 1911 1289 interpretes
1955 1203 2033 1269 de
2077 1203 2198 1269 hac
2247 1200 2470 1268 Iliadis
2517 1200 2782 1287 parodia
2827 1197 2982 1264 silen-

631 1312 826 1387 tium,
880 1330 1042 1394 quae
1088 1331 1223 1387 res,
1271 1310 1326 1375 si
1373 1311 1728 1397 genuinum
1778 1314 1943 1376 esset
1990 1310 2226 1376 veteris
2272 1312 2495 1394 poetae
2542 1327 2834 1383 carmen,
2873 1322 2982 1388 per·

627 1418 829 1494 mira,
878 1419 1013 1481 imo
1058 1416 1477 1494 incredibilis,
1526 1416 1756 1483 merito
1800 1417 2145 1483 videretur.

719 1520 901 1601 Quod
947 1519 1674 1608 Batrachomyomachia
1717 1525 1886 1588 inter
1932 1521 2092 1587 alios
2137 1520 2580 1587 huiuscemodi
2625 1520 2811 1587 lusus
2858 1536 2983 1602 qus·

626 1627 720 1693 les
780 1627 1038 1692 fuerunt
1098 1628 1594 1709 Ἀραχνομαιχία
1652 1636 1717 1694 et
1764 1627 2209 1710 Γερανομαχία
2256 1626 2338 1692 ad
2381 1625 2744 1691 Homerum
2796 1628 2984 1690 aucto·

628 1754 760 1799 rem
806 1733 994 1798 relati
1041 1753 1078 1799 a
1123 1731 1320 1798 Suida
1366 1755 1413 1798 s.
1468 1756 1528 1800 v.
1574 1734 1849 1813 Ὅμηρος
1869 1783 1887 1813 ,
1936 1754 2209 1819 quorum
2254 1731 2421 1797 nihil
2466 1737 2716 1817 praeter
2754 1728 2984 1795 nomina

627 1844 986 1925 supererat,
1059 1839 1195 1905 sola
1258 1839 1411 1904 tulit
1457 1846 1733 1906 aetatem
1778 1841 1846 1906 id
1893 1841 2154 1906 fortasse
2202 1841 2438 1923 partim
2489 1837 2677 1903 debet
2726 1856 2897 1910 suae,
2941 1832 2984 1895 si

631 1944 895 2031 reliquis
942 1952 1431 2031 compararetur,
1473 1949 1930 2032 praestantiae,
1966 1946 2200 2031 partim
2238 1945 2362 2030 ipsi
2404 1949 2818 2031 argumento,
2843 1937 2979 2027 quod

627 2060 844 2118 tamen
890 2049 1077 2136 quale
1122 2050 1257 2116 illis
1304 2051 1497 2117 fuerit
1542 2055 1935 2139 ignoramus.
2287 2116 2291 2120 Α

717 2154 899 2223 Licet
968 2161 1184 2222 autem
1256 2158 1322 2221 in
1393 2157 1594 2224 Iliade
1661 2160 1890 2225 versati
1954 2179 2080 2223 non
2140 2160 2275 2222 siue
2338 2155 2672 2241 voluptate
2738 2154 2984 2242 quadam

625 2263 919 2350 legamus
958 2261 1118 2327 hanc
1158 2265 1458 2328 carminis
1497 2265 1585 2328 im
1595 2262 1885 2330 mortalis
1921 2283 2046 2328 uon
2069 2261 2401 2347 illepidam
2428 2262 2780 2346 parodiam‚
2807 2262 2979 2326 fatm·

627 2369 784 2434 dum
808 2374 1022 2434 tamen
1049 2373 1293 2433 estnon
1316 2371 1510 2434 nimis
1532 2390 1748 2435 severe
1770 2369 2050 2434 iudicare
2073 2366 2561 2454 Bernhardyum
2583 2369 2833 2455 ingenii
2856 2366 2916 2431 vi
2935 2368 2985 2426 et

626 2477 868 2541 virtute
913 2475 1156 2540 comica
1199 2475 1370 2540 hunc
1416 2481 1670 2560 poetam
1715 2476 1793 2541 ab
1835 2476 2113 2560 antiquis
2153 2474 2562 2560 parodiarum
2600 2470 2984 2558 scriptoribus

625 2581 815 2668 longe
876 2582 1159 2666 superari
1220 2583 1721 2647 existimantem.
1812 2581 2043 2646 Risum
2092 2582 2243 2663 quia
2282 2585 2543 2645 movent
2588 2576 2984 2645 meticulosis·

624 2690 933 2753 simorum
997 2685 1527 2752 animalculorum
1578 2689 1786 2753 virtus
1831 2693 1897 2752 et
1941 2687 2131 2752 fortia
2175 2685 2372 2769 facta,
2421 2684 2819 2772 ignoscimus
2862 2700 2980 2768 poe·

625 2799 728 2859 tae
774 2792 942 2878 quod
989 2792 1467 2881 congredientes
1510 2793 1661 2858 fecit
1706 2813 1889 2858 ranas
1938 2795 2001 2857 et
2047 2812 2292 2869 mures,
2343 2810 2502 2875 quos
2540 2810 2758 2856 rerum
2782 2794 2981 2856 natura

626 2899 977 2984 separavit,
1044 2898 1151 2963 sed
1211 2899 1409 2962 nimis
1455 2898 1585 2964 fere
1634 2897 1983 2963 absurdum
2032 2902 2129 2962 est
2173 2898 2508 2963 inventum
2525 2943 2542 2974 ,
2593 2916 2719 2981 quo
2765 2896 2833 2961 in
2877 2911 2982 2959 car·

626 3007 821 3081 minis
874 3005 1053 3069 exitu
1114 3002 1331 3069 Iovem
1395 3004 1541 3069 fecit
1597 3022 1883 3090 pugnam
1931 3001 2373 3085 dirimentem,
2421 3003 2716 3068 immisso
2765 3006 2833 3068 in
2876 2999 2984 3065 vie·

624 3116 827 3177 torem
896 3107 1446 3174 velocissimorum
1517 3128 1777 3173 murum
1838 3110 2189 3173 exercitum
2254 3126 2664 3189 cancrorum,
2722 3103 2981 3174 tardissi-

625 3234 881 3280 morum
967 3221 1033 3278 et
1116 3215 1629 3302 retrogradarum
1708 3214 2096 3289 bestiarum,
2166 3232 2422 3300 agmen.
2516 3211 2813 3280 Ceterum
2867 3214 2979 3296 ipen

624 3318 808 3386 illius
878 3320 1159 3407 agminis
1228 3320 1564 3405 descriptio
1634 3318 2020 3385 felicissimis
2089 3319 2282 3384 huius
2352 3321 2658 3404 poematii
2717 3317 2977 3407 partibus

694 3630 744 3689 1)
780 3630 819 3677 E
854 3626 1106 3677 Plutarchi
1141 3627 1243 3677 loco
1274 3629 1453 3677 frustra
1482 3627 1795 3677 memus
1828 3630 1887 3678 de
1915 3627 2183 3692 praecipuis
2210 3628 2516 3690 pamdianun
2553 3627 2692 3676 Hom.
2710 3623 2982 3692 scriptorib-s

633 3713 813 3759 efficere
864 3711 1060 3759 conatus
1111 3712 1183 3758 est
1225 3709 1434 3773 Pigretis
1467 3708 1606 3758 illam
1642 3709 2232 3773 Batrachomyomachiam
2262 3709 2397 3758 cuius
2430 3708 2720 3759 mentionem
2755 3709 2894 3759 faciat
2926 3702 2980 3752 di·

630 3808 814 3842 versam
850 3792 997 3841 fuisse
1027 3791 1084 3840 ab
1120 3806 1175 3839 ea
1210 3805 1355 3854 quam
1388 3790 1528 3839 hodie
1563 3790 1787 3854 legamus.
1860 3792 2017 3856 Quem
2052 3791 2232 3855 optime
2265 3789 2444 3839 refellit
2477 3790 2834 3841 Baumeisterus
2859 3806 2899 3855 p.
2915 3783 2978 3833 42·

626 3876 874 3939 Peyronus
924 3873 974 3922 111
1022 3872 1369 3937 prolegomenis
1421 3872 1479 3920 ad
1525 3887 1660 3922 suam
1704 3872 1961 3923 editionem
2000 3872 2185 3933 (Paris,
2225 3871 2464 3921 Hachette
2499 3870 2663 3932 1875).
2708 3873 2785 3921 ,ΙΙ
2818 3887 2848 3937 y
2877 3885 2902 3918 s
2931 3878 2977 3914 un

624 3960 727 4007 mot
776 3954 957 4006 celebre
1004 3953 1321 4004 d’Alexandre
1354 3955 1439 4018 qui
1472 3969 1521 4004 se
1557 3957 1782 4020 rapporte
1814 3955 1845 4003 a
1878 3955 1925 4004 la
1959 3955 2152 4020 parodie
2187 3955 2245 4003 de
2277 3952 2495 4013 l'Iliade,
2532 3957 2581 4003 et
2613 3954 2698 4018 qui
2733 3969 2794 4003 ne
2825 3950 2978 4020 parmi

623 4038 761 4104 point
809 4035 1097 4086 d'attribuer
1146 4039 1269 4085 cette
1320 4036 1512 4101 parodie
1563 4037 1594 4085 ὶ
1640 4036 1742 4087 1“1111
1788 4037 1868 4085 des
1904 4036 2070 4087 lettres
2103 4037 2167 4086 du
2203 4034 2371 4086 Musee
2406 4035 2556 4095 (Plut.
2596 4036 2770 4100 Agesil.
2808 4053 2853 4102 p.
2886 4030 2977 4086 ⁶04)

620 4123 768 4176 'locun
784 4164 798 4184 ,
848 4121 885 4174 ὖ
935 4121 1095 4186 ἅνδρες
1112 4163 1126 4183 ,
1175 4122 1260 4174 ὅτε
1313 4120 1508 4187 Δαρεῖον
1546 4124 1682 4186 ἡμεῖς
1719 4127 1939 4186 ἐνικῶμεν
1975 4122 2208 4183 ἐνταῦθα,
2246 4120 2351 4173 ins?
2378 4139 2458 4180 τις
2494 4124 2544 4172 ἓν
2582 4117 2818 4190 Ἀρκαδίᾳ
2852 4131 2975 4184 ’γεγᾶ-

622 4214 744 4265 vivae
782 4229 997 4275 μνομα
1009 4211 1151 4278 κίοι)
1186 4215 1301 4266 c’est
1334 4215 1640 4283 l’expression
1673 4215 1937 4280 μυομαχία
1969 4216 2217 4283 appliquee
2250 4232 2339 4281 par
2372 4216 2416 4265 le
2450 4216 2716 4280 vainqueur
2744 4216 2801 4266 de
2835 4211 2976 4266 Duria⁸

618 4307 649 4355 ὶ
700 4308 746 4355 la
797 4306 921 4356 lutto
970 4310 1107 4356 entre
1158 4308 1274 4372 Agis
1318 4310 1368 4357 et
1400 4305 1707 4373 Qtipater.'‘
1778 4307 1928 4372 Quasi
1964 4323 2075 4356 vero
2110 4306 2374 4369 μυομαχία
2407 4306 2470 4355 sit
2508 4297 2973 4369 ssoerpaxopmepuffl

621 4393 670 4441 et
705 4405 800 4439 non
832 4389 991 4456 potius
1025 4406 1207 4441 mamm
1241 4406 1344 4439 cm
1379 4390 1587 4441 muribus
1609 4392 1804 4455 puyna!
