3192 5017
1355 259 1608 308 ΒΗΜΛ.
2539 239 2671 305 243

285 433 496 510 debit,
560 435 834 499 eximiae
880 454 1012 499 esse
1057 433 1344 499 fortunae
1391 453 1428 496 a
1475 429 1700 498 multis
1749 432 2019 495 obsideri.
2115 429 2451 496 Praeterea
2491 436 2667 513 post:

284 562 413 604 eum
460 561 608 615 esee,
663 540 769 625 qui
814 540 1159 625 requiritur
1203 538 1667 623 conjunctivus.
1733 536 1908 624 Lego
1953 538 2202 622 itaque:
2259 538 2370 621 qui
2418 555 2456 600 a
2500 534 2673 600 mul-

286 647 371 710 tis
415 645 781 710 observetur:
826 648 873 711 i.
921 666 976 710 e.
1024 664 1231 731 quem·
1261 642 1457 709 multi
1506 641 1738 708 colant.

375 856 490 942 Ep.
557 856 660 922 50.
731 859 763 942 5
812 857 872 923 2.
944 859 1376 945 „,Harpasten
1427 860 1645 923 uxoris
1693 877 1870 924 meae
1916 859 2205 934 fatuam,
2248 858 2372 923 scis
2417 856 2670 924 heredi-

286 967 567 1041 „tarium
640 984 798 1029 onus
865 966 931 1029 in
999 964 1189 1030 domo
1234 984 1379 1029 mea
1424 966 1842 1041 remansisse,
1889 966 2025 1049 ipse
2066 963 2237 1029 enim
2286 962 2673 1028 avarissimus

286 1075 405 1148 „ab
466 1070 605 1134 istie
644 1071 943 1154 prodaqiis
988 1093 1153 1134 sum.-
1199 1072 1253 1135 si
1304 1069 1554 1155 quando
1601 1069 1780 1135 fatuo
1826 1069 2127 1135 delectari
2173 1066 2354 1145 volo,
2402 1088 2526 1133 non
2575 1073 2672 1133 est

283 1174 495 1254 „mihi
564 1175 756 1263 longe
825 1175 1256 1262 quaerendus:
1330 1196 1435 1240 me
1496 1175 1707 1241 video.
1713 1173 1746 1200 ''
1837 1173 1984 1240 Non
2048 1174 2174 1241 fm‘t
2214 1172 2666 1259 philosophus:

282 1281 719 1360 „avarissimus
761 1304 799 1346 a
846 1281 1041 1348 fatuis
1055 1331 1072 1360 ‚
1122 1281 1233 1347 sed
1279 1296 1757 1348 Amslssmus.

364 1490 488 1575 Ep.
561 1488 670 1556 63.
743 1494 780 1577 ξ
849 1494 907 1556 1.
983 1490 1292 1568 „Moleste
1360 1490 1491 1557 fero
1563 1490 1902 1556 decessisse
1970 1488 2270 1555 Flaccum
2294 1539 2311 1563 ‚
2385 1494 2669 1556 amicum

278 1601 516 1675 „tuum
535 1646 551 1675 ,
605 1596 750 1683 plus
796 1603 1011 1662 tamen
1062 1618 1262 1683 aequo
1312 1597 1522 1663 dolere
1567 1602 1633 1662 te
1678 1596 1845 1663 nolo.
1895 1593 2065 1662 Illud
2083 1645 2101 1679 ,
2151 1601 2225 1660 ut
2270 1617 2394 1662 non
2435 1596 2665 1675 doleas,

271 1705 437 1781 „vix
501 1704 749 1769 audebo
796 1706 1079 1791 exigere:
1135 1712 1191 1768 et
1237 1726 1359 1768 esee
1403 1702 1617 1768 melius
1660 1703 1798 1768 ecio.
1895 1701 2016 1768 Sed
2066 1706 2171 1767 cui
2216 1704 2342 1769 ista
2399 1701 2669 1769 firmitas

268 1809 653 1897 „continget
711 1812 836 1876 nisi
881 1812 1014 1875 iam
1060 1809 1344 1876 multum
1396 1829 1587 1895 supra
1632 1809 1955 1875 fortunam
2004 1808 2171 1874 elato
2187 1806 2249 1872 ?”
2338 1808 2664 1875 Emendat

262 1924 380 1983 εἰει
442 1938 565 1981 esee
609 1917 819 1981 mebius
863 1922 1007 1985 2050.

358 2134 484 2222 Ep.
535 2132 638 2199 66.
711 2135 748 2219 g
800 2135 863 2203 1.
940 2131 1323 2213 „Claranum
1345 2181 1363 2217 ,
1433 2131 1941 2219 condiscipulum
2010 2154 2227 2200 meum
2247 2185 2266 2220 ,
2329 2126 2474 2203 vidi
2521 2143 2666 2223 post

274 2240 563 2319 „multos
634 2260 827 2306 annos
850 2286 867 2318 ‚
947 2260 1072 2305 non
1131 2246 1288 2325 puto
1348 2246 1707 2325 exspectas,
1772 2245 1848 2305 ut
1907 2239 2181 2306 adiciam
2244 2263 2456 2308 senem
2476 2290 2492 2321 ‚
2555 2244 2663 2309 sed

276 2345 719 2424 „mehercules
766 2346 1036 2412 viridem
1087 2345 1302 2411 animo
1350 2365 1423 2410 ac
1469 2345 1796 2433 vigentem
1841 2352 1906 2410 et
1944 2367 2088 2412 cum
2136 2349 2510 2434 corpusculo
2549 2369 2664 2416 suo

276 2451 852 2532 „conluctantem”
945 2452 1219 2518 Laborat
1281 2451 1621 2517 verborum
1685 2454 2061 2537 compositio
2123 2457 2462 2538 asperitate
2509 2476 2664 2540 qua-

270 2560 414 2626 dam
441 2610 457 2632 ‚
509 2579 623 2625 nec
670 2578 795 2644 qua
840 2560 1157 2624 suavitate
1204 2556 1365 2622 solet
1412 2555 1686 2622 Senecae
1723 2557 1911 2622 stilus
1955 2558 2121 2624 fluit.
2168 2558 2503 2626 Praeterea
2535 2581 2662 2627 non

270 2671 366 2731 est
414 2662 793 2741 verisimile,
845 2662 1166 2728 Lucilium
1214 2682 1339 2728 non
1386 2670 1749 2747 exspectare
1803 2663 2001 2730 senile
2041 2664 2366 2749 epitheton
2406 2664 2662 2733 Clarani

271 2773 519 2837 nomini
565 2770 854 2836 additum
904 2772 1017 2847 iri,
1059 2780 1134 2834 ut
1178 2770 1289 2853 qui
1326 2788 1494 2833 nunc
1534 2768 1792 2834 demum
1838 2769 1915 2835 de
1953 2769 2178 2835 habitu
2216 2774 2492 2856 corporis
2532 2776 2664 2839 ani-

270 2880 491 2961 mique
538 2875 716 2941 illius
764 2875 1084 2942 doceatur.
1179 2874 1469 2959 Denique
1516 2875 1572 2939 si
1619 2875 1931 2940 sententia
1979 2876 2058 2942 ab
2106 2880 2278 2941 omni
2326 2883 2505 2963 parte
2551 2901 2661 2945 ex-

269 2980 623 3067 plereretur
646 3032 660 3057 ,
727 2982 876 3047 inde
938 2981 1094 3048 haec
1157 2980 1497 3047 affirmatio
1544 2980 1736 3066 paulo
1782 2980 2112 3046 absurdior
2158 2984 2486 3049 evaderet:
2536 3007 2661 3052 non

272 3095 458 3171 puto,
530 3093 821 3172 expectas
881 3093 955 3152 ut
1000 3087 1273 3154 adiciam
1322 3106 1534 3152 senem
1559 3132 1575 3164 ‚
1623 3086 1730 3152 sed
1776 3086 2168 3154 mehercules
2215 3096 2541 3173 exspectas
2589 3098 2666 3157 ut

275 3193 551 3260 adiciam
614 3194 886 3259 viridem
960 3215 1014 3258 e.
1064 3213 1123 3277 q.
1174 3214 1223 3257 s.
1288 3191 1696 3278 Transposita
1757 3195 2199 3260 coniunctione
2245 3198 2460 3262 omnia
2506 3196 2666 3263 luci·

275 3298 450 3366 diora
503 3305 568 3366 et
614 3300 855 3366 leviora
902 3297 1088 3365 fient:
1138 3320 1255 3365 non
1276 3346 1293 3376 ,
1342 3306 1410 3363 ut
1444 3307 1596 3382 puto
1615 3348 1633 3383 ,
1681 3310 1979 3382 exspectas
2025 3301 2282 3366 adiciam
2324 3324 2537 3370 senem·

364 3508 443 3574 In
488 3510 706 3575 eadem
735 3508 1003 3593 epistola
1028 3509 1065 3592 g
1091 3506 1198 3574 21.
1228 3508 1353 3574 duo
1376 3508 1690 3577 vocabula
1710 3507 1923 3576 locum
1949 3512 2117 3576 inter
2140 3533 2207 3578 se
2230 3518 2662 3581 mutaverunt.

287 3612 614 3691 „Eundem
680 3614 888 3681 locum
958 3614 1214 3680 habebit
1279 3615 1446 3700 apud
1509 3614 1698 3680 illum
1748 3622 1862 3693 (sc.
1914 3617 2081 3702 apud
2129 3619 2342 3685 virum
2394 3620 2666 3705 perfecte

285 3721 593 3807 „bonum)
640 3721 904 3787 honesta
950 3740 1079 3804 res,
1129 3722 1237 3786 sed
1288 3723 1491 3786 tristis
1537 3726 1729 3806 atque
1776 3742 2026 3807 aspera,
2078 3744 2268 3808 quem
2317 3728 2418 3791 vir
2464 3726 2665 3791 bonus

284 3849 549 3910 „pauper
597 3835 701 3891 aut
747 3829 918 3891 exsul
963 3850 1035 3891 ac
1068 3826 1408 3911 pallidue.’'
1457 3826 1634 3907 Quae
1670 3831 2109 3914 conjunctione
2147 3852 2219 3894 ac
2254 3830 2665 3918 colligantur,

282 3932 598 3999 artissime
661 3937 827 3998 inter
882 3954 948 3999 se
1010 3933 1376 4010 cohaerent;
1441 3932 1645 4019 pallor
1702 3944 1916 4000 autem
1968 3937 2094 4001 oris
2137 3938 2349 4023 magis
2395 3938 2463 4001 in
2510 3956 2664 4022 pau-

285 4055 490 4118 perem
545 4060 734 4125 quam
786 4042 850 4104 iu
901 4039 1151 4105 exulem
1199 4039 1399 4104 cadit:
1442 4039 1785 4128 legendum
1831 4042 2068 4127 igitur:
2111 4060 2302 4124 quem
2340 4043 2441 4108 vir
2464 4043 2665 4109 bonus

280 4146 448 4209 exsul
491 4156 600 4212 aut
640 4168 867 4230 pauper
916 4168 987 4211 ac
1018 4146 1318 4229 pallidus.

366 4350 670 4437 Ejusdem
740 4356 969 4440 capitis
1033 4356 1070 4439 ξ
1118 4353 1159 4418 6
1240 4356 1600 4421 continetur
1662 4353 1866 4420 finitio
1927 4356 2098 4439 eius,
2161 4356 2328 4442 quod
2394 4356 2665 4443 philoso-
