3192 5017
524 310 657 381 244
1592 335 1851 386 saxam.

526 507 697 592 pbus
732 509 989 590 primum
1037 510 1245 574 bonum
1290 508 1607 596 appellat,
1657 518 1783 577 tres
1829 514 1995 577 enim
2048 513 2197 577 boni
2246 513 2485 600 gradus
2542 512 2879 600 distinguit.

523 615 639 680 Est
683 616 883 679 enim:
942 618 1237 693 „animus
1282 616 1537 681 intuens
1585 637 1767 695 vera,
1816 619 2058 703 peritus
2096 618 2543 707 fugiendorum
2584 640 2656 685 ac
2695 628 2882 704 peten-

527 720 794 796 „dorum
868 769 1060 785 .....
1127 722 1561 805 pulcherrimus
1630 746 1756 786 omn
1811 724 2017 788 decore
2033 774 2052 809 ,
2117 747 2244 788 cum
2299 726 2531 789 viribus
2588 744 2800 789 sanus‘
2824 746 2884 789 ac

528 831 788 902 μέθεπε,
846 830 1353 912 inperturbatae,
1411 828 1768 913 intrepidus
1813 851 1867 895 e.
1920 850 1979 915 q.
2030 830 2117 895 s.'’
2211 831 2307 895 Ad
2357 831 2519 897 hanc
2567 831 2880 898 lectionem

523 936 676 998 satis
736 934 1074 999 absurdam
1146 932 1481 998 Fickertus
1552 941 1845 1000 annotat:
1910 933 2216 1012 „Codices
2262 936 2587 1003 nonnulli:
2627 939 2884 1022 pulcher·

527 1028 789 1123 „rimm,
851 1040 1361 1113 ordinatissimus,
1424 1040 1533 1105 sed
1594 1039 1715 1105 hoc
1774 1043 2100 1127 perspicue
2164 1042 2484 1108 adiectum
2548 1064 2585 1110 a
2646 1043 2886 1109 librario

526 1146 839 1229 „quodam
901 1152 975 1209 ut
1033 1144 1197 1210 illud
1256 1145 1659 1231 explicaret.”
1751 1145 1898 1212 Non
1960 1150 2052 1212 ita
2099 1152 2394 1233 opinatus
2443 1156 2538 1214 est
2585 1148 2884 1223 Haasius‚

524 1254 630 1337 qui
703 1251 1006 1317 ediderit:
1084 1252 1553 1337 pulcherrimus
1575 1299 1626 1324 ,-
1673 1253 2184 1319 ordinatissimus
2241 1275 2390 1319 cum
2457 1255 2700 1332 decore,
2765 1263 2885 1320 tum

523 1357 800 1430 viribus.
849 1378 1038 1422 sanus
1085 1379 1157 1423 ac
1204 1357 1500 1423 sincerus.
1596 1356 1689 1424 Ut
1733 1358 1987 1424 silentio
2035 1363 2469 1425 transmittam
2519 1359 2888 1426 vocabulum

521 1465 713 1529 siccus
772 1464 1089 1529 inutiliter
1146 1466 1213 1528 in
1274 1465 1541 1528 sincerus
1604 1470 1961 1541 mutatum,
2023 1465 2211 1531 lectio
2276 1464 2597 1533 Haasiana
2659 1469 2890 1552 optima

525 1570 778 1635 videtur
840 1572 895 1634 si
957 1590 1068 1655 pro
1131 1571 1639 1648 ordinatissimus,
1689 1571 2097 1636 substituetis
2142 1588 2639 1657 ossnsslssmoe,
2692 1580 2768 1638 ut
2810 1575 2893 1636 ita

524 1674 756 1740 Seneca
801 1676 1156 1760 scripserit:
1204 1676 1511 1762 (animus)
1536 1677 1976 1760 pulcherrimus
1994 1724 2010 1752 ‚
2047 1678 2461 1742 ornatissimus
2496 1701 2626 1742 cum
2664 1681 2892 1755 decore,

526 1791 648 1843 tum
696 1780 962 1847 viribue:
1010 1784 1052 1845 i.
1101 1802 1156 1847 e.
1206 1779 1417 1866 ample
1463 1786 1529 1847 et
1575 1788 1913 1850 venustate
1959 1788 2024 1848 et
2072 1784 2291 1849 robore
2335 1785 2683 1869 praeditus.
2733 1823 2814 1834 —

616 1993 729 2080 Ep.
782 1993 887 2060 70.
939 1994 976 2077 g
1024 1990 1132 2057 23.
1202 1992 1414 2073 „Quid
1476 1990 1668 2080 ergo?
1732 1992 1896 2077 quod
1945 1995 2141 2058 animi
2188 1994 2423 2079 perditi
2469 1996 2721 2080 quoque
2773 1997 2894 2082 [no-

532 2101 757 2185 „xiosiJ
817 2100 1052 2166 habent
1073 2146 1089 2178 ‚
1151 2119 1272 2164 non
1336 2099 1662 2164 habebunt
1721 2098 1822 2164 illi
1868 2118 2025 2184 quos
2072 2100 2374 2165 adversus
2420 2099 2534 2166 bos
2577 2122 2766 2167 casus
2809 2104 2897 2165 in-

531 2209 804 2291 „struxit
872 2205 1067 2293 longa
1134 2204 1468 2271 meditatio
1535 2211 1600 2268 st
1668 2206 1977 2292 magistra
2036 2225 2249 2270 rerum
2314 2206 2600 2287 omnium
2665 2205 2894 2274 ratio.’'

525 2312 747 2378 Sermo
793 2317 890 2376 est
936 2311 1013 2377 de
1060 2327 1265 2376 morte
1306 2309 1783 2376 contemnenda.
1833 2308 1982 2376 Tria
2021 2311 2313 2396 exempla
2352 2318 2724 2378 enumerata
2764 2318 2900 2379 sunt

524 2419 974 2492 barbarorum,
1042 2417 1152 2501 qui
1218 2415 1389 2482 ludis
1449 2415 1848 2502 gladiatoriis
1895 2416 1997 2482 vel
2049 2417 2369 2483 bestiariis
2416 2417 2751 2498 destinati,
2803 2440 2897 2486 vo-

523 2524 801 2590 luntaria
851 2529 1051 2588 morte
1098 2521 1369 2588 dedecus
1417 2522 1578 2587 illud
1624 2525 2038 2588 evitaverunt.
2135 2523 2277 2588 Non
2327 2523 2580 2589 fuerant
2625 2525 2730 2591 illi
2766 2548 2898 2609 per·

524 2631 675 2707 diti,
747 2628 1102 2714 epitheton,
1172 2628 1335 2713 quod
1406 2626 1708 2693 ultimam
1782 2647 2032 2693 morum
2098 2627 2562 2712 depravitatem
2627 2630 2895 2707 indicat,

524 2741 727 2802 immo
775 2738 901 2803 viri
948 2736 1282 2800 fortissimi
1305 2783 1320 2811 ‚
1371 2734 1481 2818 qui
1528 2753 1783 2799 summo
1832 2735 2047 2800 animo
2092 2754 2160 2799 ss
2204 2734 2329 2819 ipsi
2369 2744 2574 2801 morte
2613 2739 2681 2802 in
2725 2738 2901 2804 liber-

526 2850 724 2909 tatem
773 2843 1269 2910 vindicaverant.
1333 2839 1667 2905 Praeterea
1708 2840 1935 2922 perditi
1981 2860 2105 2906 non
2152 2849 2557 2925 opponuntur
2602 2843 2715 2919 iis,
2771 2865 2902 2930 qnos

526 2953 702 3033 lonya
746 2951 1049 3014 meditatio
1094 2955 1151 3011 et
1187 2947 1345 3010 ratio
1384 2947 1668 3011 adversus
1706 2947 1810 3010 hos
1844 2968 2016 3010 earm
2054 2947 2364 3011 instruxit.
2409 2947 2498 3013 Ut
2537 2951 2605 3013 in
2640 2947 2900 3016 Graecia

522 3066 645 3129 τοῖς
688 3055 1058 3136 φιλοσόφοις
1097 3055 1148 3117 οἱ
1190 3052 1422 3118 ἳδιῶται
1463 3058 1900 3137 opponuntur,
1941 3055 2100 3118 item
2139 3058 2435 3136 sapientes
2467 3054 2897 3122 Romanorum

524 3164 763 3251 vulgus
822 3168 1145 3246 tamquam
1196 3159 1499 3243 imperitos
1545 3159 1920 3244 despiciunt.
2017 3158 2390 3247 Legendum
2437 3163 2677 3248 igitur:
2741 3162 2905 3245 Quod

522 3272 711 3336 animi
778 3272 848 3351 (i.
898 3289 953 3333 e.
1016 3273 1324 3355 quantum
1388 3265 1616 3349 animi)
1663 3282 1950 3330 mmmm
1997 3287 2222 3351 quoque
2266 3266 2516 3343 habent,
2562 3290 2683 3332 m
2729 3271 2898 3333 babe-

522 3378 666 3441 bunt
710 3376 815 3439 illi
858 3397 1002 3462 quos
1047 3397 1094 3439 e.
1125 3398 1179 3459 q.
1207 3397 1251 3437 e.
1306 3372 1476 3453 Quid
1522 3371 1600 3436 de
1645 3370 1912 3435 nomimis
1958 3371 2092 3436 illis
2137 3377 2454 3455 statuam,
2502 3393 2628 3438 non
2664 3373 2897 3441 habeo:

521 3481 855 3548 Fickertus
903 3500 1051 3547 vero
1098 3480 1485 3563 suspicatur:
1537 3477 1705 3541 nomi
1747 3476 1851 3543 vel
1899 3478 2161 3561 nomio-ri,
2212 3498 2359 3543 nam
2407 3480 2575 3544 inter
2621 3481 2737 3546 has
2776 3481 2893 3547 for-

521 3608 660 3654 mas
730 3587 881 3652 libri
952 3586 1200 3653 variant
1220 3634 1234 3655 ‚
1307 3583 1666 3668 explicandi
1737 3603 1924 3649 causa
1999 3591 2144 3668 post
2224 3584 2520 3667 „perditi”
2588 3587 2895 3652 insertum

521 3715 654 3762 esse
670 3714 687 3773 3
754 3713 913 3779 quae
971 3693 1246 3775 suspicio
1310 3697 1376 3756 et
1429 3692 1742 3776 scriptura
1805 3689 2042 3755 codicis
2089 3690 2422 3756 cuiusdam
2469 3696 2536 3756 et
2581 3712 2684 3771 eo,
2736 3690 2895 3779 quod

520 3802 717 3867 etiam
788 3798 1089 3865 adverbio
1150 3818 1376 3882 quoque
1435 3796 1985 3881 interpretamenti
2052 3794 2189 3862 loco
2257 3795 2445 3879 „ipsi”
2507 3796 2886 3884 adscriptum

521 3914 648 3986 est,
700 3904 1059 3972 confirmari
1106 3904 1381 3969 videtur.

609 4116 728 4203 Ep.
792 4113 940 4181 118.
1011 4112 1182 4199 „Sua
1226 4115 1427 4180 satius
1473 4118 1569 4179 est
1617 4110 1789 4177 mala
1833 4131 2026 4196 quam
2074 4111 2279 4177 aliena
2323 4119 2634 4191 tractare,
2682 4135 2748 4180 se
2791 4132 2890 4177 ex·

525 4231 777 4307 „cutere
839 4226 902 4288 et
947 4221 1161 4289 videre
1208 4240 1400 4306 quam
1450 4217 1807 4283 multarum
1858 4238 2067 4282 rerum
2117 4218 2488 4284 candidatus
2535 4223 2621 4286 sit
2666 4232 2731 4286 et
2773 4238 2887 4284 non

524 4326 959 4418 „suffragari.”
1049 4326 1267 4391 Huius
1326 4324 1678 4390 sententiae
1720 4324 2245 4409 compositionem
2296 4325 2606 4411 gravibus
2651 4321 2884 4393 mendis

515 4432 829 4513 laborare,
880 4452 1065 4500 nemo
1112 4432 1394 4518 negabit.
1466 4429 1625 4509 Quis
1671 4436 1767 4495 est
1813 4427 1926 4495 ille
1971 4429 2382 4494 candidatus?
2432 4428 2554 4497 Oui
2599 4451 2720 4498 non
2768 4428 2884 4496 suf·
