3192 5017
1368 276 1602 341 imus.
2526 260 2652 338 40'1

363 464 482 531 Sed
529 472 677 530 ante
724 466 937 530 omnia
983 465 1060 530 de
1106 466 1370 529 testium
1420 462 1542 529 fide
1589 470 1655 528 et
1701 462 2075 528 auctoritate
2122 468 2409 527 constare
2450 462 2654 527 debet.

274 570 555 650 Qustnor
617 591 750 635 esse
812 575 1120 655 putantur
1180 569 1521 656 Polybius,
1587 568 1844 646 Livius,
1911 566 2230 633 Diodorus
2297 567 2552 634 Siculus
2596 574 2663 632 et

272 678 604 762 Appianas
650 677 716 740 in
767 675 1213 759 Macedonicis,
1261 676 1373 740 sed
1418 682 1568 739 sunt
1615 675 1741 740 duo
1789 681 2078 748 tantum,
2114 695 2388 759 namque
2435 675 2661 740 Livius

274 790 448 848 totus
506 805 544 848 a
603 781 878 868 Polybio
933 781 1167 867 pendet
1228 789 1293 846 et
1350 780 1670 848 Diodorus
1731 780 1826 846 nil
1871 781 1996 845 nisi
2042 780 2400 846 incredibili
2447 784 2665 865 impu-

278 888 490 954 dentia
556 887 915 974 Polybiane
981 887 1329 972 descripsit.
1429 888 1587 968 Quis
1658 890 1743 952 sit
1814 886 1926 951 ille
1997 890 2178 952 testis
2248 889 2532 971 optimus
2599 893 2665 951 et

278 997 720 1059 veracissimus
782 1002 848 1059 et
906 1014 1120 1058 rerum
1181 1001 1510 1080 gestarum
1575 993 1860 1078 aequalis
1926 999 1991 1058 et
2037 994 2496 1075 παρρησιαςής,
2545 995 2659 1077 qui

279 1103 349 1164 in
392 1100 669 1184 Appiani
708 1099 872 1165 libro
911 1098 1129 1176 lateat,
1168 1098 1651 1183 deprehendisse
1692 1098 1856 1163 mihi
1897 1099 2116 1164 videor
2155 1106 2220 1165 et
2257 1099 2422 1165 infra
2459 1106 2666 1165 osten-

279 1206 429 1272 dere
472 1207 764 1273 conabor.

372 1313 683 1400 Polybius
740 1315 841 1377 vir
884 1314 1103 1398 gravis
1149 1316 1215 1376 et
1259 1317 1549 1377 austerus
1595 1332 1721 1377 non
1769 1310 1968 1377 semel
2013 1313 2460 1379 historicorum
2511 1335 2661 1380 suae

283 1421 511 1485 aetatis
555 1418 1017 1507 negligentiam
1066 1417 1468 1502 reprehendit
1513 1418 1625 1503 qui
1672 1438 1796 1483 non
1838 1421 1994 1483 satis
2034 1418 2472 1485 discernebant
2509 1420 2666 1505 quid

282 1525 617 1591 interesset
660 1527 827 1589 inter
871 1525 981 1598 την
1027 1524 1228 1603 ἀρχὴν
1274 1527 1382 1588 τοῦ
1431 1525 1704 1601 πολέμου
1743 1530 1808 1589 et
1844 1527 1955 1598 τὴν
1994 1528 2101 1589 τοῦ
2142 1525 2413 1603 πολέμου
2455 1526 2666 1591 αἰτίαν

284 1638 352 1697 et.
408 1633 525 1702 τοὶς
589 1637 696 1696 τοῦ
762 1638 1060 1707 πολεμεῖν
1124 1629 1488 1710 προφάσεις.
1552 1628 1668 1694 ΙΙΙ.
1720 1627 1797 1694 6:
1847 1631 1997 1695 άλλ’
2046 1630 2171 1699 ἔςιν
2221 1634 2538 1711 άνθρώπων
2588 1635 2671 1699 τὰ

284 1743 549 1802 τοιαῦτα
615 1738 702 1816 μὴ
767 1737 1170 1813 διειληφότων
1220 1737 1385 1815 α’ρχη
1433 1737 1498 1800 τί
1544 1735 1816 1816 διαφέρει
1870 1735 1975 1800 καὶ
2023 1737 2207 1801 πόσον
2259 1736 2530 1812 διέςηκεν
2583 1739 2677 1801 αἱ·

285 1845 426 1914 τίας
495 1843 599 1907 καὶ
678 1842 1045 1922 προφάσεως
1070 1891 1086 1919 ,
1151 1841 1343 1927 idque
1405 1841 1632 1906 multis
1694 1839 1989 1906 declarat.
2088 1842 2266 1908 Idem
2331 1843 2676 1930 diligenter

288 1949 565 2015 ostendit
627 1950 703 2014 de
763 1948 931 2013 bello
994 1948 1249 2014 Persico
1310 1947 1588 2012 scribens
1650 1945 1866 2012 XXII.
1924 1945 2069 2012 12⁶:
2124 1950 2230 2013 οὐκ
2276 1951 2478 2028 ἀγνοῶ
2524 1949 2672 2015 διότι

290 2057 448 2127 τινὲς
522 2062 636 2120 τῶν
709 2053 1201 2136 συγγραφόντων
1275 2053 1407 2134 περὶ
1479 2057 1586 2117 τοῦ
1653 2053 1951 2124 συςάντος
2016 2055 2335 2132 Ῥωμαίοις
2402 2053 2676 2131 πολέμου

293 2162 436 2241 πρὸς
505 2160 742 2242 Περσέα
791 2160 1155 2238 βουλόμενοι
1202 2161 1321 2231 τάς
1371 2160 1579 2231 αἰτίας
1633 2162 1779 2235 ἡμῖν
1828 2160 2255 2227 ἀποδεικνύναι
2302 2172 2413 2239 τῆς
2463 2163 2678 2244 διαφο-

294 2271 400 2349 ράς
467 2274 697 2346 πρῶτον
761 2268 872 2342 μὲν
933 2268 1349 2347 ἀποφαίνουσι
1413 2268 1524 2341 την
1587 2265 2027 2347 Ἀβρουπόλιος
2093 2267 2393 2334 ἔκπτωσιν
2453 2271 2520 2333 ἐκ
2568 2278 2679 2343 τῆς

296 2375 453 2446 ἰδίας
519 2374 844 2446 δυναςείας
905 2374 981 2443 ὦς
1047 2372 1553 2452 καταδραμόντος
1617 2375 1806 2438 αὐτοῦ
1868 2375 1953 2439 τά
2002 2376 2177 2454 παρὰ
2223 2379 2293 2441 τὸ
2343 2376 2681 2454 Πάγγαιον

301 2483 600 2557 μέταλλα
672 2480 844 2556 μετὰ
909 2481 1010 2542 τὸν
1072 2485 1179 2543 τοῦ
1245 2479 1557 2543 Φιλίππου
1605 2479 1886 2544 θάνατον.
1938 2480 2204 2561 Περσεὺς
2249 2482 2310 2547 δὲ
2363 2484 2683 2562 παραβοη-

300 2588 485 2662 θήσας
536 2585 644 2650 καὶ
690 2582 1075 2663 τρεψάμενος
1123 2585 1462 2664 ὁλοσχερῶς
1512 2583 1784 2662 ἐξέβαλε
1831 2587 1934 2650 τὸν
1983 2588 2396 2667 προειρημένον
2446 2590 2513 2653 ἐκ
2571 2599 2682 2665 τῆς

302 2692 454 2765 ἰδίας
528 2693 766 2772 ἀρχῆς·
830 2688 968 2765 ἑξῆς
1031 2691 1094 2754 δὲ
1157 2692 1361 2772 ταύτῃ
1424 2694 1532 2764 τὴν
1596 2693 1683 2763 εἷς
1738 2694 2051 2757 Δολοπίαν
2110 2693 2375 2770 ἐσβολὴν
2423 2696 2526 2760 καὶ
2576 2699 2686 2770 τὴν

301 2802 383 2871 εἷς
446 2798 736 2875 Δελφοὺς
797 2799 1135 2875 παρουσίαν
1201 2797 1506 2880 Περσέως,
1571 2795 1661 2861 ἔτι
1709 2799 1770 2862 δὲ
1818 2800 1926 2872 τὴν
1977 2798 2288 2875 Εὐμένους
2337 2806 2445 2865 τοῦ
2491 2800 2685 2878 βασι-

304 2904 450 2977 λέως
515 2904 848 2982 ἐπιβουλὴν
905 2902 1232 2981 γενομένην
1297 2904 1358 2967 ἐν
1424 2910 1700 2985 Δελφοῖς
1769 2904 1872 2967 καὶ
1932 2907 2043 2979 την
2106 2912 2223 2969 τῶν
2282 2907 2349 2970 ἐκ
2399 2908 2686 2980 Βοιωτίας

304 3012 615 3092 πρέσβεων
662 3008 1003 3093 άναίρεσιν,
1055 3008 1126 3087 ἐξ
1172 3006 1248 3074 ὧν
1299 3007 1439 3073 ἔνιοί
1485 3015 1649 3091 φασι
1699 3014 1892 3089 φῦναι
1944 3020 2169 3090 Περσεῖ
2210 3013 2313 3076 τὸν
2363 3012 2506 3094 πρὸς
2553 3020 2691 3079 Ῥω-

308 3119 526 3197 μαίους
576 3115 868 3192 πόλεμον.
921 3119 1088 3194 Ἐγὼ
1137 3114 1200 3179 δέ
1247 3124 1415 3194 φημι
1465 3119 1831 3194 κυριώτατον
1878 3117 1990 3193 μὲν
2036 3112 2192 3181 εἶναι
2245 3118 2352 3182 καὶ
2404 3127 2527 3192 τοῖς
2581 3126 2692 3202 φι-

310 3225 639 3299 λομαθοῦσι
688 3224 756 3286 τὸ
806 3225 1169 3300 γιγνώσκειν
1216 3222 1334 3291 τάς
1383 3222 1592 3294 αἰτίας
1619 3273 1634 3298 ,
1680 3219 1748 3298 ἐξ
1786 3218 1860 3285 ὧν
1900 3223 1983 3287 τά
2027 3223 2196 3287 κακά
2238 3229 2555 3302 γεννᾶται.
2609 3265 2692 3275 -

311 3330 703 3408 συγκέχυται
753 3330 814 3393 δὲ
863 3333 1071 3392 ταῦτα
1119 3329 1291 3406 παρὰ
1345 3335 1469 3399 τοῖς
1518 3329 1792 3400 πλείςοις
1839 3334 1956 3391 τῶν
2005 3331 2426 3412 συγγραφέων
2474 3333 2576 3398 διά
2624 3335 2693 3398 τὸ

313 3440 398 3513 μὴ
463 3442 709 3516 κρατεῖν
770 3436 885 3498 τίνι
948 3434 1226 3513 διαφέρει
1274 3434 1584 3514 πρόφασις
1639 3431 1888 3511 αἰτίας,
1940 3435 2043 3499 καὶ
2090 3435 2284 3501 πάλιν
2328 3438 2694 3520 προφάσεως

314 3546 480 3623 άρχη
543 3542 835 3619 πολέμου.
898 3543 1002 3606 καὶ
1067 3546 1167 3605 νῦν
1227 3541 1289 3605 δὲ
1338 3547 1453 3604 τῶν
1503 3538 1898 3620 πραγμάτων
1945 3543 2148 3605 αὐτῶν
2196 3566 2696 3623 προσυπομιμνη-

311 3651 570 3715 σκόντων
633 3647 1043 3725 ἠνάγκασμαι
1104 3646 1295 3711 πάλιν
1358 3646 1820 3711 άνανεώσασθαι
1886 3646 1989 3712 τὸν
2050 3648 2237 3713 αὐτὸν
2299 3649 2516 3728 λόγον·
2583 3657 2700 3716 τῶν

309 3757 433 3837 γάρ
481 3753 621 3836 ἄρτι
669 3755 955 3836 ῥηθέντων
1005 3751 1398 3833 πραγμάτων
1448 3753 1533 3817 τά
1581 3753 1696 3830 μὲν
1745 3755 1959 3834 πρῶτα
2009 3757 2351 3836 προφάσεις
2401 3757 2555 3841 εἶσὶ,
2613 3759 2700 3821 τά

314 3862 375 3926 δὲ
430 3867 773 3927 τελευταῖα
836 3861 923 3923 τὰ
987 3860 1122 3938 περ)
1172 3861 1283 3934 την
1329 3863 1438 3923 τοῦ
1482 3857 1798 3938 βασιλέως
1852 3858 2162 3937 Εὐμένους
2206 3861 2544 3937 ἐπιβουλὴν
2592 3863 2698 3926 καὶ

315 3969 397 4032 τὰ
459 3967 591 4047 περὶ
659 3967 1051 4047 πρεσβευτῶν
1096 3966 1406 4046 άναίρεσιν
1454 3965 1559 4031 καὶ
1609 3965 1845 4037 τούτοις
1894 3963 2076 4046 ἕτερα
2123 3971 2539 4047 παραπλήσια
2584 3975 2703 4033 τῶν

316 4075 484 4140 κατὰ
542 4075 683 4145 τοὺς
733 4072 953 4144 αὐτοὺς
1006 4071 1245 4153 καιροὺς
1293 4070 1637 4149 γεγονότων
1686 4072 1853 4153 άρχὺ
1902 4069 2195 4150 πρόδηλος
2245 4079 2351 4137 τοῦ
2401 4074 2700 4146 συςάντος

315 4181 630 4257 Ῥωμαίοις
698 4180 799 4243 καὶ
871 4186 1098 4258 Περσεῖ
1152 4176 1424 4253 πολέμου
1475 4176 1577 4242 καὶ
1631 4180 1738 4241 τοῦ
1785 4177 2211 4250 καταλυθῆναι
2259 4181 2368 4253 τὴν
2414 4177 2704 4244 Μακεδό-

321 4313 423 4352 νων
470 4286 707 4367 άρχήν·
769 4285 947 4350 αἰτία
994 4284 1056 4349 δὲ
1104 4282 1332 4349 τούτων
1380 4284 1597 4354 άπλῶς
1644 4283 1767 4351 έςὶν
1814 4281 2090 4360 οὐδεμία.
2189 4282 2365 4364 Quae
2410 4293 2546 4351 erat
2583 4290 2706 4374 igi·

322 4400 426 4457 tur
488 4414 637 4457 vera
694 4390 848 4457 belli
908 4388 1139 4456 eausa?
1201 4389 1536 4474 respondet
1583 4388 1924 4477 Polybius:
1975 4389 2282 4459 Φίλιππον
2328 4394 2429 4459 τὸν
2481 4405 2705 4475 Δημη-
