3192 5017
477 185 568 253 24
1496 204 1857 256 nummum.

1713 377 1812 454 ἥδε
1863 378 2006 456 πρὸς
2054 360 2214 447 θεῶν

939 489 1150 565 ψῆφος
1200 483 1563 564 κέκρανται·
1616 482 1958 550 κατθανεῖν
2009 486 2460 564 ὃφείλετε.,

478 590 670 653 sicuti
717 590 784 652 in
831 589 948 653 hac
997 592 1136 674 ipsa
1182 591 1507 677 tragoedia
1554 590 2004 656 Andromache
2054 613 2245 677 supra
2290 592 2535 679 legitur
2575 614 2670 658 νε.
2714 591 2871 658 622:

479 700 659 759 τοῦτο
707 698 810 760 καὶ
859 696 1148 761 σκοπεῒτέ
1196 720 1296 775 μοι
1319 719 1358 780 ·,
1406 704 1707 775 μνηςῆρες
1760 703 1823 761 et
1871 718 1964 762 νε.
2017 696 2182 763 950:
2250 701 2392 779 πρὸς
2444 698 2585 763 τάδ’
2635 696 2700 764 εὖ
2748 703 2869 782 φυ-

483 799 779 866 λάσσετε.

571 1074 753 1154 Quod
799 1076 867 1138 in
915 1072 1270 1139 Troadibus
1318 1094 1410 1139 vs.
1463 1075 1549 1141 42
1602 1076 1679 1142 de
1727 1075 2048 1142 Cassandra
2096 1074 2368 1139 dicitur:

1703 1177 1769 1255 ἣν
1819 1182 1882 1246 δὲ
1930 1177 2232 1260 παρθένον

836 1282 1125 1361 μεθῆκ’
1177 1285 1505 1349 Ἀπόλλων
1552 1286 1830 1364 δρομάδα
1883 1287 2247 1364 Κασάνδραν
2306 1285 2517 1364 ἄναξ,

477 1396 756 1478 praestat
816 1388 1033 1461 ἔθηκ’
1098 1390 1460 1465 Ἀπόλλων,
1518 1395 1713 1457 sicuti
1761 1399 1930 1458 recte
1977 1414 2074 1459 νε.
2129 1391 2297 1457 350:
2347 1391 2483 1458 οὐδέ
2532 1395 2591 1456 σ’
2637 1394 2705 1457 αἱ
2753 1393 2864 1459 τύ-

480 1523 640 1580 χαι,
692 1496 930 1579 τέκνον,
980 1499 1176 1577 σοφην
1224 1493 1475 1570 ἔθηκαν.

564 1680 949 1767 Talthybius
996 1680 1074 1745 de
1120 1678 1438 1747 Casandra
1486 1682 1675 1747 refert
1725 1703 1815 1747 vs.
1867 1679 2039 1746 416:

1525 1789 1630 1851 καὶ
1680 1786 1863 1861 πένης
1910 1786 2025 1863 μέν
2073 1788 2198 1863 εἶμ’
2245 1785 2408 1871 ἐγώ,

842 1893 1003 1972 άτάρ
1056 1891 1372 1973 λέχοςγε
1423 1902 1532 1967 τῆς
1582 1895 1637 1958 δ’
1685 1892 1761 1958 ἂν
1808 1895 1915 1957 οὐκ
1966 1892 2459 1971 ἐκτησάμην.

569 2000 781 2065 Stulte
827 2000 946 2064 hoc
992 1998 1250 2082 quidem
1276 2049 1289 2073 ‚
1343 2021 1491 2063 nam
1540 2002 1755 2086 regiae
1805 1999 2085 2085 virg-ines
2134 2019 2258 2064 non
2306 1998 2510 2063 solent
2565 2001 2860 2084 pauperi-

479 2108 598 2171 bus
659 2106 928 2180 elocari;
979 2115 1238 2189 apparet
1286 2112 1500 2170 tamen
1547 2105 1700 2189 quid
1749 2126 1973 2189 praeco
2022 2105 2225 2169 dicere
2271 2104 2583 2181 voluerit,
2634 2125 2863 2189 nempe

478 2234 545 2278 se
608 2213 861 2286 mirari,
927 2231 1039 2275 cur
1099 2209 1548 2296 Agamemnon
1613 2210 1821 2275 furore
1884 2212 2220 2274 incitatam
2268 2210 2688 2274 concubinam
2736 2210 2860 2275 sibi

479 2318 836 2401 expetierit.
882 2315 1135 2400 Pauper
1182 2335 1302 2400 ego
1350 2321 1494 2379 suth
1518 2365 1533 2392 ,
1584 2315 1827 2399 inquit,
1877 2315 1986 2379 sed
2034 2315 2224 2379 talem
2275 2315 2438 2378 mihi
2485 2313 2726 2385 nolim:

1558 2422 1663 2484 καὶ
1713 2420 1893 2493 πένης
1945 2421 2059 2499 μέν
2108 2422 2233 2497 εἶμ’
2285 2422 2407 2499 ἐγώ

929 2527 1091 2606 άταρ
1139 2526 1326 2605 λέχος
1379 2549 1459 2601 γε
1508 2524 1673 2600 τῆςδ’
1722 2526 1796 2590 ἂν
1843 2527 1949 2590 οὐκ
2000 2527 2450 2606 ᾐτησάμην.

477 2632 617 2699 Hoc
681 2631 864 2697 facile
921 2630 1251 2696 intellectu
1315 2639 1429 2696 est.
1480 2629 1576 2696 Of.
1628 2635 1681 2695 si
1732 2634 1895 2696 tanti
1943 2639 2039 2696 est
2090 2629 2316 2696 Troad.
2366 2630 2516 2707 980,
2576 2631 2749 2697 1133
2797 2638 2864 2697 et

476 2740 640 2805 Hec.
686 2737 838 2803 390.

564 2922 714 2988 Sine
760 2944 946 2988 sensu
994 2943 1088 2987 νε.
1142 2919 1273 2984 440
1322 2919 1643 2986 Oasandra
1692 2923 2079 2986 vaticinatur
2128 2922 2204 2986 de
2252 2920 2418 2987 Solis
2466 2924 2709 2998 bubus,

1021 3023 1087 3092 αἳ
1135 3027 1335 3107 σάρκα
1384 3029 1752 3105 Φωνήεσσαν
1803 3025 2134 3102 ἥσουσίν
2184 3051 2367 3104 ποτε,

1022 3134 1241 3212 πικράν
1288 3134 1585 3198 Ὀδυσσεῖ
1628 3142 1836 3211 γῆρυν.

474 3242 759 3328 Respicit
806 3246 1025 3325 poeta,
1074 3239 1242 3324 quod
1292 3242 1486 3304 etiam
1536 3242 1716 3324 pueri
1766 3239 2175 3327 intelligunt,
2225 3239 2491 3305 Homeri
2542 3242 2732 3307 verba
2790 3244 2855 3306 in

473 3350 703 3436 Odyss.
756 3371 807 3424 μ
858 3344 1026 3410 394:

740 3460 932 3517 τοῖσιν
982 3451 1034 3515 δ’
1080 3449 1284 3515 αὐτίκ’
1332 3449 1553 3515 ἔπειτα
1602 3452 1715 3515 θεοὶ
1764 3452 1958 3530 τέραα
2006 3451 2413 3532 προῦφαινον·

743 3554 941 3638 εἷρπον
986 3558 1097 3634 μὲν
1145 3559 1316 3636 ῥινοί,
1370 3556 1513 3635 κρέα
1563 3555 1620 3619 δ’
1671 3558 1841 3635 aba&
1893 3558 2136 3636 ὀβελοῖς
2187 3557 2518 3635 ἐμεμύκει,

741 3664 1023 3729 ὀπταλέα
1074 3687 1143 3725 τε
1194 3665 1296 3726 καὶ
1350 3664 1529 3737 ὠμά·
1579 3663 1736 3739 βοῶν
1785 3662 1836 3725 δ’
1885 3666 1960 3735 ὡς
2010 3664 2265 3741 γίγνετο
2313 3665 2507 3741 Φωνή.

464 3775 587 3840 Sed
635 3773 836 3852 Φωνὴν
887 3770 1039 3835 ἱέναι
1090 3769 1241 3853 quid
1290 3771 1410 3851 sit,
1463 3771 1619 3832 satis
1670 3772 1969 3834 novimus
1986 3796 2001 3847 3
2055 3770 2207 3853 quid
2256 3776 2472 3834 autem
2515 3777 2610 3834 est
2650 3771 2852 3851 σάρκα

467 3877 658 3946 ἱένκιῗ
707 3874 1136 3942 Kirchhoffius
1185 3874 1436 3958 putavit
1484 3878 1640 3938 satis
1690 3895 1862 3958 esse,
1911 3877 1965 3938 si
2016 3876 2383 3939 rescriberet
2430 3870 2695 3958 ἕξουσιν,
2746 3876 2854 3941 sed

466 4009 615 4051 eum
691 3986 902 4067 ipsum
978 3980 1197 4067 fugere
1261 4001 1382 4043 non
1450 3982 1694 4064 potuit,
1761 4001 1951 4063 quam
2019 4000 2245 4065 parum
2308 3988 2492 4064 poeta
2541 3981 2735 4069 digna
2781 4003 2855 4047 ea

464 4092 701 4157 locutio
764 4090 868 4150 sit.
944 4086 1076 4150 Nec
1140 4088 1351 4171 magis
1399 4086 1606 4149 dicere
1655 4087 1856 4169 possis
1904 4087 2216 4170 quomodo
2267 4085 2654 4150 facillimum
2708 4108 2852 4152 ver-

461 4200 615 4262 bum
673 4191 904 4268 ἕξουσιν
969 4195 1202 4257 mutari
1259 4193 1539 4277 potuerit
1588 4195 1654 4255 in
1707 4189 1968 4266 ἥσουσιν,
2044 4191 2168 4258 Sed
2215 4192 2367 4277 quid
2417 4213 2588 4259 cesso
2635 4214 2855 4261 veram

468 4305 805 4371 lectionem
857 4296 1263 4386 expromere?
1314 4298 1519 4384 Lege:
