3192 5017
459 259 591 329 376
1437 280 1862 329 nnsrofflma.

491 473 506 486 ·
551 452 1080 531 Λαμπαδιονι
1130 453 1239 527 τὴν
1285 453 1519 526 λεπτην
1567 451 1835 535 κειρίαν,
1894 451 1953 516 ἐν
2002 449 2039 532 ᾗ
2086 451 2473 517 ε’πιδιδέασιν.

548 559 796 626 Codex:
847 560 907 623 ἐν
957 556 994 639 ᾗ
1038 558 1433 636 ἐπιδιδοῢσιν,
1485 561 1553 622 in
1602 577 1724 642 quo
1764 558 1922 622 latet
1963 557 2261 623 ἕπιδοῦσιν
2302 559 2567 639 obliqcmt
2610 561 2849 637 nubum,

458 667 538 732 ab
588 665 844 740 ἐπιδεῖν,
897 664 1064 749 quod
1112 665 1280 750 apud
1327 665 1588 730 seriores
1636 683 1884 749 quoque
1934 666 2147 729 Attico
2194 684 2370 729 more
2430 665 2846 729 contrahitur.

458 773 658 859 Saepe
696 772 864 857 apud
905 768 1224 837 Galerium
1268 770 1508 857 legitur
1547 770 1802 846 ἕπιδῶν,
1840 770 2163 845 ἐπιδοῦσιν,
2210 770 2581 835 ἐπιδοῦνται.
2631 769 2845 836 Etiam

456 880 869 967 grammatici
931 899 1006 943 ea
1051 877 1256 942 forma
1302 876 1664 941 utebantur.
1714 875 2081 961 Hesychius
2127 875 2610 948 Βειέλοπεςε
2661 875 2850 953 ἱμάν-

457 1010 601 1060 τες,
651 980 734 1056 οἷς
783 983 1072 1049 οἶναδοῦσι
1124 982 1599 1058 Λακεδαιμόνιοι
1649 981 1790 1054 τοὺς
1841 982 2217 1060 νικηφόρους.
2312 981 2494 1061 Quod
2538 991 2854 1066 reponunt

461 1090 828 1156 ἐπιδιδέασιν
895 1090 1100 1155 forma
1162 1095 1256 1154 est
1302 1095 1603 1173 pervetus
1656 1087 1867 1153 Ionica
1914 1095 1978 1153 et
2028 1089 2250 1153 Attica
2297 1108 2333 1152 a
2379 1085 2850 1154 Grammatico·

458 1220 601 1263 rum
649 1217 937 1263 sermone
984 1195 1394 1260 alienissima.

551 1304 887 1368 Praeterea
933 1301 1086 1367 tolle
1135 1300 1466 1366 molestam
1517 1302 2037 1385 praepositionem
2087 1305 2152 1365 et
2197 1301 2438 1365 scribe:
2486 1298 2707 1379 κειρίαν
2731 1345 2749 1377 ,
2810 1296 2850 1380 ᾖ

461 1410 785 1475 ἔπιδοῦσιν.

554 1624 622 1690 In
675 1624 1064 1711 pereleganti
1113 1619 1459 1688 versiculo:

916 1728 1146 1802 Λυδικῆ
1194 1727 1353 1797 λίθος
1401 1725 1632 1804 σίδηρον
1679 1727 1928 1801 τηλόθεν
1975 1724 2398 1806 προσηγάγου.

464 1836 864 1903 scribendum
916 1835 1109 1908 Λυδίη
1158 1833 1339 1904 λίθος.
1388 1830 1755 1898 Archilochi
1801 1832 1978 1898 locus
2027 1854 2160 1898 esse
2205 1833 2480 1897 videtur.

559 2050 1299 2129 ΜΑδρυνθήσομαιε
1350 2048 1849 2131 κολασθήσομαι,
1901 2046 2399 2129 ἐπιτριβήσομαι.

555 2155 889 2240 Spernitur
967 2152 1281 2219 Dindorfii
1358 2158 1529 2219 certa
1599 2154 1954 2219 emendatio
2025 2154 2697 2231 ’ΛΜΑΛΔυνθήσομαι
2769 2175 2847 2219 ex

467 2261 909 2346 Aristophanis
953 2261 1111 2324 Pace
1158 2258 1321 2324 380:

830 2368 978 2431 ἀλλ’
1025 2363 1067 2431 ὦ
1118 2366 1263 2441 μέλ’
1312 2366 1426 2430 ὑπὸ
1473 2371 1579 2430 τοῦ
1630 2369 1774 2437 Διὸς
1825 2365 2404 2442 ἀμαλδυνθήσομαι.

555 2472 789 2539 Multis
838 2472 1043 2537 modis
1088 2477 1275 2538 vetus
1326 2473 1592 2537 verbum
1642 2471 1983 2548 αμαλδύνω
2034 2479 2099 2538 et
2144 2472 2311 2558 apud
2359 2471 2517 2538 alios
2565 2479 2630 2539 et
2671 2494 2849 2559 prae-

465 2582 686 2644 sertim
738 2579 904 2663 apud
953 2577 1353 2664 Hesychium
1402 2598 1439 2642 a
1487 2578 1712 2642 scribis
1761 2579 1977 2643 vitiari
2024 2577 2217 2662 solet,
2266 2583 2341 2643 ut
2386 2580 2452 2642 in
2501 2600 2562 2643 v,

555 2688 1094 2764 ’Λμαλαυρεῖε
1144 2683 1430 2762 μαραίνει
1476 2703 1590 2767 pro
1639 2682 2121 2758 ἈμαΛΔύΝει.

559 2906 618 2961 Ν
637 2897 665 2962 έ
684 2922 712 2961 ν
729 2921 755 2961 ο
775 2902 829 2976 Φ
846 2922 874 2961 ε
897 2915 911 2960 :
964 2896 1321 2977 νενέφωται.
1371 2894 1731 2975 συνόΦεται.

557 3004 712 3091 Leg.
762 3003 1098 3085 νενέφωται
1145 3003 1251 3067 καὶ
1295 3026 1334 3066 σ
1351 3027 1384 3066 υ
1404 3026 1432 3065 ν
1450 3027 1481 3066 ν
1496 3002 1524 3066 b
1539 3026 1567 3065 ν
1584 3025 1613 3067 ο
1629 3007 1684 3083 Φ
1702 3025 1753 3065 ε.

561 3218 725 3282 Οὐκ
786 3215 1301 3286 εὖδιοίθετοςε
1365 3216 1432 3279 οὐ
1496 3213 1800 3290 δυναμένη
1865 3217 2129 3295 εὐχερῶς
2194 3216 2522 3295 γήμασθαι
2573 3217 2606 3292 ἢ
2657 3217 2857 3293 εὖμα·

464 3331 575 3404 ρῶς
625 3325 921 3402 γίνεσθαι.

560 3430 735 3510 Quae
803 3450 981 3495 merx
1045 3451 1169 3496 non
1231 3429 1414 3495 facile
1476 3435 1786 3494 emtorem
1852 3430 2097 3496 invenit
2163 3428 2545 3501 δυσδιάθετος
2597 3426 2699 3493 vel
2744 3429 2855 3493 οὐκ

469 3535 808 3607 εὖδιαθετος
872 3537 1138 3613 dicitur,
1205 3536 1314 3601 sed
1377 3535 1728 3600 Menander
1786 3537 1998 3600 iocans
2044 3535 2361 3621 virginem
2413 3534 2698 3599 nubilem
2747 3535 2857 3599 οὐκ

469 3643 812 3709 εὐδιαθετον
877 3641 1260 3728 appellavit,
1323 3662 1483 3725 quae
1544 3662 1665 3706 non
1731 3640 1916 3707 facile
1979 3641 2404 3707 conditionem
2467 3642 2856 3708 inveniebat.

465 3749 879 3819 Scribendum
926 3750 1157 3834 igitur:
1203 3748 1478 3825 εὐμαρῶς
1522 3748 1848 3824 γήμασθαι
1890 3746 2114 3811 deletis
2139 3747 2420 3831 reliquis.
2469 3746 2857 3813 Menander:

807 3853 1098 3934 χαλεπόν
1144 3877 1225 3930 γε
1271 3853 1545 3932 θυγάτηρ
1594 3863 1816 3933 χρῆμα
1866 3853 1969 3917 καὶ
2019 3851 2420 3919 δυσδιάθετον.

565 4071 659 4133 Οὐ
710 4066 939 4139 παντὸς
989 4064 1197 4146 ἀνδρὸς
1245 4067 1304 4138 ἐς
1355 4066 1622 4146 Κόρινθον
1676 4064 1797 4131 ἔσθ’
1845 4067 1872 4130 ὃ
1927 4072 2141 4138 πλοῦς.

562 4213 647 4224 -—-
697 4171 1065 4241 ἐσπούδαζον
1110 4172 1234 4251 γαρ
1285 4172 1383 4238 ἐπὶ
1432 4176 1614 4237 τοῦτο
1662 4175 1711 4237 οἱ
1761 4173 2059 4253 Κορίνθιοι.

562 4281 716 4367 Leg.
766 4279 943 4359 περὶ
992 4283 1190 4343 τοῦτο.
