3192 5017
1361 321 1595 376 comm.
2588 305 2674 377 8¹7

385 498 572 586 Vesp.
640 497 794 564 672.
871 493 927 563 Ε
971 497 1271 563 Boeotica
1330 497 1536 562 forma
1582 502 1836 563 servata
1878 499 2044 583 apud
2094 498 2498 585 Hesychium
2546 514 2677 563 λα-

294 606 839 684 γαρίττομαι·
921 601 1318 681 μετριεύομαι
1406 609 1666 687 apparet
1736 623 1849 687 pro
1917 603 2438 685 λαγαρΤζόμενον
2506 610 2677 672 recte

293 710 590 776 meliores
635 709 869 775 Suidae
914 707 1160 774 codices
1206 727 1486 773 servasse
1530 707 2049 789 λαγαριζόμενον.

387 907 572 993 Vesp.
625 906 754 974 767
802 930 902 971 τα
923 907 1024 971 50⁹
1071 902 1232 985 ὅπερ
1273 904 1405 970 ἐκεῖ
1440 902 1813 983 πράττεται.
1861 904 1984 970 Edi
2019 905 2207 972 debet
2231 905 2431 984 ταῦθ’,
2456 907 2672 971 eadem.

386 1097 579 1183 Vesp.
634 1096 766 1162 906

657 1204 806 1283 Φέρε
858 1227 955 1268 νυν
1006 1200 1149 1281 ἅμα
1197 1201 1362 1276 τήνδ’
1410 1201 1804 1284 ἐγχεάμενος
1852 1205 2071 1280 κάγὼ
2119 1207 2303 1286 ῥοφῶ.

293 1310 395 1376 Ad
443 1309 622 1386 τήνδε
668 1309 960 1396 intellegi
1006 1315 1214 1394 potest
1262 1310 1370 1381 τὴν
1419 1309 1701 1390 φιάλην,
1752 1331 1802 1373 s.
1852 1311 1961 1382 τὴν
2011 1309 2269 1386 κύλικα,
2339 1309 2447 1375 sed
2508 1310 2677 1376 male

292 1436 398 1480 me
444 1416 637 1481 habet
683 1415 909 1481 vocula
958 1416 1060 1479 καὶ
1109 1417 1176 1478 in
1223 1415 1437 1492 κάγώ,
1486 1416 1802 1499 siquidem
1850 1414 2022 1480 solus
2069 1415 2279 1480 sorbet
2327 1415 2676 1502 Philocleo,

292 1542 408 1586 neo
478 1522 601 1600 ἐγὼ
673 1542 970 1606 reponere
1039 1541 1150 1584 nos
1222 1523 1440 1584 sinunt
1507 1523 1777 1584 numeri.
1871 1520 2017 1585 Non
2085 1519 2447 1606 displiceret
2518 1523 2677 1587 mihi

293 1633 604 1709 φακῆν,
653 1626 1007 1715 iugendum
1056 1647 1206 1692 cum
1249 1627 1446 1700 τήνδε.
1500 1624 1596 1690 Of.
1649 1625 1800 1703 918,
1851 1624 2007 1710 811,
2056 1625 2207 1690 982.
2257 1626 2382 1694 Sed
2418 1628 2679 1695 fortasse

238 1749 244 1754 ·
292 1732 472 1800 aliud
515 1732 696 1799 latet.

384 1925 574 2011 Vesp.
622 1922 755 1989 983
802 1923 1031 1991 malim
1079 1923 1327 2002 γνώμην
1379 1926 1574 2006 <7'>
1623 1925 1795 2003 ἐμήν.

383 2100 576 2186 ῩΘΒΡ.
621 2100 791 2165 1161

744 2204 918 2278 ἔνθες
970 2206 1158 2284 πόδ’,
1209 2203 1250 2270 ὦ
1297 2211 1452 2284 τᾶν,
1503 2207 1833 2284 κᾶπίβαιν’
1885 2208 2242 2288 ἐρρωμένως.

291 2312 668 2378 Mutationis
726 2312 956 2377 lenitas
1012 2311 1318 2397 imposuit
1383 2313 1655 2390 criticis,
1716 2317 1781 2377 in
1846 2315 2078 2399 quibus
2137 2318 2261 2399 ipsi
2308 2317 2669 2394 Dindorfio‚

289 2425 366 2484 ut
411 2421 572 2483 hanc
620 2418 928 2482 Brunckii
976 2421 1402 2484 coniecturam
1454 2420 1867 2483 admitterent
1913 2440 2025 2504 pro
2086 2424 2331 2506 optima
2386 2427 2674 2490 omnium

289 2524 603 2590 librorum
668 2523 970 2588 lectione:
1043 2521 1217 2595 ἔνθες
1286 2527 1472 2607 ποτ’,
1541 2527 1874 2608 aptissima
1937 2534 2191 2610 propter
2246 2528 2674 2596 Philocleonis

289 2632 917 2717 tergiversationem,
983 2633 1057 2692 ut
1124 2649 1269 2694 mox
1333 2649 1426 2694 vs.
1484 2627 1657 2693 1169
1707 2631 1995 2713 sequitur
2041 2628 2260 2697 ἄνυσόν
2308 2632 2485 2698 ποθ’
2534 2637 2675 2700 ὑπο-

289 2735 650 2813 δησάμενος.
744 2735 914 2800 Satis
973 2740 1190 2799 autem
1254 2740 1501 2799 constat
1561 2734 1639 2798 de
1702 2732 1915 2818 ellipsi
1978 2735 2431 2802 vocabulorum
2482 2740 2630 2812 πούς
2654 2792 2672 2826 ,

291 2842 505 2915 σκέλος
571 2851 635 2907 et
686 2841 844 2921 χείρ.
943 2839 1037 2904 De
1092 2839 1396 2911 δάκτυλος
1445 2860 1550 2904 me
1600 2839 1891 2903 dubitare
1939 2860 2133 2924 supra
2179 2841 2536 2929 significavi
2593 2846 2673 2911 ad

289 2948 623 3015 Puroms
667 2947 745 3012 fr.
798 2944 948 3011 128.

381 3130 749 3215 Lyaeistratae
795 3150 888 3195 vs.
945 3125 1096 3195 107.

699 3237 883 3302 Ἀλλ’
930 3235 1060 3300 οὐδὲ
1106 3236 1330 3316 μοιχοῦ
1377 3232 1878 3298 καταλέλειπται
1925 3234 2260 3314 Φεψοὶλυξ.

697 3341 812 3420 Ἐξ
858 3338 922 3406 οὗ
970 3342 1130 3420 γὰρ
1179 3343 1344 3416 ἡμᾶς
1393 3339 1728 3420 προύδοσαν
1772 3341 2090 3418 Μιλήσιοι,

699 3451 803 3513 οὐκ
851 3444 1009 3513 εἶδον
1055 3446 1174 3512 οὐδ’
1221 3445 1470 3523 ὄλισβον
1521 3445 2012 3531 ὀκτωδάκτυλον,

698 3552 759 3626 ὃς
809 3551 875 3629 ἦν
922 3552 997 3619 ἂν
1049 3557 1193 3630 ἡμῖν
1243 3553 1450 3628 συκίνη
1499 3554 1823 3634 ’πικουρία.

292 3663 431 3743 Quo
501 3667 683 3747 pacto
754 3682 984 3746 quaeso
1054 3661 1400 3727 olisborum
1466 3663 1729 3746 penuria
1790 3682 1981 3727 causa
2042 3663 2169 3728 dici
2229 3669 2476 3749 posuit,
2556 3692 2670 3737 cur

290 3769 542 3834 moechi
602 3766 984 3832 mulieribus
1030 3765 1408 3833 deficerent?
1455 3766 1713 3832 Moechi
1759 3788 1887 3832 una
1932 3789 2081 3833 cum
2130 3772 2381 3836 maritis
2424 3776 2493 3838 in
2541 3797 2670 3842 cas-

291 3878 407 3940 tris
475 3875 770 3948 aberant,
847 3873 1036 3938 olisbi
1099 3895 1248 3940 vero
1311 3879 1568 3939 ceerant
1630 3879 1886 3958 propter
1948 3873 2189 3948 Mileti,
2249 3878 2360 3941 ubi
2405 3880 2671 3949 fabrica·

289 3984 545 4054 bantur,
610 3980 1062 4063 defectionem3
1127 3981 1380 4064 utrique
1435 3981 1641 4066 igitur
1684 3986 1940 4064 propter
1985 3980 2251 4045 bellum.
2344 3985 2479 4050 Nec
2522 4008 2673 4055 vero

289 4092 666 4175 quisquam,
738 4088 993 4170 opinor,
1067 4088 1130 4149 in
1205 4088 1492 4150 animum
1563 4086 1824 4150 inducat
1893 4088 2143 4151 credere
2210 4090 2378 4172 ipsos
2437 4093 2670 4162 olisbos

291 4197 420 4261 dici
452 4199 684 4272 μοιχῶν
728 4189 1078 4268 Φεψαλους.
1178 4189 1488 4269 Quoniam
1532 4197 1785 4264 autem,
1828 4193 1882 4254 si
1931 4192 2082 4274 quid
2121 4195 2383 4278 gravius
2415 4196 2671 4266 additur

290 4304 420 4367 iam
496 4299 719 4381 dictis,
776 4298 951 4362 locus
1016 4303 1107 4360 est
1173 4296 1502 4379 particulis
1569 4296 1630 4358 δέ
1696 4321 1813 4378 γε,
1877 4299 2241 4362 etiamnunc
2304 4322 2447 4367 vere
2511 4306 2667 4373 olim

290 4409 634 4488 correzisse
682 4404 848 4469 mihi
893 4403 1146 4468 videor:
1200 4400 1313 4475 Ἐξ
1359 4399 1427 4466 οὗ
1474 4404 1550 4466 δέ
1602 4405 1667 4479 γ’
1717 4406 1883 4480 ἡμᾶς
1931 4403 2056 4468 κτὲ.
