3192 5017
468 191 556 266 54
1161 281 1166 286 θ
1483 209 1833 266 columnus

471 414 536 456 ιο
594 390 830 455 mue
887 409 1012 454 me
1066 392 1135 452 ιἰι
1196 391 1423 454 teum.
1514 386 1662 454 Hoc
1718 408 1968 475 quoque
2024 390 2304 468 πλάσμα
2351 392 2449 458 eat
2490 384 2601 457 vel
2636 387 2852 474 potius

469 494 864 580 συκοφαντία
880 543 899 573 ,
952 492 1321 561 Miltiadem
1368 493 1530 561 falso
1575 497 1842 562 crimine
1886 497 2402 566 circumventum
2445 498 2852 562 innocentem

468 625 603 673 esse
663 603 1058 672 damnatum.
1150 600 1361 668 Nemo
1418 602 1487 667 in
1551 604 1847 668 animum
1908 602 2208 670 inducere
2275 605 2513 689 poterit
2579 600 2649 670 id
2717 618 2851 666 esse

466 731 732 795 verum,
794 711 907 793 qni
962 707 1195 796 legerit
1256 706 1660 774 Herodotum
1723 706 1831 772 VI.
1900 706 2050 774 132.
2098 716 2166 777 et
2215 707 2366 774 136.
2413 708 2751 774 Praeterea
2792 707 2851 771 si

468 818 741 885 nimiam
809 812 1130 881 Miltiadis
1188 815 1544 900 potentiam
1600 814 2104 881 extimescebant
2158 814 2327 881 nihil
2370 820 2507 881 erat
2550 833 2712 898 opus
2753 812 2853 876 in·

465 924 707 989 ιιοαίιιιιι
768 921 1060 1005 plectere,
1130 921 1287 985 satis
1355 924 1491 986 erat
1556 917 2000 1005 ἐξοςρακίζειν,
2071 920 2240 1006 quod
2309 923 2380 986 in
2442 919 2724 987 Aristide
2784 923 2853 986 ot

465 1027 732 1096 Cimone
798 1027 1105 1093 fecerunt.
1197 1022 1382 1090 Unde
1448 1024 1657 1113 igitur
1722 1024 1841 1091 illa
1907 1024 2243 1092 mendacia
2299 1025 2513 1112 Nepos
2571 1021 2852 1091 sumsit?

466 1134 699 1204 Videor
757 1133 925 1199 mihi
975 1130 1046 1197 id
1091 1131 1396 1217 reperisse
1440 1138 1507 1198 et
1548 1134 1772 1217 paucis
1814 1151 1950 1197 rem
2000 1130 2258 1216 planam
2303 1132 2509 1199 facere
2554 1131 2846 1198 conabor.

463 1242 659 1330 Apud
705 1239 1022 1325 Nepotem
1066 1239 1305 1323 ubique
1351 1257 1626 1325 agnosco
1672 1238 1947 1325 vestigia
1993 1237 2360 1322 Theopompi.
2396 1237 2850 1324 Theopompus

458 1355 681 1416 autem
723 1348 794 1412 in
839 1344 1075 1411 ultima
1115 1350 1297 1430 parte
1338 1343 1490 1410 libri
1534 1342 1618 1409 X.
1667 1345 1785 1412 τῶν
1834 1352 2218 1410 Φιλιππικῶν
2267 1344 2592 1433 digressus
2629 1364 2668 1409 a
2704 1362 2851 1429 pro-

460 1458 669 1542 posito
747 1452 834 1518 τὸ
919 1450 1054 1533 περὶ
1140 1456 1257 1516 τῶν
1335 1450 1621 1525 Ἀθήνησι
1694 1448 2093 1528 δημαγωγῶν
2161 1453 2617 1538 conscripserat
2682 1454 2852 1515 teste

460 1560 794 1627 Athenaeo
858 1577 1007 1646 pag.
1076 1554 1223 1622 166.
1291 1557 1355 1621 d.
1426 1554 1634 1636 Quam
1699 1554 2044 1643 diligenter
2087 1576 2162 1623 eo
2207 1555 2373 1624 libro
2427 1556 2641 1643 Nepos
2688 1577 2848 1623 usus

457 1666 655 1732 fuerit
738 1666 895 1730 satis
961 1683 1040 1728 ex
1105 1660 1488 1749 fragmentis
1554 1663 1964 1748 perspicuum
2033 1667 2148 1729 est.
2260 1659 2560 1730 Cernitur
2625 1664 2696 1729 in
2762 1663 2854 1727 iis

460 1770 858 1857 Theopompi
920 1768 1231 1835 acerbitas
1289 1773 1355 1834 et
1416 1767 1868 1835 maledicentia
1910 1774 1979 1836 et
2019 1768 2244 1835 odium
2287 1772 2358 1836 in
2404 1769 2849 1836 Athenienses.

461 1876 527 1943 Is
585 1880 792 1964 igitur
846 1878 985 1961 ipse
1044 1879 1264 1942 auctor
1323 1879 1423 1940 est
1465 1872 1721 1941 fabulae
1764 1874 2130 1941 Miltiadem
2173 1878 2577 1944 innocentem
2622 1876 2703 1941 ab
2749 1877 2856 1939 in-

464 1990 651 2072 grato
718 1981 953 2069 populo
1020 2000 1153 2047 esse
1216 1979 1615 2046 damnatum.
1678 1980 1777 2045 Ex
1837 1980 2061 2046 eodem
2123 1981 2298 2050 fonte
2340 1984 2631 2049 manavit
2676 1981 2854 2066 quod

458 2088 628 2176 apud
690 2084 1060 2154 Ciceronem
1110 2085 1327 2172 paullo
1371 2092 1519 2151 ante
1565 2085 1887 2152 vidimus.
1953 2086 2300 2153 Miltiaden·
2341 2093 2617 2154 viatores·
2659 2087 2854 2152 doni-

456 2210 750 2282 toruaque
795 2194 1114 2259 Pmarum
1158 2194 1428 2257 nondum
1473 2192 1706 2257 canatis
1741 2193 2091 2258 vulneribus
2128 2194 2232 2272 iis,
2270 2216 2418 2279 qm
2459 2217 2697 2281 corpore
2740 2199 2855 2258 ad-

460 2324 627 2368 verso
688 2301 758 2366 ιἰι
801 2301 1133 2365 clarissima
1174 2299 1427 2364 victoria
1472 2298 1789 2381 accepisset
1803 2344 1822 2378 ,
1869 2304 2050 2364 vitam
2095 2322 2169 2365 ea·
2209 2301 2465 2367 hostium
2524 2303 2664 2368 telu
2721 2325 2858 2368 een-

460 2416 659 2476 vacam
726 2409 795 2472 in
855 2407 1071 2472 civium
1134 2406 1395 2471 υἰιιοιιίἰε
1433 2405 1808 2490 profudisse.
1902 2404 2007 2482 Ut,
2052 2407 2539 2494 paratragoedat
2583 2406 2854 2476 Cicero!

459 2514 737 2581 Difficile
800 2518 899 2579 est
955 2532 1081 2578 non
1127 2511 1453 2579 subridere
1498 2512 1575 2578 ad
1627 2531 1704 2577 sa
1747 2510 2015 2579 vulnera
2058 2512 2435 2580 Marathone
2478 2520 2736 2601 accepta
2779 2524 2858 2582 et

457 2620 745 2688 nondum
815 2623 1058 2686 sanata.
1155 2617 1502 2684 commun
1570 2628 1662 2683 eet
1719 2618 2051 2684 rhetor-ibus
2114 2619 2357 2684 mentiri
2414 2620 2484 2685 ιἰι
2553 2622 2828 2687 historiis
2844 2674 2866 2690 .

459 2726 687 2794 Paullo
753 2725 969 2791 minus
1013 2723 1249 2811 frigide
1295 2723 1512 2810 Nepos
1558 2721 1694 2789 VII.
1747 2723 1818 2789 5:
1867 2722 2201 2791 Miltiades
2248 2746 2318 2792 re
2361 2726 2600 2794 infecta
2640 2728 2853 2794 Athe-

457 2855 572 2902 nas
625 2832 817 2899 rediit
876 2853 1049 2915 aeger
1104 2830 1480 2903 valuerim,
1529 2849 1691 2915 quae
1736 2829 1806 2894 ιἰι
1850 2831 2239 2915 oppuqnando
2283 2833 2497 2916 oppido
2543 2843 2857 2918 acceperat

458 2977 543 2992 -
566 2942 636 3005 in
683 2937 945 3006 vincula
984 2935 1245 3023 publica
1291 2937 1614 3002 coniectus
1651 2943 1748 3002 est
1780 2937 1998 3023 ibique
2039 2936 2212 3004 diem
2244 2938 2407 3004 obiit
2445 2960 2848 3026 supremum.

453 3046 819 3114 Herodotus
881 3043 1053 3110 solus
1098 3042 1127 3108 ὃ
1175 3041 1355 3115 πιςός
1401 3042 1508 3108 καὶ
1557 3044 1914 3125 munandin
1961 3063 2099 3110 rem
2147 3049 2224 3110 ut
2268 3044 2438 3112 facta
2483 3052 2581 3112 est
2625 3052 2853 3113 narrat

456 3152 563 3219 VI.
615 3150 765 3218 134.
813 3149 1181 3216 Miltiadem
1227 3149 1296 3213 in
1340 3147 1557 3216 insula
1601 3149 1766 3215 Paro
1814 3148 2333 3229 καταθρώσκοντα
2378 3154 2490 3226 τὴν
2536 3154 2854 3232 αἱμασιὴν

455 3262 560 3326 τὸν
603 3258 791 3337 μηρὸν
836 3256 1188 3329 σπασθῆναι
1241 3262 1304 3321 et
1351 3274 1431 3320 ex
1478 3275 1552 3321 eo
1601 3254 1863 3322 vulnere
1909 3268 2236 3323 mortuum
2282 3277 2440 3324 esse.
2489 3279 2624 3346 cap.
2687 3258 2850 3325 136.

454 3364 807 3440 Μιλτιάδης
893 3363 1398 3444 σφακελίσαντος
1480 3365 1587 3426 τοῦ
1660 3365 1852 3439 μηροῦ
1921 3370 2213 3447 τελευτᾷ.
2310 3364 2679 3432 Absurdum
2749 3373 2858 3433 est

450 3474 656 3561 igitur
717 3469 968 3538 credere
1031 3465 1404 3534 Miltiadem
1450 3465 1792 3533 insanabili
1838 3466 2103 3535 vulnere
2150 3490 2419 3558 aegrum
2467 3477 2536 3537 et
2577 3472 2852 3538 iamiam

453 3602 533 3647 ex
595 3598 669 3645 eo
728 3578 1145 3642 interiturum
1208 3572 1290 3639 ab
1336 3574 1557 3658 iniquo
1613 3578 1681 3639 et
1739 3575 1994 3661 ingrato
2041 3575 2277 3662 populo
2324 3578 2662 3643 innoxium
2709 3598 2852 3644 esse

454 3688 831 3753 damnatum
879 3700 959 3746 ne
1006 3678 1414 3765 tyrannidem
1460 3678 1751 3745 affectare
1797 3682 2025 3765 possit.

544 3791 618 3857 In
680 3790 800 3855 hoc
862 3785 1101 3852 iudicio
1163 3783 1496 3850 Miltiades
1555 3791 1717 3851 teste
1762 3784 2087 3853 Herodoto
2135 3785 2238 3852 VI.
2294 3786 2444 3854 136.
2492 3791 2681 3864 αὐτὸς
2727 3792 2845 3869 μὲν

453 3899 690 3980 παρεὼν
757 3893 869 3960 οὺιι
937 3889 1322 3970 &tenvem
1347 3912 1364 3928 ·
1435 3884 1504 3963 ἦν
1576 3891 1704 3973 γὰρ
1776 3891 2079 3967 ἀδύνατος
2150 3891 2267 3963 ὅτε
2329 3895 2673 3975 σηπομένου
2733 3901 2843 3963 τοῦ

453 4008 681 4084 μηροῦ·
745 3996 1137 4081 προκειμένου
1202 3995 1266 4061 δὲ
1335 3999 1528 4063 αὐτοῦ
1593 3999 1655 4062 ἐν
1708 4000 1880 4081 κλίνη
1928 4000 2496 4080 ὑπεραπελογέοντο
2546 4004 2597 4069 01
2644 4003 2848 4085 ΦΙλοι.

449 4109 702 4178 Addam
770 4112 836 4173 et
903 4102 1149 4188 reliqua
1216 4107 1294 4168 ut
1346 4102 1586 4170 vitium
1648 4106 1964 4172 eximam:
2028 4114 2140 4182 τῆς
2203 4107 2429 4190 μάχης
2504 4133 2576 4175 τε
2620 4118 2732 4188 τῆς
2782 4112 2845 4177 ἔν

454 4215 783 4296 Μαραθῶνι
830 4208 1159 4293 γενομένης
1209 4208 1423 4275 πολλὰ
1469 4209 1954 4289 ἐπιμεμνημένοι
1991 4212 2098 4279 καὶ
2143 4214 2282 4301 [την
2321 4217 2578 4297 Λήμνου
2616 4215 2846 4301 αἵρεσιν

452 4320 608 4392 tolle
667 4317 1083 4388 manifestum
1142 4314 1494 4404 glossema]
1564 4319 1643 4392 ὧς
1715 4318 1865 4385 ἐλὼν
1924 4321 2176 4400 Λῆμνόν
2237 4345 2312 4388 τε
2358 4323 2468 4390 καὶ
2511 4323 2841 4406 τισόμενος
