3192 5017
546 194 680 271 216
1548 212 1936 270 sornocnm.

989 389 1167 467 μόνος
1215 388 1488 471 rapiens·
1539 393 1786 473 χερσίν,
1840 391 1966 457 οὐδ’
2016 390 2199 470 ἔτλης
2246 391 2450 472 παρών

999 496 1234 562 θανόντι
1282 497 1435 579 τῷδε
1484 495 1628 577 ζῶν
1674 498 2014 580 ἐφυβρίσαι
2060 500 2260 581 μέγα.

543 603 965 671 Admirabilis
1030 624 1104 669 ea
1171 602 1313 669 laus
1383 611 1512 688 est,
1569 604 1680 670 sed
1742 624 1867 670 non
1927 627 2149 692 passus
2210 614 2305 671 est
2365 605 2627 693 Ulysses
2675 610 2915 671 mortuo

553 709 773 791 ζῶντ’
818 709 1160 792 ἐφυβρίσαι
1210 708 1415 776 τινα.

637 923 990 989 Dubitatur
1037 923 1191 1008 quid
1238 923 1408 988 dicat
1456 922 1776 1011 Antigone
1825 944 1920 989 vs.
1973 923 2012 989 7
2028 946 2044 987 z

908 1029 1015 1095 καὶ
1064 1033 1164 1093 νῦν
1213 1029 1288 1094 τί
1335 1031 1547 1093 τοῦτ’
1593 1024 1677 1093 αὖ
1723 1030 1886 1112 φασὶ
1937 1030 2236 1113 πανδήμῳ
2286 1029 2459 1096 πόλει

909 1139 1202 1216 κήρυγμα
1251 1138 1440 1202 θεῖναι
1487 1137 1589 1201 τὸν
1636 1137 1948 1217 ςρατηγὸν
1992 1139 2252 1217 α’ρτίωςς

542 1245 784 1310 Parum
831 1246 1114 1329 apposite
1159 1243 1491 1309 Nauckius
1537 1250 1611 1307 ut
1656 1242 1820 1308 illud
1867 1246 1931 1308 τί
1972 1248 2151 1309 τοῦτο
2191 1247 2675 1329 interpretetur,
2718 1244 2923 1310 lauda-

542 1353 641 1416 vit
688 1372 780 1415 vs.
839 1348 1012 1414 1049
1061 1355 1124 1415 et
1175 1348 1369 1424 1172,
1417 1370 1690 1433 quorum
1735 1349 2022 1415 locorum
2067 1349 2258 1438 longe
2302 1351 2553 1418 diversa
2599 1354 2763 1417 ratio
2817 1356 2922 1415 est.

541 1457 857 1543 Equidem
924 1458 1139 1521 minus
1196 1456 1459 1521 fortasse
1520 1459 1723 1521 miror
1767 1457 2130 1543 Antigonen
2178 1460 2243 1521 in
2293 1460 2608 1523 concitata
2657 1460 2926 1522 oratione

538 1566 904 1649 priusquam
957 1582 1209 1639 narrare
1260 1564 1528 1646 incipiat
1576 1583 1737 1647 quae
1784 1563 2135 1639 audiverit,
2185 1566 2578 1650 interrogare
2625 1583 2916 1636 sororem,

539 1690 733 1754 quam
790 1672 928 1755 ipsa
988 1672 1169 1734 novit
1228 1671 1518 1733 omnium
1579 1690 1793 1733 rerum
1842 1669 2135 1755 ignaram
2184 1690 2352 1747 esse,
2403 1670 2571 1755 quod
2619 1692 2656 1736 e
2704 1691 2798 1735 vs,
2851 1666 2920 1732 18

537 1781 813 1860 apparet.
911 1773 1035 1841 Sed
1081 1778 1334 1840 etiamsi
1382 1775 1579 1840 feram
1633 1774 1997 1862 Antigonen
2047 1777 2303 1840 turbata
2352 1782 2566 1841 mente
2612 1776 2917 1850 locutam,

536 1901 662 1946 nou
710 1881 908 1947 feram
957 1888 1210 1967 poetam
1256 1883 1366 1965 qui
1408 1901 1547 1945 eam
1590 1880 1810 1946 fecerit
1848 1888 1979 1946 tam
2022 1881 2317 1967 perplexe
2357 1883 2675 1947 dicentem
2695 1932 2714 1966 ,
2755 1881 2922 1966 quasi

537 2008 661 2052 non
722 1989 876 2053 satis
936 1989 1095 2053 bene
1154 1987 1542 2053 intellexerit
1599 1986 1753 2071 quid
1817 1983 2019 2052 Creon
2067 1988 2349 2074 jusserit.
2446 1987 2685 2053 Iterata
2746 1987 2922 2052 lectio

535 2095 657 2160 hoc
716 2094 963 2179 liquido
1028 2093 1429 2158 monstrabit.
1524 2092 1738 2156 Etiam
1806 2090 2163 2157 Scholiasta
2224 2093 2392 2158 vidit
2448 2091 2922 2181 interrogationi

534 2199 751 2266 locum
808 2221 933 2265 non
995 2220 1164 2265 esse:
1228 2200 1588 2275 ἐγκλιτικῶς
1611 2245 1627 2276 ,
1692 2197 1939 2283 inquit,
2005 2198 2387 2278 προενεκτέον
2454 2201 2570 2285 (sic
2631 2200 2778 2288 lege
2820 2217 2921 2283 pro

540 2306 986 2390 προσενεκτέον)
1060 2309 1129 2370 τὸ
1201 2327 1299 2368 τι·
1369 2306 1435 2368 οὗ
1501 2303 1626 2383 γάρ
1695 2305 1816 2371 ἐςιν
1888 2306 1950 2367 ἐν
2012 2306 2292 2383 ἐρωτήσει
2357 2305 2617 2383 ὃλόγος
2669 2304 2822 2371 ἀλλ’
2868 2305 2919 2367 ἐν

539 2412 865 2491 ἀποφάσει
913 2413 1182 2490 dapis-coa.
1234 2409 1358 2475 Sed
1404 2410 1575 2475 hunc
1625 2410 1882 2496 quidem
1929 2431 2117 2476 nemo
2156 2413 2479 2496 sequitui-3
2523 2412 2679 2496 quid
2715 2415 2918 2477 autem

537 2522 592 2583 si
642 2518 985 2605 Sophocles
1032 2517 1242 2583 dedit:

992 2626 1095 2689 καὶ
1149 2628 1250 2687 νῦν
1297 2621 1599 2688 τοιοῦτ’
1653 2621 1732 2688 αὖ
1776 2624 1938 2705 Φασὶ
1991 2623 2288 2703 πανδήμῳ
2339 2624 2517 2689 πόλει

990 2731 1284 2821 κήρυγμα
1332 2726 1535 2794 θεῖναι
1584 2730 1688 2793 τὸν
1735 2732 2047 2810 ςρατηγὸν
2095 2732 2338 2810 ἀρτίως.

531 2842 743 2925 Atque
790 2839 881 2903 sio
928 2839 1275 2902 rectissime
1320 2835 1547 2901 addere
1594 2838 1839 2922 potuit:
1890 2835 2057 2917 ἔχεις
2106 2861 2168 2901 τι
2217 2836 2661 2917 κεῖσήκουσας;

622 3053 897 3120 Ismenes
940 3053 1137 3118 verba
1182 3054 1333 3116 sunt
1379 3070 1475 3114 vs.
1529 3046 1657 3113 60:

895 3158 1113 3224 σκόπει
1165 3196 1248 3206 -
1295 3155 1412 3235 ὅσῳ
1458 3154 1669 3221 κακις·’
1720 3153 2039 3233 ὀλούμεθ’,
2089 3156 2140 3220 εἰ
2190 3156 2369 3234 νόμου
2418 3156 2536 3239 βίᾳ

1303 3269 1515 3345 ψῆφον
1563 3260 1862 3342 τυράννων
1907 3261 1941 3336 ἢ
1992 3261 2187 3342 κράτη
2238 3260 2597 3342 παρέξιμεν.

531 3373 660 3438 Hic
718 3374 917 3437 miror
981 3371 1251 3436 editores
1314 3372 1425 3455 qui
1483 3367 1684 3433 Axtio
1732 3368 2169 3453 obtemperare
2213 3369 2536 3435 noluerint
2584 3369 2917 3458 corrigenti

532 3479 637 3544 καὶ
690 3478 906 3557 κράτη.
954 3476 1193 3542 Suadet
1237 3477 1355 3541 hoc
1404 3482 1542 3539 tum
1589 3494 1740 3539 sana
1790 3477 1986 3559 rati0‚
2039 3481 2178 3538 tum
2221 3473 2550 3561 Sophoclis
2591 3498 2754 3549 mos,
2784 3499 2842 3541 v.
2867 3494 2911 3537 c.

537 3586 688 3651 Oed.
755 3584 910 3671 Tyr.
976 3582 1107 3648 237
1177 3583 1370 3661 κράτη
1436 3604 1506 3644 τε
1556 3582 1658 3644 καὶ
1713 3581 1972 3660 θρόνους,
2019 3579 2179 3645 Oed.
2229 3578 2366 3647 Col.
2419 3581 2594 3646 1354
2641 3592 2917 3659 σκῆπτρα

536 3692 640 3756 καὶ
690 3690 955 3773 θρόνους,
1005 3690 1226 3775 Antig.
1282 3685 1409 3754 173
1460 3687 1652 3767 κράτη
1695 3685 1765 3760 33,
1804 3685 2021 3751 πάντα
2062 3687 2167 3751 καὶ
2212 3687 2468 3767 θρόνους,
2495 3687 2729 3754 Electr.
2759 3683 2914 3753 689:

538 3798 694 3878 ἔργα
742 3797 844 3862 καὶ
896 3794 1109 3876 κράτη.

624 4011 883 4077 Eximia
931 4013 1024 4072 est
1075 4005 1387 4092 parodus,
1438 4007 1505 4071 in
1554 4029 1679 4093 qua
1724 4007 2120 4095 Argivorum
2172 4010 2487 4074 exercitus
2528 4032 2672 4076 cum
2717 4010 2912 4098 aquila

533 4124 937 4202 comparatur
998 4115 1100 4178 his
1165 4114 1410 4179 verbis:
1475 4114 1621 4192 ὀξέα
1694 4114 1938 4196 κλάζων
1998 4117 2201 4188 aiei-be,-
2263 4116 2348 4187 εἷς
2410 4124 2531 4193 γῆν
2581 4118 2912 4198 ὑπερέπτη,

532 4247 625 4290 vs.
680 4222 829 4288 113.
925 4219 1047 4285 Sed
1115 4240 1239 4285 non
1308 4219 1504 4305 pudet
1565 4218 1849 4287 confiteri
1910 4225 1977 4286 in
2040 4221 2451 4307 sequentibus
2499 4245 2600 4289 me
2645 4224 2761 4290 illa
2804 4243 2911 4289 non

537 4328 900 4416 intelligere
921 4349 936 4392 t
