3192 5017
1379 303 1615 354 comcx.
2603 271 2689 342 ¹77

391 479 721 544 Puroms
770 476 843 542 fr.
900 474 984 540 '74

797 578 947 648 ὅταν
991 582 1222 660 δέωμαι
1269 584 1659 662 γωνιαῖον
1709 585 2090 663 ῥήματος.

296 690 725 758 simillimum
774 695 870 756 est
916 697 1266 772 κεφαλαῑον
1314 694 1484 771 ῥῆμα
1534 711 1634 776 ap.
1685 687 1887 754 Arist.
1936 687 2098 753 Rau.
2148 683 2303 763 854,
2352 684 2466 751 ubi
2510 684 2688 749 simi·

296 799 455 864 litur
498 796 813 864 alluditur
857 797 937 862 ad
985 798 1146 862 λίθον
1196 796 1554 878 κεφαλίτην
1604 798 1646 861 i.
1699 817 1755 862 e.
1805 801 2111 874 «γωνιαῖον.

388 1010 718 1078 Phnoum
764 1011 841 1075 fr.
896 1009 980 1077 74

1815 1115 1951 1182 εἶπέ
1998 1139 2140 1194 μοι,

752 1226 843 1297 ὠς
894 1225 1085 1303 ὀλίγα
1135 1227 1326 1291 λοιπὰ
1376 1227 1493 1310 τῷν
1544 1222 2188 1305 ἐπιτραπεζωμάτων.

300 1331 557 1418 Optime
613 1328 903 1397 Kockius
964 1337 1090 1403 πῶς
1152 1353 1265 1417 per
1326 1332 1914 1418 interrogationem.
1979 1329 2103 1395 Vel
2150 1330 2205 1393 si
2251 1328 2692 1414 praecessisset

297 1437 504 1516 θαῦμ’
576 1438 804 1510 ἐπῆλθέ
871 1462 1012 1516 μοι,
1075 1445 1151 1503 ut
1214 1438 1424 1505 voluit
1487 1438 1781 1504 Naberus
1839 1437 2079 1503 Mnem.
2131 1434 2280 1502 VIII
2340 1434 2450 1520 36,
2513 1436 2690 1522 sequi

299 1545 621 1612 debuisset
666 1550 815 1615 πῶς.
909 1543 1166 1612 Dicitur
1212 1547 1388 1611 enim
1435 1542 1751 1626 θαυμάζω
1800 1552 1981 1618 πῶς.

389 1757 712 1825 Pmroms
758 1759 836 1823 fr.
885 1757 972 1823 90

476 1872 664 1947 χαῖρε
714 1863 1143 1943 παλαιογόνων
1190 1868 1412 1945 ἀνδρῶν
1460 1865 1703 1931 θεατῶν
1747 1864 2022 1945 ξύλλογε
2063 1864 2491 1945 παντοσόφων.

300 1972 549 2038 Kockio
603 1972 853 2058 „lepido
901 1973 1253 2060 oxymoro”
1317 1980 1504 2059 poeta
1549 1974 1870 2059 scripsisse
1920 1972 2175 2038 videtur
2221 1968 2687 2047 ματαιολόγων.

299 2082 577 2147 Cobetus
639 2080 847 2146 lenius
912 2082 1252 2165 reponebat
1299 2087 1757 2158 παλαιογενῶν,
1823 2080 1989 2165 quod
2053 2081 2105 2144 si
2170 2084 2339 2144 recte
2384 2080 2687 2155 coniecit,

297 2209 422 2254 non
488 2211 690 2252 senum
760 2187 1344 2272 interpretandum,
1428 2187 1536 2254 sed
1626 2187 1875 2273 antiquo
1954 2209 2167 2269 yenere
2232 2191 2688 2268 promotorum,

298 2294 540 2361 scilicet
587 2292 977 2375 αὐτόχθονες.

382 2505 711 2571 PnAroms
758 2506 841 2570 fr.
895 2504 1025 2572 128

290 2611 512 2678 Editor
570 2611 736 2677 nihil
781 2611 1037 2697 attulit,
1088 2614 1256 2680 unde
1303 2622 1604 2700 appareat
1654 2618 1871 2681 omitti
1923 2619 2205 2701 potuisse
2253 2637 2291 2680 a
2340 2620 2525 2700 poeta
2574 2636 2688 2681 vo-

292 2718 595 2785 cabulum
644 2718 952 2798 3ακτύλῳ,
1005 2720 1171 2805 quod
1219 2725 1288 2785 in
1336 2742 1705 2808 praegresso
1745 2743 1931 2788 versu
1972 2721 2169 2787 fuisse
2214 2721 2368 2787 olim
2410 2723 2691 2806 suspica·

294 2826 409 2890 bar
454 2828 522 2890 in
579 2825 712 2889 obs.
769 2826 915 2890 crit.
966 2848 1030 2911 p.
1085 2827 1256 2893 125:

1596 2935 1744 3017 <τῷ
1795 2935 2145 3014 δακτύλῳ)

751 3035 915 3118 ἅψαι
966 3038 1144 3117 μόνον
1192 3041 1268 3106 σὺ
1317 3038 1434 3106 κᾶν
1479 3038 1644 3122 ἄκρῳ
1692 3047 1799 3106 τοῦ
1848 3041 2189 3122 Μορσίμου.

397 3254 722 3321 Puroms
769 3255 845 3318 fr.
899 3249 1052 3331 153,
1099 3252 1141 3317 4

444 3355 528 3433 εἷς
579 3361 630 3425 δ’
678 3359 1046 3440 ἀμφοτέρων
1094 3358 1343 3437 &epam
1394 3363 1602 3433 αὐτοῖς
1654 3361 1982 3435 ἀνίησιν
2030 3363 2113 3433 εἷς
2166 3361 2353 3439 μέσον
2402 3363 2569 3434 ἑςῶς.

303 3469 533 3534 Poetas
578 3472 892 3551 comicos,
942 3469 1052 3552 qui
1091 3469 1159 3532 in
1208 3470 1563 3552 anapaestis
1612 3488 1649 3533 a
1697 3468 1918 3534 formis
1965 3471 2163 3554 epicis
2208 3490 2333 3535 non
2376 3471 2697 3535 abstinue-

301 3578 466 3653 rint,
510 3576 847 3640 admittere
885 3597 1009 3640 non
1051 3576 1331 3658 potuisse
1359 3575 1471 3639 ubi
1519 3575 1931 3641 commodum
1982 3577 2105 3641 sibi
2156 3584 2321 3641 esset
2369 3578 2695 3661 epicorum

299 3682 694 3768 prosodiam,
749 3683 1044 3768 equidem
1094 3681 1267 3746 haud
1314 3680 1787 3748 affirmaverim.
1884 3682 2004 3748 Sed
2053 3689 2404 3769 utcumque
2451 3684 2571 3748 hac
2621 3683 2697 3747 de

301 3811 370 3854 re
432 3788 856 3863 iudicabitur,
922 3809 1323 3873 nequaquam
1374 3788 1704 3853 ferendum
1754 3791 1923 3874 quod
1973 3790 2317 3877 legendum
2366 3791 2700 3876 proposuit

301 3895 509 3961 editor
556 3895 959 3974 ἕπανΙησ’,
1011 3898 1115 3959 cui
1167 3898 1517 3979 composito
1564 3895 1671 3960 hic
1708 3895 1884 3962 locus
1927 3903 2022 3961 est
2061 3896 2302 3962 nunus,
2352 3895 2523 3961 Male
2552 3915 2697 3961 vero

301 4023 408 4067 me
479 4003 670 4067 habet
738 4001 953 4086 ipsum
1028 4002 1296 4067 verbum
1374 4003 1604 4066 ἀνιέναι
1671 4010 2053 4088 usurpatum
2118 4024 2232 4088 pro
2280 4002 2694 4080 ἀναρρίπτειν.

300 4106 582 4174 Facilius
634 4107 867 4172 feram:

442 4209 528 4288 εἷς
581 4214 632 4279 δ’
680 4214 1046 4291 ἀμφοτέρων
1092 4211 1344 4292 ὄστρακον
1394 4217 1608 4287 αὐτοῖς
1658 4212 1810 4279 ἄνω
1860 4213 1932 4289 ἵη
1955 4215 2013 4278 σ’
2068 4216 2127 4287 ἐς
2175 4214 2363 4292 μέσον
2412 4214 2578 4285 ὲςως.

303 4323 441 4388 sive
490 4319 678 4385 malis
730 4315 942 4391 ἵησιν
993 4316 1147 4383 ἄνω
1200 4321 1248 4389 ’ς
1298 4319 1482 4398 μέσον
1530 4320 1701 4394 secta.

397 4427 536 4507 Quo
584 4426 779 4492 simul
829 4427 1173 4513 corrigitur
1219 4429 1542 4513 quantitas
1589 4426 1829 4495 vocalis
1876 4427 2029 4495 iota.
