3192 5017
596 287 724 358 194
1472 308 1786 358 umerum
1843 292 2116 358 camos.

588 480 764 548 haud
824 479 994 547 male
1058 481 1313 567 scripsit
1367 480 1508 546 ludi
1560 479 1677 545 ille
1721 482 2066 569 magister,
2120 498 2313 564 quem
2360 479 2550 546 modo
2592 481 3009 556 memoravi,

592 609 743 654 cum
790 588 869 652 ab
909 585 1122 653 asellis
1162 587 1596 654 auricularum
1634 586 2040 675 longitudine
2080 591 2335 653 tantum
2363 587 2596 653 distare
2620 587 3008 654 affirmaret.

684 798 807 865 Sed
853 802 986 866 iam
1025 802 1180 866 satis
1216 820 1559 888 nugarum.
1610 799 1849 865 Sumne
1889 820 2079 865 sanus
2116 803 2228 886 qui
2265 805 2329 867 te
2365 801 2521 866 haec
2546 799 2879 867 doceam?
2925 801 3014 866 Ut

588 907 844 973 tandem
895 909 1260 993 perveniam
1307 927 1432 991 quo
1476 909 1612 971 iam
1660 906 1901 971 dudum
1957 907 2236 972 intendi:
2285 906 2574 974 lectitavi
2615 908 3011 996 diligenter·

591 1035 715 1100 que
780 1015 1082 1100 perpendi
1154 1034 1311 1100 quas
1381 1019 1454 1078 tu
1515 1034 1593 1078 ex
1656 1011 2060 1100 Pluygersii,
2125 1014 2252 1078 viri
2297 1015 2593 1080 omnibus
2644 1017 2772 1101 qui
2823 1015 3005 1080 bonis

590 1122 826 1188 litteris
872 1122 1130 1186 student
1177 1122 1285 1206 pia
1329 1122 1642 1186 memoria
1686 1119 1969 1196 colendi,
2010 1122 2262 1185 scriniis
2301 1120 2766 1207 deprompsisti
2792 1141 3007 1185 emen·

594 1228 878 1293 dationes
937 1226 1375 1300 Cornelianas,
1424 1230 1499 1290 ut
1546 1233 1725 1303 tuas,
1776 1246 1978 1310 neque
2025 1226 2362 1291 defuerunt
2406 1226 2533 1292 loci
2579 1228 2703 1292 ubi
2759 1231 2832 1292 et
2881 1226 3001 1291 tibi

593 1340 659 1400 et
704 1333 804 1399 illi
850 1335 1067 1398 minus
1113 1333 1270 1399 bene
1318 1353 1417 1398 res
1461 1334 1719 1398 cessisse
1767 1332 2110 1399 videretur.
2203 1333 2378 1399 Num
2425 1354 2652 1419 operae
2705 1333 2998 1419 pretium

594 1441 851 1506 fecerim
903 1460 1053 1504 cum
1101 1440 1679 1505 animadversiones
1724 1457 1900 1504 meas
1946 1439 2289 1523 descriptas
2336 1439 2415 1505 ad
2461 1445 2526 1505 te
2576 1442 2857 1504 mittere
2906 1438 3005 1503 de-

597 1549 770 1612 crevi
816 1565 936 1633 ego
980 1548 1190 1612 nescio
1241 1551 1432 1631 atque
1480 1546 1648 1631 quod
1696 1544 1773 1610 de
1817 1565 2047 1630 puero,
2097 1544 2174 1611 de
2219 1547 2357 1611 viro
2398 1566 2650 1632 quoque
2693 1567 2898 1632 penes
2938 1551 3001 1608 te
3109 1583 3110 1586 =

598 1652 912 1718 iudicium
963 1656 1115 1717 esto.
1211 1651 1525 1717 Subiunxi
1549 1702 1566 1736 ,
1615 1657 1692 1716 ut
1739 1651 1863 1716 duo
1910 1654 2182 1737 parietes
2229 1651 2306 1718 de
2351 1651 2573 1718 eadem
2621 1651 2857 1718 fidelia
2901 1651 3004 1715 de-

599 1757 879 1824 albarem
899 1806 916 1836 ‚
965 1758 1358 1826 coniecturas
1403 1757 1706 1844 quasdam
1759 1779 1836 1822 ex
1898 1758 2302 1846 marginibus
2353 1757 2668 1823 librorum
2693 1806 2711 1835 ‚
2775 1758 3005 1843 quibus
3109 1847 3110 1852 γ

597 1864 667 1929 in
729 1867 962 1931 scholis
1020 1865 1328 1931 habendis
1388 1886 1544 1930 usus
1590 1885 1760 1941 sum,
1812 1869 2117 1930 enotatas.
2211 1863 2335 1928 His
2382 1864 2821 1950 undecunque
2872 1882 3000 1927 cor-

596 1975 791 2049 rasis,
860 1974 914 2036 si
976 1971 1264 2058 placent,
1326 1977 1539 2047 utere,
1597 1973 1697 2036 sin
1744 1991 1894 2037 vero
1943 1971 2191 2054 minus,
2241 1975 2317 2035 ut
2362 1969 2741 2036 Horatianis
2795 1969 3002 2036 verbis

596 2080 1003 2164 numerisque
1049 2080 1322 2164 pessime
1369 2080 1683 2163 corruptis
1731 2078 1990 2142 abutar:

1060 2184 1266 2266 Quem
1314 2186 1685 2250 criticastris
1732 2205 1982 2270 cunque
2029 2183 2205 2250 voles
2253 2140 2516 2250 modum

1145 2290 1352 2356 Poues
1396 2294 1695 2377 papyris,
1745 2293 1881 2358 sive
1925 2290 2190 2356 flamma

1235 2396 1383 2463 Sive
1428 2399 1597 2464 mari
1644 2397 1806 2464 libet
1850 2396 2257 2465 Batavorum.

690 2613 764 2679 Iu
811 2611 1106 2679 Cornelio
1151 2611 1398 2698 Nepote
1442 2613 1565 2678 hae
1615 2614 2089 2681 emendationes
2132 2615 2351 2679 minus
2394 2612 2662 2699 placent.

694 2717 945 2787 Cimon.

690 2824 841 2912 Cap.
894 2824 1008 2890 111.
1062 2829 1095 2892 1
1145 2825 1374 2891 incidit
1419 2828 1487 2890 in
1532 2827 1797 2892 eandem
1843 2826 2155 2891 invidiam
2205 2845 2393 2909 quam
2446 2830 2627 2910 pater
2671 2844 2852 2891 suus.

690 2930 789 2997 Pl.
852 2937 919 2995 in
979 2951 1171 3017 quam
1230 2930 1576 3019 legendum
1642 2953 1775 2997 esse
1835 2937 2075 3006 censet,
2141 2951 2345 3017 neque
2390 2931 2459 2996 id
2506 2933 2683 3016 iure,
2739 2935 2794 2997 si
2843 2925 2984 3015 quid

602 3038 808 3107 video.
862 3037 1080 3104 Solent
1125 3039 1298 3103 enim
1344 3037 1618 3103 Romani
1667 3040 1734 3102 in
1778 3037 1896 3102 tali
1943 3040 2224 3104 oratione
2271 3038 2505 3104 mutila
2550 3044 2615 3103 et
2663 3038 2852 3124 quasi
2895 3036 2986 3099 de·

601 3150 884 3222 curtata,
956 3144 1069 3211 ubi
1137 3166 1214 3209 ex
1275 3147 1357 3209 iis
1422 3164 1584 3229 quae
1651 3143 2033 3229 praecedunt
2089 3145 2359 3210 verbum
2408 3147 2804 3233 cogitatione
2851 3161 2979 3225 sup·

600 3252 906 3340 plendum
955 3257 1085 3336 est,
1135 3257 1281 3317 ante
1328 3251 1670 3316 relativum
1721 3253 2250 3336 praepositionem
2295 3252 2611 3317 omittere.
2686 3251 2866 3317 Duos
2910 3267 2974 3311 ex

601 3357 901 3426 Cicerone
963 3359 1307 3443 descriptos
1370 3357 1541 3423 locos
1609 3377 1960 3443 apponam:
2033 3356 2235 3442 Epist.
2285 3357 2365 3422 ad
2412 3357 2546 3422 Att.
2595 3356 2704 3422 III.
2768 3355 2873 3421 19.
2921 3350 2975 3415 2.

598 3464 713 3530 Me
759 3470 907 3529 tuae
950 3463 1204 3529 litterae
1247 3484 1574 3564 nuqssuam
1621 3464 1687 3527 in
1729 3469 1971 3529 tantam
2016 3484 2192 3549 spem
2234 3463 2633 3529 adduxerunt
2680 3467 2969 3549 quantam

600 3570 909 3655 aliorum3
975 3570 1053 3635 ad
1120 3568 1481 3649 Quint..,31r.
1544 3570 1596 3635 I.
1651 3569 1711 3633 4.
1764 3570 1806 3634 4
1853 3571 2155 3656 quoniam
2204 3572 2270 3633 in
2318 3576 2572 3636 tantum
2619 3570 2870 3636 luctum
2917 3568 2972 3629 et
3081 3557 3090 3572 ⁸

597 3676 878 3742 laborem
944 3675 1237 3741 detrusus
1297 3696 1396 3751 es,
1445 3681 1758 3760 quantum
1807 3697 1995 3741 nemo
2042 3696 2344 3762 unquam.
2395 3674 2511 3743 Off.
2563 3676 2637 3742 cl.
2693 3676 2851 3742 Boot
2897 3668 2964 3734 ad

598 3782 790 3850 illum
839 3783 1053 3847 locum
1102 3786 1165 3847 et
1212 3783 1584 3868 interpretes
1630 3784 1709 3847 ab
1757 3803 1829 3849 eo
1872 3785 2076 3847 citati.

690 3889 847 3954 Post
905 3888 1094 3965 idem,
1158 3909 1307 3954 cum
1368 3909 1541 3975 pron.
1603 3887 1716 3954 rel.
1775 3889 1906 3954 fere
1967 3887 2351 3974 particulam
2397 3912 2469 3952 ao
2514 3895 2800 3974 sonaret,
2849 3884 2959 3949 RO-

599 4016 820 4062 manos
881 4015 1129 4080 quoque
1188 3997 1720 4080 praepositionem
1769 3996 2095 4067 omisisse.
2147 3995 2328 4059 docet
2371 3993 2537 4060 alius
2583 3993 2716 4062 Oic.
2763 3996 2958 4061 locus,

602 4106 710 4188 qui
781 4101 1106 4168 invenitur
1167 4100 1262 4165 De
1325 4099 1429 4166 fin.
1494 4103 1637 4167 bon.
1699 4106 1766 4166 et
1811 4101 1962 4165 mal.
2013 4100 2062 4164 I.
2117 4100 2224 4176 15,
2278 4100 2380 4177 49,
2438 4102 2550 4166 ubi
2606 4105 2710 4180 „in
2760 4097 2953 4167 eadem

603 4229 792 4276 causa
837 4213 987 4273 sunt
1006 4257 1023 4291 ‚
1072 4227 1198 4292 qua
1243 4213 1584 4293 autequam
1631 4207 1797 4273 nati''
1845 4206 2217 4295 Madvigius
2267 4206 2487 4273 edidit.

697 4313 1085 4382 Alcibiades.

695 4421 846 4506 Cap.
896 4418 986 4485 II.
1035 4424 1214 4498 extr„
1265 4420 1389 4485 nisi
1437 4421 1680 4485 maiora
1728 4421 1970 4503 potiora
2017 4419 2411 4486 haberemus.
