3192 5017
605 274 731 342 196
1462 293 1775 342 amarum
1822 293 2094 346 cmm.

689 465 787 530 Pl.
839 467 1122 552 expungi
1172 464 1374 531 voluit
1422 467 1672 530 armatis
1690 514 1706 543 ‚
1759 474 1831 531 tu
1882 488 1995 554 pro
2050 476 2225 533 ornat
2279 468 2443 557 legis
2497 472 2720 533 onerat.
2769 464 2956 543 Falso,

595 576 665 639 ni
727 572 930 638 fallor.
1024 571 1283 637 Etenim
1344 593 1695 659 nusquam,
1758 580 2068 658 quantum
2129 574 2291 639 mihi
2354 576 2613 661 quidem
2659 576 2957 650 innotuit,

593 701 786 747 naves
854 677 1175 743 militibus
1252 680 1516 743 armatis
1584 686 1862 744 oneratae
1922 686 2373 746 memorantur.
2467 679 2606 745 Aut
2666 701 2816 746 cum
2871 676 2958 743 Pl.

594 786 956 852 faciendum
1003 789 1116 851 aut
1161 795 1357 848 armat
1402 792 1458 849 et
1505 785 1748 870 (atque)
1798 793 1974 851 ornat
2019 785 2367 876 legendum
2413 808 2548 853 esse
2594 786 2868 854 videtur.

691 892 1017 967 Chabrias.

691 996 844 1084 Gap.
894 997 976 1064 H.
1026 999 1089 1065 3.

679 1106 1102 1172 Athenienses
1147 1126 1300 1171 cum
1345 1105 1701 1171 Artaxerxe
1743 1109 2109 1173 societatem
2158 1107 2509 1187 habebant,
2558 1107 2959 1174 Lacedaemo·

588 1216 681 1280 nii
752 1235 899 1278 cum
970 1213 1349 1299 Aegyptiis,
1419 1231 1457 1275 a
1524 1212 1757 1298 quibus
1819 1234 2086 1302 magnas
2146 1214 2409 1300 praedas
2465 1213 2806 1304 Agesilaus
2859 1234 2958 1278 rex

596 1341 813 1387 eorum
862 1318 1153 1384 faciebat.

681 1426 839 1491 Post
882 1449 919 1488 α-
969 1430 1181 1510 quibus
1231 1423 1558 1510 supplevit
1608 1424 1839 1490 mie-ms.
1889 1423 2100 1506 Quid?
2153 1425 2365 1494 Sicine
2403 1428 2524 1494 tibi
2564 1428 2742 1493 locus
2783 1446 2956 1493 sanus

593 1554 727 1600 esse
772 1528 1066 1599 videtur?

685 1638 925 1720 Quodsi
969 1637 1087 1702 hac
1134 1635 1405 1703 lectione
1449 1637 1878 1703 emendatiore
1925 1640 2173 1703 utimur
2190 1689 2209 1713 ‚
2261 1637 2636 1726 Agesilaum
2671 1657 2959 1726 magnam

591 1745 890 1831 praedam
961 1744 1037 1808 de
1110 1743 1321 1808 Persis
1383 1743 1710 1809 rettulisse
1770 1750 1835 1809 et
1894 1740 2238 1810 Chabriam
2301 1745 2369 1809 id
2425 1747 2784 1812 intuentem
2858 1763 2958 1808 sua

591 1859 814 1938 sponte
875 1852 1292 1916 Artaxerxem
1354 1849 1651 1915 adiutum
1707 1849 2062 1934 profectum
2110 1871 2243 1916 esse
2288 1856 2648 1916 statuamus
2696 1852 2959 1936 oportet,

590 1958 759 2045 quod
826 1957 1017 2044 longe
1085 1976 1265 2021 secus
1331 1955 1528 2022 fuisse
1597 1954 1703 2023 vel
1772 1977 1850 2021 ex
1923 1958 2322 2045 „Aegyptiae
2395 1955 2580 2023 classi
2649 1951 2954 2043 praefuit”

593 2071 791 2151 patet.
3099 2142 3100 2157 χ

682 2169 889 2236 Verba
931 2193 971 2233 α
1014 2174 1228 2255 quibus
1271 2169 1818 2254 interpretatione,
1871 2188 1998 2234 non
2045 2170 2523 2255 interpositione
2586 2172 2801 2255 egent.
2890 2162 2953 2230 Id
3099 2190 3100 2257 χ

593 2280 764 2346 enim
835 2276 959 2342 sibi
1028 2274 1171 2342 vult
1240 2273 1453 2359 Nepos
1468 2324 1486 2359 ,
1557 2279 1632 2339 ut
1703 2273 2042 2361 Agesilaus
2121 2274 2198 2341 ab
2275 2274 2625 2363 Aegyptiis
2694 2279 2956 2339 maximoe

588 2394 866 2466 quaestus
917 2382 1286 2466 praedasque
1333 2381 1594 2467 feeerit,
1653 2386 1729 2445 ut
1773 2379 2030 2465 plenam
2079 2377 2400 2447 Ciceronis
2445 2383 2514 2445 in
2559 2380 2823 2447 Verrem
2868 2376 2954 2444 111

593 2513 647 2558 c.
699 2489 785 2555 50
834 2493 995 2555 extr.
1048 2488 1388 2553 dictionem
1438 2491 1741 2573 repetam.

677 2596 941 2662 Accedit
1010 2594 1175 2679 quod
1247 2597 1301 2659 si
1370 2614 1447 2677 „a
1507 2594 1741 2678 quibus
1807 2592 2085 2658 missus‘’
2131 2596 2199 2658 in
2247 2599 2497 2660 textum
2546 2597 2950 2681 recipiamus,

587 2705 908 2769 nescimus
955 2720 1080 2786 quo
1124 2698 1523 2765 referendum
1563 2699 1684 2783 sit,
1727 2720 1877 2765 cum
1915 2701 2025 2766 vix
2063 2700 2144 2766 ad
2180 2700 2715 2768 Lacedaemonios
2756 2698 2952 2767 referri

589 2814 817 2897 queat,
875 2807 1047 2872 haud
1109 2806 1293 2872 facile
1339 2827 1484 2871 cum
1534 2808 1879 2894 Aegyptiis
1923 2808 2265 2895 iungatur,
2313 2829 2538 2892 parum
2585 2809 2855 2893 quadret
2895 2808 2953 2869 in

585 2916 1119 2985 Lacedaemonios
1201 2933 1346 2979 cum
1436 2916 1809 3000 Aegyptiis,
1895 2920 1967 2979 ut
2035 2934 2113 2979 ex
2185 2916 2397 2982 verbis
2468 2964 2504 2995 ‚,
2525 2936 2634 2981 rex
2707 2913 2949 2984 eorum’'

588 3029 867 3111 apparet.

681 3130 1004 3197 Datames

680 3235 836 3324 Gap.
891 3235 976 3303 V.
1025 3233 1088 3300 4.

676 3343 854 3409 Num
926 3339 1491 3420 „consuetudinem
1555 3339 1839 3427 reg-iam”
1900 3343 2038 3407 iure
2099 3342 2166 3407 in
2227 3365 2276 3408 c.
2341 3365 2537 3425 requam
2607 3340 2942 3410 mutaveris

582 3451 826 3517 dubito.
919 3448 1127 3528 Quam
1188 3446 1317 3512 late
1370 3445 1676 3512 adiectivi
1722 3468 1873 3513 usus
1918 3453 2166 3533 pateat,
2214 3454 2507 3516 sexcenta
2553 3449 2843 3537 exempla
2891 3448 2944 3511 in

582 3557 805 3624 lexicis
852 3555 1041 3622 obvia
1086 3553 1327 3619 docent.

817 3712 832 3726 .
971 3709 987 3725 .
1038 3659 1100 3725 5.

678 3661 969 3858 1ῗέἒίῐέ
1007 3765 1228 3854 vulgo:
1293 3767 1437 3832 Hac
1497 3788 1563 3832 re
1611 3768 1874 3852 probata
1919 3770 2269 3836 exercitum
2316 3771 2564 3849 educit,
2615 3771 2711 3838 M.
2759 3788 2943 3859 perse·

586 3882 805 3968 quitur
868 3878 1151 3950 tantum3
1216 3876 1325 3958 qui
1388 3893 1537 3938 cum
1583 3873 1665 3938 ad
1711 3874 1924 3941 hostes
1968 3882 2373 3961 pervenerat,
2426 3876 2730 3945 Datames
2777 3881 2937 3964 signa

585 3986 807 4053 inferri
850 3982 1050 4048 iubet.

680 4091 784 4157 Pl.
848 4088 983 4175 legi
1044 4084 1224 4154 vult:
1277 4084 1446 4166 „Qui
1493 4089 1748 4150 tantum
1797 4088 1964 4173 quod
2014 4088 2095 4153 ad
2140 4089 2352 4156 hostes
2397 4096 2766 4176 pervenerat
2810 4104 2933 4155 cum

584 4199 891 4265 Datames
936 4195 1120 4280 signa
1165 4192 1383 4256 inferri
1430 4192 1670 4257 iubet.’'

674 4302 939 4368 Leniore
985 4298 1265 4365 remedio
1310 4318 1466 4363 usus
1514 4319 1648 4364 esse
1693 4299 1860 4364 mihi
1907 4300 2125 4367 videor
2170 4305 2523 4392 corrig-ens:
2577 4310 2764 4390 atque
2808 4315 2929 4368 cum

581 4412 661 4477 ad
725 4411 936 4475 hostes
998 4413 1366 4492 pervenerat
1430 4405 1741 4490 (Datamen
1788 4412 2214 4497 expung-atur)
2260 4413 2447 4499 signa
2498 4412 2717 4478 inferri
2759 4409 2931 4477 iubet.
