3192 5017
1251 297 1625 347 Parnomus.
2506 278 2637 345 299

255 472 405 537 XII.
456 470 536 537 31
589 480 655 537 ut
701 479 990 555 repertum
1038 493 1245 554 corpvs
1281 471 1517 556 fuerit,
1569 471 1640 532 id
1682 470 1816 549 ique
1861 471 2191 545 adoleatur,
2244 472 2447 535 immo
2492 490 2637 561 vero

253 580 575 643 aboleatur.

347 790 491 858 117.
561 792 916 873 prudentior
981 791 1303 873 Eumolpus
1373 792 1664 857 convertit
1723 792 1807 854 ad
1863 791 2183 854 novitatem
2243 792 2334 855 rei
2394 802 2641 856 mentem

241 920 540 983 penusque
596 898 989 961 divinationi-5
1047 898 1164 960 eibi
1223 920 1337 961 non
1385 898 1703 979 displicere
1748 898 2058 983 confessus
2103 904 2204 961 est.
2262 934 2343 945 —
2394 897 2639 984 Legen-

249 1005 407 1070 dum
454 1011 551 1069 est
597 1004 1030 1086 ludificationis
1076 1006 1120 1067 i.
1171 1024 1224 1068 e.
1277 1003 1520 1069 fraudis
1567 1010 1632 1067 et
1679 1004 2100 1088 deceptionis3
2152 1001 2422 1068 artificia
2466 1005 2633 1067 enim

247 1109 704 1198 significantur,
758 1111 990 1194 quibus
1030 1111 1096 1173 in
1153 1109 1616 1175 hereditatibus
1661 1108 1992 1193 captandis
2039 1109 2138 1173 uti
2187 1109 2476 1174 debebat.

345 1317 499 1386 127.
567 1320 639 1383 ‘ei
699 1341 818 1383 non
867 1317 1144 1403 faetidi-9²
1204 1318 1403 1403 inquit
1451 1317 1771 1401 ‘feminam
1818 1328 2090 1381 ornatam
2136 1325 2192 1380 et
2241 1318 2343 1381 boc
2375 1317 2637 1400 primvm

245 1449 406 1490 anno
456 1426 648 1489 virum
696 1431 1015 1510 apertam,
1068 1424 1312 1487 coneilio
1358 1429 1500 1505 tibi,
1552 1446 1584 1487 o
1633 1429 1863 1488 iuvenis
1880 1473 1898 1507 ,
1941 1422 2232 1490 sororem’.
2278 1461 2359 1471 —
2396 1422 2640 1510 Legen-

247 1534 398 1598 dum
453 1532 710 1597 videtur
745 1531 1040 1616 feminam
1086 1531 1364 1594 dotatam

346 1747 497 1815 127.
571 1748 728 1811 dixit
790 1748 934 1810 haee
1006 1746 1199 1818 Circe,
1271 1745 1732 1830 implicitumque
1800 1769 1888 1809 me
1955 1746 2216 1810 brachiis
2273 1746 2642 1810 mollioribus

237 1856 451 1937 pluma
501 1856 745 1917 deduxit
791 1859 856 1915 in
899 1860 1114 1933 terram
1164 1857 1330 1915 vario
1371 1855 1643 1931 ⁸qrarm'ne
1689 1853 1973 1915 indutam.
2034 1890 2113 1899 —
2166 1851 2381 1916 Immo
2427 1853 2640 1936 potius

242 1962 438 2026 viridi
481 1965 770 2041 oramine.

345 2172 500 2240 128.
551 2175 719 2259 ‘quid
760 2173 863 2237 eet'
910 2175 1107 2259 inquit
1154 2174 1445 2257 ‘nunquid
1488 2181 1544 2236 te
1588 2175 1845 2237 oeculum
1890 2197 2071 2237 meum
2121 2174 2422 2261 offendit?
2484 2196 2641 2237 nun-

241 2282 398 2366 quid
456 2280 711 2364 spiritus
773 2281 998 2345 ieiunio
1055 2279 1294 2344 macer?
1346 2318 1425 2327 —
1488 2279 1768 2364 Spiritus
1832 2300 2043 2345 macer
2100 2281 2306 2366 qualis
2365 2284 2450 2345 sit
2519 2299 2642 2345 non

240 2386 573 2474 intelligo.
623 2385 914 2451 Forsitan
965 2386 1121 2451 olim
1171 2390 1485 2471 seriptum
1536 2386 1730 2450 fuerit
1776 2409 2045 2451 rancone.

343 2598 496 2664 129.
574 2620 883 2682 numquam
956 2621 1053 2681 eqo
1121 2620 1357 2678 aeorum
1423 2608 1542 2659 tam
1602 2620 1806 2680 maqno
1856 2603 2126 2680 periculo
2185 2599 2317 2663 vidi
2340 2649 2353 2675 ‚
2420 2601 2647 2663 medius

221 2707 437 2791 fidius
487 2706 606 2767 iam
644 2704 883 2788 peristi.
937 2703 1098 2787 quod
1140 2703 1196 2765 ei
1241 2704 1394 2766 idem
1415 2703 1640 2786 frique
1672 2726 1870 2784 qenua
1914 2726 2236 2788 manusque
2275 2707 2647 2789 temptaverit

237 2822 382 2877 tuae
402 2860 420 2889 ,
475 2811 616 2874 lieet
664 2811 747 2872 ad
789 2809 1078 2873 tubicines
1122 2809 1346 2873 mittar.
1403 2845 1486 2857 —
1534 2807 1756 2893 Inepte
1808 2808 2047 2895 legitur
2092 2811 2395 2875 tubicines.
2451 2811 2647 2876 Tubi-

237 2922 469 2984 einum
517 2919 712 3000 enim,
759 2916 862 2981 vel
911 2915 1246 2987 tibicinum
1271 2964 1287 2997 ,
1336 2914 1440 2979 vel
1487 2914 1808 2979 sitieinum
1831 2963 1847 2989 ,
1896 2918 2006 2998 qui
2054 2915 2640 2983 illustrissimorum

237 3029 537 3091 virorum
601 3022 894 3086 funebres
961 3041 1219 3105 pompas
1284 3021 1510 3085 ducere
1573 3019 1863 3086 solebant
1912 3021 2019 3105 (ef.
2072 3021 2304 3088 Heind.
2356 3023 2433 3089 ad
2487 3022 2644 3088 Hor.

237 3129 376 3196 Sat.
435 3129 491 3194 Ι.
546 3126 607 3191 6.
658 3127 773 3213 44)
818 3125 1037 3192 nullus
1082 3126 1257 3192 loeus
1304 3147 1439 3191 esse
1486 3129 1698 3210 potuit
1742 3129 1805 3190 in
1858 3128 2074 3193 funere
2122 3126 2430 3215 Polyaeni
2472 3149 2645 3213 pere-

237 3239 425 3324 grini
476 3241 540 3299 et
583 3232 889 3321 ignobilis
935 3230 1411 3298 adolescentuli.
1507 3231 1855 3316 Postquam
1908 3253 2053 3298 vero
2101 3236 2375 3299 animam
2413 3235 2646 3320 aliquis

238 3340 498 3408 efflavit
544 3338 932 3403 libitinarius
955 3386 971 3415 ,
1023 3341 1274 3422 opinor,
1325 3338 1793 3415 arcessebatur,
1843 3359 1882 3403 a
1926 3358 2051 3421 quo
2098 3343 2314 3405 omnia
2359 3362 2519 3426 quae
2568 3341 2646 3407 ad

238 3446 652 3533 sepulturam
741 3448 1158 3529 pertinerent,
1233 3455 1622 3509 curarentur.
1731 3445 2014 3532 Legatur
2081 3448 2287 3533 igitur
2354 3449 2497 3512 'lieet
2567 3450 2651 3512 ad

239 3554 569 3617 Libitinae
626 3552 830 3615 mittat
888 3553 931 3615 i.
982 3572 1037 3615 e.
1104 3551 1182 3615 ad
1246 3549 1567 3615 Libitinae
1628 3551 1884 3628 aedem,
1949 3561 2098 3617 nota
2162 3552 2396 3638 ellipsi.
2445 3552 2644 3621 Godd.

237 3662 507 3728 variant
551 3660 717 3723 inter
766 3659 1050 3720 tubicines
1097 3664 1161 3722 et
1211 3656 1499 3720 tibicines.
1554 3656 1649 3721 De
1699 3656 1981 3723 Libitina
2027 3659 2105 3724 ef.
2155 3659 2302 3727 Liv.
2356 3660 2492 3726 XL.
2525 3660 2607 3726 19
2627 3683 2643 3740 ;

237 3769 430 3834 Suet.
490 3763 660 3830 Nero
709 3762 831 3839 39;
878 3762 1065 3827 Dion.
1113 3761 1265 3828 Hal.
1315 3761 1419 3826 IV.
1479 3762 1597 3841 153
1650 3761 1820 3829 Plut.
1877 3764 2130 3845 Quaest.
2182 3764 2369 3831 Rom.
2420 3764 2529 3833 23.

347 3978 507 4044 131.
564 3980 860 4061 premebat
923 3978 1034 4040 illa
1082 3976 1343 4040 resoluta
1389 3976 1731 4039 marmoreis
1775 3977 2098 4040 cervicibus
2144 3999 2386 4040 aureum
2434 3985 2642 4043 torum.

242 4085 639 4174 Legendum
688 4086 957 4149 revoluta
973 4112 1000 4160 ,·
1048 4083 1123 4147 cf.
1176 4081 1355 4168 Virg.
1403 4080 1563 4147 Aen.
1612 4080 1719 4146 lv.
1771 4081 1923 4159 690,
1971 4082 2045 4147 V.
2096 4080 2249 4147 336.

349 4294 508 4361 135.
592 4295 884 4360 Oenothea
948 4315 1198 4357 mensam
1261 4302 1507 4355 veterem
1563 4292 1766 4373 poenit
1822 4267 1889 4355 in
1947 4294 2135 4357 medio
2196 4294 2387 4358 altari
2408 4342 2424 4371 ,
2473 4318 2648 4381 quam

245 4406 413 4468 aivis
480 4404 740 4485 implevit
803 4403 1149 4464 carbonibue
1170 4447 1188 4481 ,
1236 4410 1292 4462 et
1339 4399 1639 4461 camellam
1689 4400 1863 4462 etiam
1911 4408 2201 4463 vetustate
2246 4410 2477 4484 ruptam
2512 4404 2652 4485 pice
