3192 5017
1270 328 1631 376 nummum.
1784 342 1789 347 ·
2505 304 2636 371 269

750 501 870 577 ἐγὼ
921 499 973 564 δ’
1020 500 1295 568 αἶπος-οἷό
1346 499 1609 564 ἐκποδὼν
1656 499 2142 576 σιγήσομαι.

257 602 367 667 Est
437 604 550 670 hoc
622 606 858 670 vitium
931 605 1008 670 de
1076 626 1149 671 eo
1218 627 1482 693 genere,
1552 604 1721 689 quod
1782 606 1915 670 iam
1979 605 2169 669 toties
2217 604 2636 683 offendimus3

255 727 451 791 quum
499 717 662 775 esset
708 711 869 776 forte
915 714 981 775 in
1031 709 1264 778 Codice
1308 711 1536 777 lacuna
1560 758 1576 789 ‚
1624 709 1870 776 librarii
1921 718 2353 776 assumserunt
2400 732 2435 777 e
2482 713 2638 777 vici-

254 816 359 880 nia
404 816 788 882 vocabulum
807 865 825 895 ‚
876 817 1042 902 quod
1089 819 1180 883 sic
1227 820 1381 883 satis
1428 819 1777 882 sententiae
1819 818 2203 883 conveniret.
2298 815 2421 882 Sed
2461 837 2638 902 prae-

254 929 380 988 stat
439 923 767 1009 supplere,
830 923 998 1008 quod
1045 926 1394 991 necessario
1437 923 1541 988 hic
1589 923 1931 1008 unicuique
1980 925 2045 987 in
2095 929 2376 989 mentem
2424 925 2640 989 venire

257 1028 442 1094 debet
462 1050 479 1095 3

699 1136 822 1214 ἐγὼ
867 1135 923 1201 δ’
971 1136 1246 1206 ‘ixveniet'
1294 1136 1556 1201 ἐκποδὼν
1599 1159 1652 1215 χ
1671 1161 1713 1200 ω
1727 1159 1757 1216 ρ
1777 1136 1810 1209 ἦ
1828 1158 1866 1199 σ
1883 1159 1910 1200 ο
1927 1159 1978 1213 μ
1998 1160 2041 1200 α
2059 1160 2099 1200 ι.

341 1347 418 1413 In
466 1348 780 1433 colloquio
826 1370 972 1414 cum
1025 1348 1270 1415 Helena
1317 1350 1586 1416 ridicule
1634 1371 1744 1416 rex
1792 1349 2304 1437 Theoclymenus
2354 1349 2431 1414 de
2476 1369 2635 1414 nsu-

253 1454 467 1542 frago,
514 1456 624 1539 qui
663 1458 968 1520 nuncium
1008 1454 1252 1521 scilicet
1293 1455 1597 1522 attulerat
1640 1459 1718 1522 de
1764 1455 2046 1521 Menelai
2072 1456 2273 1529 obitu,
2298 1474 2394 1521 vs.
2426 1452 2636 1520 1222:

662 1561 898 1626 πόσιν
938 1561 991 1624 δ’
1047 1558 1322 1625 ἄθαπτον
1371 1561 1580 1626 ἔλιπεν
1632 1562 1665 1636 ἢ
1716 1565 1969 1641 κρύπτει
2017 1557 2244 1641 χθονίς

339 1666 631 1733 Emenda
685 1666 1040 1748 πότερον.
1107 1667 1289 1732 Πόσιν
1352 1670 1442 1732 sic
1505 1668 1765 1734 demum
1830 1671 1898 1732 in
1959 1688 2034 1733 ea
2094 1669 2408 1733 sententia
2469 1673 2638 1732 recte

249 1774 665 1859 usurpabitur
687 1823 704 1851 ,
773 1776 828 1838 si
891 1774 1192 1860 adjeceris
1252 1794 1595 1859 pronomen
1666 1777 2110 1860 possessivum.
2174 1773 2392 1861 Magis
2439 1775 2636 1838 etiam

249 1879 520 1945 ridicule
565 1879 632 1944 id
676 1879 842 1965 quod
892 1886 988 1944 est
1034 1879 1207 1952 πόσις
1256 1884 1528 1945 recurrit
1573 1902 1668 1947 vs.
1724 1878 1937 1945 1287:

712 1988 856 2051 κούκ
904 1986 980 2050 ἂν
1028 1986 1273 2051 δύναιτο
1321 1990 1427 2069 ζῆν
1476 1987 1502 2050 ὃ
1551 1983 1878 2052 κατθανὼν
1926 1986 2181 2056 πόσις.

252 2091 449 2171 Quasi
513 2091 785 2157 coelibes
849 2092 1103 2157 facilius
1165 2094 1551 2158 reviviscant
1614 2113 1806 2177 quam
1857 2088 2382 2177 patresfamilias!
2432 2090 2637 2178 Lege:

249 2199 276 2262 ὁ
327 2196 661 2263 κατθανὼν
706 2224 752 2263 π
775 2198 959 2263 οὶλιν
1001 2204 1067 2264 et
1106 2198 1183 2262 cf.
1232 2198 1563 2264 Nauckius
1601 2199 1681 2265 sd
1708 2220 1961 2266 versum
1988 2199 2181 2263 huius
2206 2197 2458 2264 fabulae
2483 2196 2637 2263 613.

309 2413 695 2480 ‚Pollicetur
742 2435 854 2479 rex
901 2435 996 2479 vs.
1053 2412 1225 2479 1272
1273 2435 1339 2479 se
1379 2414 1715 2501 navigium
1758 2434 1893 2480 esse
1931 2414 2268 2491 daturum,
2307 2418 2379 2478 ut
2406 2414 2638 2478 marito

241 2519 493 2587 Helena
540 2520 798 2585 inferias
844 2519 1037 2585 ferat:
1654 2536 1655 2539 ’

707 2626 993 2690 Φοίνισσα
1044 2629 1213 2700 κώπη
1264 2629 1621 2708 ταχύπορος
1671 2627 2144 2704 γενήσεται.

240 2733 563 2818 Requiro:
630 2728 1095 2805 δοθήσεται.
1159 2732 1358 2798 Recte
1422 2733 1669 2797 dicetur
1731 2731 1850 2795 hoc
1896 2751 2081 2795 sensu
2131 2731 2468 2808 γενήσεταί
2511 2753 2637 2805 σοι,

239 2839 349 2904 sed
397 2838 646 2904 nudum
693 2839 1027 2914 γενήσεται
1077 2839 1386 2904 absonum
1434 2848 1553 2903 est.

335 3049 409 3115 In
456 3047 920 3136 Theoclymeni
967 3051 1179 3115 verbis
1227 3072 1320 3116 vs.
1380 3047 1588 3114 1396:

754 3155 990 3221 δέδοικα
1038 3156 1165 3233 γάρ
1210 3165 1294 3220 σε’
1327 3157 1416 3234 μή
1464 3179 1557 3228 τις
1606 3155 1888 3233 ἐμπεσὼν
1936 3151 2127 3225 πόθος

761 3264 943 3341 πείσῃ
990 3259 1371 3337 μεθεῖναι
1419 3260 1580 3339 σῶμ’
1633 3261 1692 3334 ἐς
1741 3256 1928 3338 οἶδμα
1977 3259 2235 3324 πόντιον.

249 3370 491 3433 rectius
551 3367 669 3433 hoc
731 3369 854 3432 nisi
916 3366 1102 3433 fallor
1159 3368 1394 3433 dicitur
1455 3371 1872 3433 καθεῖναι·
1922 3369 2013 3433 sic
2062 3373 2228 3432 certe
2277 3388 2366 3433 vs.
2421 3365 2631 3432 16143

753 3474 967 3547 καθῆκ’
1017 3473 1288 3550 ἐμαυτὸν
1332 3474 1419 3546 εἷς
1468 3470 1577 3538 ἅλ’
1621 3472 1903 3554 ἄγκυραν
1952 3471 2149 3553 πάρα.

336 3685 644 3752 Nondum
691 3687 987 3773 expedire
1035 3692 1378 3773 potuerunt
1424 3690 1548 3755 viri
1597 3688 1767 3755 docti
1813 3710 1906 3756 vs.
1966 3688 2179 3755 1590:

753 3793 861 3858 καί
905 3818 999 3866 τις
1049 3793 1174 3858 τόδ’
1221 3791 1390 3860 εἶπε·
1442 3794 1636 3869 δόλιος
1689 3798 1722 3871 ἦ
1771 3796 2144 3876 ναυκληρία·

751 3898 945 3964 πάλιν
991 3899 1279 3978 πλέωμεν
1327 3899 1612 3977 Ναξίαν·
1663 3901 1877 3968 κέλευε
1925 3902 2040 3967 σύ·

754 4007 830 4070 σὺ
879 4006 940 4071 δὲ
988 4006 1166 4089 ςρέφ’
1214 4005 1421 4072 οἴακα.
1524 4012 1529 4017 ’

247 4106 466 4174 Codex
522 4110 716 4177 habet
763 4110 980 4189 ἀξίαν,
1033 4116 1137 4177 cui
1182 4118 1683 4201 superscriptum
1733 4140 1844 4193 να,
1895 4116 2061 4181 unde
2110 4113 2362 4190 Ναξίαν
2408 4116 2473 4180 in
2524 4114 2639 4179 Al-

247 4214 464 4280 dinam
511 4216 717 4282 fluxit.
769 4218 1007 4283 Scribit
1055 4218 1462 4285 Hermannus
1509 4219 1661 4297 ἀξιῶ
1690 4271 1704 4297 ,
1757 4219 2053 4287 Paleius:
2103 4222 2168 4286 τί
2214 4227 2316 4287 νῦν
2354 4219 2643 4299 πλέωμεν

250 4324 629 4395 Ναυπλίαν.
695 4324 1067 4391 Badhamus
1130 4328 1387 4406 ἀντίαν,
1450 4327 1558 4394 sed
1608 4328 1763 4395 haec
1815 4328 2287 4413 desperantium
2336 4335 2486 4394 sunt
2537 4350 2641 4394 co-

247 4428 529 4493 namina.
579 4429 1107 4496 Emendsndum:
