3192 5017
1291 313 1649 361 nuan’mm.
2534 291 2662 358 141

277 485 444 571 phon
492 487 827 553 describit:
879 488 986 553 καὶ
1035 487 1086 552 οἱ
1134 487 1344 557 ἱππεῖς
1395 483 1458 549 δὲ
1506 483 1741 555 πάντες
1792 490 2077 563 παρῆσαν
2144 479 2665 560 καταβεβηκότες

276 591 401 657 ἀπὸ
465 598 582 657 τῶν
630 590 873 668 ἵππων,
922 594 1027 658 καὶ
1076 591 1392 672 διειρκότες
1442 590 1559 663 τὰς
1610 600 1832 671 χεῖρας
1880 591 1982 657 διὰ
2033 597 2148 655 τῶν
2197 587 2499 663 κανδύων,
2551 585 2662 651 ὥσ·

276 722 385 776 περ
453 701 557 765 καὶ
608 706 709 765 νῦν
757 699 846 766 ἔτι
887 701 1223 782 διείρουσιν,
1271 694 1421 763 ὅταν
1469 698 1576 777 ὁρᾷ
1626 696 1956 775 βασιλεύς.
2022 695 2415 763 Contendere
2455 695 2664 761 ausim

277 806 523 872 dedisse
571 819 859 893 poetam:

729 911 927 979 ἄλλαι
976 915 1040 979 δὲ
1088 911 1391 978 κάνδυν
1442 913 1786 993 Θρῄκιον
1838 907 2143 987 θεώμεναι

733 1019 970 1098 γυμνόν
1014 1021 1085 1096 μ’
1134 1016 1370 1093 ἔθηκαν
1415 1018 1722 1097 διπτύχου
1777 1016 2179 1093 ςολίσματος.

278 1123 488 1191 Causa
538 1133 834 1210 apparet:
884 1125 1003 1191 hoo
1053 1126 1330 1212 agebant
1377 1124 1680 1190 mulieres
1727 1131 1803 1189 ut
1849 1129 2159 1211 tyrannus
2205 1141 2435 1187 manus
2481 1142 2515 1186 e
2564 1127 2670 1186 tu-

276 1233 419 1297 nica
465 1238 795 1297 exsereret.
847 1232 984 1297 Iam
1035 1233 1245 1297 stabat
1286 1228 1389 1297 vel
1428 1231 1688 1296 sedebat
1730 1233 1944 1316 potius
1983 1228 2385 1316 Polymestor
2424 1227 2668 1311 nudus,

277 1336 344 1402 h.
398 1357 452 1402 e.
528 1341 744 1403 tunica
805 1340 884 1404 ad
948 1337 1330 1403 umbilicum
1394 1358 1593 1423 usque
1659 1337 1966 1413 demissa,
2030 1355 2144 1401 nec
2209 1334 2482 1400 habebat
2544 1353 2668 1419 quo

276 1451 468 1529 caput
531 1445 939 1510 absconderet
1003 1449 1194 1529 atque
1257 1446 1346 1508 sic
1393 1442 1697 1509 mulieres
1746 1444 2136 1508 occasionem
2187 1447 2405 1507 nactae
2453 1440 2667 1507 fibulis

275 1549 492 1615 oculos
540 1552 679 1616 eins
731 1550 1100 1617 effoderunt.
1195 1549 1399 1625 Hinc,
1451 1557 1525 1615 ut
1571 1552 1731 1614 dicit
1774 1552 1948 1635 ipse,

823 1657 874 1723 εί
924 1658 1038 1735 μὲν
1088 1653 1402 1737 πρόσωπον
1448 1655 1797 1731 ἐξανιςαίην
1845 1653 2025 1738 ἐμόν,

824 1765 1015 1841 κόμης
1067 1771 1403 1845 κατεῖχον,
1455 1764 1508 1828 εἶ
1558 1762 1622 1827 δὲ
1669 1761 1887 1836 κινοίην
1932 1762 2165 1841 χέρας,

827 1867 1060 1944 πλήθει
1108 1875 1412 1948 γυναικῶν
1455 1869 1617 1934 οὐδὲν
1668 1867 1875 1943 ἤνυτον
1915 1866 2146 1941 τάλας.

1315 2114 1667 2123 .-.----

369 2282 444 2346 In
504 2283 703 2348 Oreste
751 2305 842 2349 vs.
894 2282 980 2349 98
1021 2283 1270 2350 Helena
1311 2285 1583 2367 fatetur,
1629 2306 1663 2350 e
1702 2286 1882 2372 regia
1919 2305 1986 2350 se
2019 2305 2144 2351 non
2169 2285 2399 2351 audere
2424 2285 2664 2372 egredi,

281 2394 354 2452 ut
400 2392 599 2454 sorori
645 2391 901 2455 inferias
948 2390 1198 2456 afferat:

733 2497 928 2574 δεῖξαι
977 2498 1104 2576 γὰρ
1152 2498 1487 2577 ’Λργείοισι
1536 2499 1721 2578 σῶμ’
1774 2498 2184 2581 αἰσχύνομαι.

269 2603 412 2668 Hoc
462 2603 716 2687 quidem
769 2602 1001 2689 flagitii
1050 2606 1435 2689 principium
1486 2613 1620 2680 est,
1673 2612 1744 2669 ut
1791 2607 1884 2670 ait
1929 2604 2211 2688 Ennius,
2251 2603 2553 2671 δεικνύναι
2595 2604 2666 2669 τὸ

271 2715 476 2785 σῶμα.
571 2707 716 2774 Soio
777 2709 1035 2793 quidem
1100 2712 1166 2774 in
1229 2708 1482 2776 Scholio
1546 2711 1627 2775 ad
1688 2708 1885 2775 Hom.
1952 2709 2140 2775 Iliad.
2206 2721 2265 2776 A
2318 2710 2445 2776 115
2493 2711 2662 2796 huno

275 2814 665 2881 versiculum
714 2817 850 2879 sine
898 2814 1032 2879 ulla
1078 2818 1387 2881 varietate
1435 2814 1718 2892 laudari,
1769 2815 1880 2880 sed
1930 2815 2194 2880 malim:

730 2918 925 2995 δεῖξαι
980 2920 1105 2999 γὰρ
1157 2920 1524 3000 Ἀργείοισιν
1573 2920 1758 2999 ὄμμ’
1809 2920 2211 3001 αἰσχύνομαι.

273 3026 449 3092 Haec
511 3031 606 3090 est
653 3028 1075 3092 usitatissima
1123 3027 1531 3113 periphrasis·
1625 3028 1892 3093 Admeti
1943 3027 2137 3093 verba
2184 3035 2336 3094 sunt
2382 3028 2461 3094 ad
2509 3049 2669 3095 uxo-

272 3153 410 3197 rem
462 3130 601 3196 Alo.
658 3129 871 3197 1133:

734 3234 776 3301 ὦ
826 3237 1144 3318 Φιλτοὶτης
1196 3241 1487 3316 γυναικὸς
1538 3239 1720 3317 ὄμμα
1768 3241 1872 3305 καὶ
1925 3240 2169 3318 δέμας,

279 3350 345 3409 ει
390 3346 458 3408 in
505 3342 624 3409 hac
670 3343 807 3428 ipsa
863 3344 1079 3410 fabula
1126 3343 1460 3411 Menelaus
1506 3367 1630 3411 non
1680 3367 1870 3412 ausus
1918 3353 2014 3413 εει
2061 3348 2276 3413 venire
2322 3349 2389 3414 in
2449 3348 2672 3434 populi

276 3453 662 3528 contionem,
720 3451 842 3517 οὐδ’
890 3450 1072 3528 ὄμμ’
1122 3450 1382 3536 ἔδειξεν,
1435 3474 1526 3518 vs.
1583 3452 1778 3520 1057.

366 3675 586 3741 Rediit
647 3678 712 3740 in
776 3675 1110 3743 Graeciam
1174 3677 1421 3744 Helena
1484 3680 1731 3762 τρυφὰς
1800 3678 2039 3762 ἔχουσα
2085 3681 2404 3767 Τρωικάς,
2451 3687 2528 3748 ιιι
2574 3687 2672 3750 εει

279 3803 370 3847 vs.
428 3780 599 3847 1113
651 3789 715 3847 et
762 3783 982 3851 eodem
1037 3787 1312 3870 pertinet
1358 3786 1525 3871 quod
1572 3787 1877 3853 barbarus
1925 3786 2039 3854 ille
2079 3809 2236 3874 puer
2296 3788 2675 3854 describitur

280 3908 374 3952 vs.
432 3886 639 3953 1426:

923 3997 1097 4074 παρὰ
1143 3996 1455 4077 βόςρυχον
1504 3998 1700 4079 αὔραν
1748 4000 1944 4079 αὔραν

920 4099 1179 4173 Ἑλένας
1228 4105 1484 4178 Ἑλένας
1533 4107 1772 4185 εὐπᾶγι
1821 4105 2024 4187 κύκλῳ

918 4207 1173 4287 πτερίνῳ
1222 4210 1333 4291 πρὸ
1382 4211 1670 4291 παρηίδος
1721 4212 1928 4296 ᾄσσων

916 4313 1261 4393 βαρβάροις
1312 4314 1596 4393 νόμοισιν.

279 4415 452 4483 Hinc
502 4416 983 4506 indignabunda
1030 4419 1282 4487 Electra
1331 4444 1423 4490 vs.
1478 4422 1638 4489 128:
