3192 5017
1442 273 1677 348 mma.
2620 282 2751 352 413

365 471 719 536 maiestatis
777 474 1019 537 crimen
1078 470 1470 537 exsulabant.
1560 471 1798 537 Iisdem
1862 473 2156 537 omnibus
2203 474 2364 538 bona
2409 474 2733 558 publicata

365 575 676 641 reddidit:
746 577 943 643 simul
1008 579 1309 663 reliquias
1380 578 1765 643 tributorum
1836 577 2292 644 Macedonibus
2360 583 2610 645 remisit
2670 589 2735 646 et

364 681 718 747 maiestatis
776 704 914 749 reos
975 705 1010 750 e
1069 684 1344 751 vinculis
1400 684 1722 751 liberavit.
1772 689 1981 749 ταῦτα
2030 686 2092 750 δὲ
2142 686 2440 769 ποιήσας,
2489 689 2733 771 inquit,

364 788 628 861 πολλοὺς
691 790 1045 868 ἐμετεώρισε
1103 790 1286 855 δοκῶν
1349 791 1554 862 καλὰς
1621 791 1879 861 ἐλπίδας
1944 790 2358 856 ὑποδεικνύναι
2406 795 2563 856 πᾶσι
2611 800 2735 864 τοῖς

358 895 660 969 Ἕλλησιν
729 896 791 959 ἐν
860 897 1049 976 αὐτῷ.
1123 896 1454 962 Praeterea
1518 902 1653 962 erat
1710 899 1778 961 in
1846 918 1919 963 eo
1974 899 2151 985 regia
2198 897 2513 985 dignitas,
2564 904 2736 962 aetas

362 1001 640 1087 integra:
691 1009 824 1067 erat
868 1003 1040 1068 idem
1089 1005 1366 1091 impiger
1410 1024 1482 1068 ac
1528 1010 1822 1069 strenuus
1858 1006 1926 1067 in
1968 1006 2152 1069 rebus
2191 1004 2520 1092 gerendis:
2563 1004 2736 1069 idem

361 1127 564 1191 neque
608 1107 994 1173 mulierosus
1045 1118 1179 1175 erat
1223 1130 1424 1193 neque
1471 1111 1762 1187 vinosus,
1813 1130 1973 1194 quae
2016 1112 2216 1195 patris
2263 1110 2423 1175 vitia
2468 1110 2736 1175 fuerant.

362 1213 704 1293 ἐπεφεύγει
774 1215 837 1279 δὲ
899 1216 1001 1279 κἀ)
1065 1217 1174 1289 τὴν
1237 1218 1535 1295 πατρικὴν
1601 1215 1940 1291 οξσέλγειαν
2000 1217 2110 1291 τήν
2155 1242 2227 1281 τε
2277 1217 2408 1295 περ)
2458 1217 2574 1288 τὰς
2626 1242 2742 1295 γυ·

363 1329 579 1395 ναῖκας
631 1322 732 1385 καὶ
784 1324 893 1396 την
940 1322 1072 1402 περὶ
1122 1322 1261 1393 τοὺς
1312 1320 1534 1395 πότους
1584 1322 1687 1386 καὶ
1736 1324 1801 1387 οὐ
1850 1322 2025 1401 μόνον
2075 1323 2262 1395 αὐτὸς
2303 1324 2540 1402 μέτριον
2577 1320 2742 1389 ἔπινε

360 1425 609 1491 δειπνῶν
656 1428 832 1492 ἄλλα
886 1427 990 1491 καὶ
1040 1431 1090 1494 οἱ
1145 1429 1421 1493 συνόντες
1469 1429 1636 1508 αὐτῷ
1674 1427 1867 1510 φίλοι.
1908 1425 2003 1492 Of.
2043 1427 2319 1514 Appian.
2363 1429 2599 1495 Maced.
2627 1428 2741 1495 IX.

362 1531 438 1596 2:
502 1532 778 1599 Romani
841 1533 1134 1612 πρέσβεις
1204 1536 1264 1604 ές
1328 1534 1469 1606 τοὺς
1516 1534 1743 1612 Φίλους
1792 1534 2103 1611 βασιλέας
2155 1572 2232 1583 -
2289 1534 2741 1620 περιέπεμπον,

363 1637 591 1714 ἐτέρους
656 1638 709 1703 δ’
768 1641 827 1712 ές
891 1642 1001 1713 τὴν
1063 1638 1351 1705 Ἐλλάδα
1402 1678 1482 1688 -
1535 1641 1640 1704 καὶ
1707 1642 1767 1712 ές
1833 1643 1949 1712 τας
2014 1641 2220 1716 νήσους
2271 1638 2419 1710 ὅσας
2468 1642 2742 1708 δύναιντο

362 1745 908 1824 προσαγαγέσθαι,
962 1743 990 1810 ὃ
1042 1748 1146 1811 καὶ
1197 1746 1448 1823 μαλιςα
1495 1746 1633 1818 τοὺς
1679 1743 1997 1819 Ἕλληνας
2045 1746 2385 1825 ἐτάραττεν
2426 1747 2743 1823 ἡδομένους

360 1852 473 1929 μὲν
535 1855 617 1930 τῷ
668 1859 895 1931 Περσεῖ
938 1861 1422 1917 ΦῙΛΕΛΛΗΝΙ
1471 1850 1624 1927 ὄντι,
1676 1849 2216 1930 ἀναγκαζομένους
2268 1852 2322 1915 δ’
2371 1852 2554 1924 ένίους
2603 1855 2744 1918 Ῥω-

360 1957 567 2034 μαίοις
617 1959 676 2029 ἐς
725 1956 1080 2033 συμβάσεις
1128 1966 1364 2040 χωρεῖν.
1417 1957 1514 2021 Ex
1562 1959 1763 2021 animi
1810 1959 2122 2022 sententia
2169 1955 2397 2023 Graeci
2446 1959 2746 2023 favebant

360 2061 591 2127 Perseo
638 2063 970 2142 Φιλέλληνι
1017 2062 1140 2129 ὄντι
1189 2064 1296 2129 sed
1344 2063 1633 2129 nonnulli
1682 2061 2079 2128 ineluctabili
2128 2066 2502 2129 necessitate
2543 2068 2743 2130 coacti

361 2169 439 2234 ab
488 2168 795 2234 Romanis
843 2171 1131 2252 stabant,
1180 2170 1346 2253 quod
1393 2170 1470 2235 de
1519 2168 1785 2234 Rhodiis
1830 2172 2237 2254 potissimum
2286 2170 2412 2234 dici
2454 2172 2742 2236 arbitror.

361 2274 438 2339 cf.
506 2274 625 2339 IX.
696 2275 772 2339 1:
843 2274 1165 2341 Eumenes
1239 2279 1510 2341 crimina
1577 2279 1647 2341 in
1715 2275 2022 2341 Perseum
2095 2276 2376 2341 deferens
2447 2275 2746 2354 ἔγκλημα

363 2379 547 2444 ἐποίει
607 2380 711 2445 καὶ
778 2383 888 2455 τὴν
937 2380 1298 2458 ἐπιμέλειαν
1346 2383 1538 2446 αὐτοῦ
1588 2381 1692 2445 κα)
1739 2381 1810 2444 τὸ
1858 2380 2157 2460 νηφάλιον
2204 2389 2314 2455 τῆς
2364 2382 2600 2457 διαίτης
2647 2382 2741 2448 ὅν-

361 2509 462 2559 τος
522 2484 674 2551 οὕτω
723 2487 880 2562 νέου,
930 2487 1033 2550 καὶ
1083 2485 1173 2553 ὅτι
1225 2489 1368 2566 πρὸς
1426 2489 1667 2552 πολλῶν
1713 2485 1891 2561 ὀξέως
1936 2488 1995 2551 ἐν
2042 2487 2232 2565 ὀλίγῳ
2278 2489 2586 2567 ἀγαπῷτο
2635 2490 2740 2554 καὶ

365 2593 687 2657 ἐπαινοῖτο.
784 2591 1143 2677 Respondet
1189 2593 1401 2657 Persei
1445 2593 1735 2679 legatus:
1785 2592 2065 2668 Εὐμένης
2117 2593 2220 2656 ὑπ’
2261 2592 2487 2672 ἔχθρας
2526 2619 2595 2659 τε
2638 2594 2742 2659 καὶ

363 2699 579 2779 Φθόνου
629 2699 731 2762 καὶ
782 2698 945 2769 δέους
995 2699 1125 2762 οὐδὲ
1173 2697 1360 2763 ταῦτ’
1411 2699 1670 2773 ὤκνησεν
1710 2698 2059 2775 ἐγκαλέσαι
2100 2707 2327 2777 Περσεῖ
2361 2697 2450 2764 ὅτι
2493 2710 2743 2773 πολλοῖς

365 2803 548 2870 ἔθνεσι
617 2804 1057 2886 κεχαρισμένος
1116 2805 1221 2870 καὶ
1287 2812 1735 2870 ΦῙΛΕΛΛΗΝ
1804 2804 1906 2867 καὶ
1974 2802 2292 2882 σωφρόνως
2357 2805 2495 2868 ἀντὶ
2560 2805 2743 2882 μέθης

246 2943 266 2963 ν
364 2911 468 2976 καὶ
518 2919 755 2990 τρυφῆς
802 2911 984 2990 ἄρχει
1036 2911 1140 2975 καὶ
1187 2913 1363 2976 ταῦθ’
1415 2912 1588 2987 ὑμεῖς
1639 2912 1828 2974 αὐτοῦ
1876 2908 2162 2986 λέγοντος
2219 2908 2488 2983 ὑπέςητε
2530 2912 2748 2991 οὶκροοὶ-

364 3020 614 3082 σασθαι.
680 3018 1015 3096 Τοιγάρτοι
1080 3019 1190 3091 την
1247 3017 1470 3082 ἐκείνου
1524 3016 1822 3092 διαβολὴν
1869 3015 2096 3093 αὔξετε
2145 3014 2284 3079 καθ’
2341 3017 2502 3091 ὑμῶν
2552 3017 2627 3087 ὥς
2680 3020 2743 3082 ού

360 3123 646 3207 φέροντες
710 3121 1024 3202 σώφρονας
1089 3124 1193 3187 καὶ
1259 3122 1523 3194 δικαίους
1589 3123 1693 3186 καὶ
1745 3121 2109 3204 φιλοπόνους
2160 3123 2465 3198 γείτονας.
2561 3122 2736 3189 Haec

359 3234 574 3296 omnia
637 3232 970 3297 verissime
1032 3231 1203 3295 dicta
1264 3236 1429 3293 sunt.
1527 3228 1794 3294 Perseus
1855 3231 2026 3293 enim
2094 3229 2170 3294 de
2230 3227 2397 3293 bello
2445 3228 2748 3293 Romanis

358 3337 680 3402 inferendo
731 3358 809 3401 ne
860 3337 1180 3424 cogitabat
1228 3336 1522 3420 quidem,
1573 3335 1682 3399 sed
1737 3335 2015 3400 Romani
2063 3336 2454 3417 suspicantes
2502 3355 2566 3399 se
2614 3338 2744 3420 peti

358 3442 725 3508 maluerunt
772 3463 1074 3527 occupare
1121 3443 1391 3517 hostem,
1442 3461 1828 3526 quamquam
1875 3440 1944 3504 id
1988 3439 2207 3505 sedulo
2234 3439 2743 3517 dissimulabant,

359 3550 467 3615 sed
538 3550 804 3625 trustra,
875 3551 1023 3635 quia
1091 3569 1189 3613 res
1256 3550 1397 3632 ipsa
1466 3547 1719 3612 clamat.
1817 3546 2092 3611 Romani
2157 3545 2460 3611 nolebant
2525 3568 2743 3634 regem

358 3655 675 3730 validum,
733 3660 1096 3740 potentem,
1147 3660 1480 3720 strenuum
1529 3654 1714 3716 lateri
1761 3655 2000 3736 affixum
2048 3653 2263 3716 habere
2313 3653 2398 3733 (ἐν
2447 3660 2741 3730 πλευραῖς

361 3760 552 3846 ἔχειν)
618 3761 727 3825 sed
788 3760 1018 3826 callide
1082 3760 1470 3825 simulabant
1530 3780 1594 3824 se
1657 3758 1965 3823 Eumenis
2038 3758 2413 3822 criminibus
2461 3760 2742 3823 moveri:

359 3867 527 3946 λόγῳ
575 3864 617 3932 ἃ
668 3865 1010 3944 προῦτεινεν
1055 3867 1082 3933 ὃ
1130 3866 1410 3943 Εὐμένης
1451 3864 1782 3941 αἰτιωμένη
1825 3871 2119 3941 πολεμεῖν
2164 3863 2349 3941 ἔκρινε
2392 3864 2473 3942 τῷ
2502 3871 2743 3940 Περσεῖ.

361 3975 469 4041 sed
533 3995 673 4040 eam
737 3995 871 4037 rem
936 3971 1199 4037 tacitam
1262 3972 1493 4037 habere
1554 3972 1979 4036 decreverant.
2058 3969 2196 4036 Liv.
2250 3968 2357 4050 42,
2412 3967 2525 4032 14:
2591 3969 2750 4030 nihil

347 4088 764 4165 praeterquam
800 4080 1003 4165 fuisse
1049 4079 1114 4141 in
1161 4078 1333 4141 cur—ia
1379 4100 1564 4159 reqem
1611 4077 1767 4139 seire
1805 4081 2109 4161 quisquam
2140 4080 2360 4157 potuit.
2403 4097 2466 4137 eo
2507 4074 2743 4138 silentio

360 4188 562 4250 clausa
607 4191 777 4248 curia
822 4183 1008 4248 erat.”
1052 4188 1117 4247 et
1162 4184 1525 4268 quaerimus
1575 4182 1782 4247 adhuc
1831 4187 2051 4245 utrum
2100 4181 2178 4243 ab
2226 4178 2529 4243 Romanis
2578 4201 2657 4244 an
2707 4201 2742 4244 a

359 4293 589 4359 Perseo
649 4289 804 4354 belli
860 4289 1123 4354 initium
1183 4292 1269 4353 sit
1329 4294 1562 4354 ortum.
1662 4285 1927 4352 Decreto
1990 4284 2157 4351 bello
2206 4291 2269 4349 et
2318 4284 2602 4351 Eumene
2651 4286 2745 4350 di-

360 4419 575 4489 gresso
634 4396 844 4462 Persei
904 4396 1136 4484 legatis
1202 4407 1457 4460 senatus
1518 4396 1705 4459 datus
1753 4400 1882 4458 est:
1939 4394 2084 4471 „sed
2127 4391 2316 4455 onmis
2365 4402 2421 4453 et
2469 4393 2741 4482 defensio
