3192 5017
444 265 576 334 350
1486 287 1799 338 merum

629 460 792 526 Οὐδὲ
840 484 941 538 μοι
990 461 1307 538 ἐμμελέως
1357 463 1426 527 τὸ
1475 461 1843 527 Πιττάκειον
1891 463 2145 537 νέμεται

633 567 833 632 καίτοι
897 571 1091 648 σοφοῦ
1148 571 1317 647 παρὰ
1365 569 1570 647 Φωτὸς
1624 567 1957 646 εἰρημένον·
2009 568 2300 646 χαλεπὸν
2346 567 2508 648 Φάτ’
2564 566 2831 652 ε’σ(θ)λόν

2537 674 2831 761 [ἔμμεναι

539 780 853 866 Displicet
914 780 1078 847 illud
1133 781 1319 860 φάτ’,
1370 799 1757 865 quamquam
1805 787 1871 845 et
1915 782 1984 845 in
2030 780 2321 847 Platonis
2368 780 2721 870 Protagora
2767 802 2831 867 p.

448 886 580 955 339
607 885 659 954 G
706 888 879 965 Φάτο
925 886 1182 975 legitur.

539 993 706 1058 Mihi
769 1014 881 1079 pro
944 1013 1017 1058 eo
1080 992 1206 1071 γάρ
1252 992 1596 1082 legendum
1647 1012 1783 1057 esse
1835 992 2119 1076 videtur,
2167 993 2334 1077 quod
2384 996 2440 1058 si
2484 995 2831 1078 receperis,

451 1099 803 1165 dimetrum
852 1100 1202 1165 iambicum
1250 1099 1534 1164 habebis,

542 1205 618 1270 In
666 1206 1082 1271 Anacreontis
1119 1207 1422 1281 carmine,
1464 1205 1630 1289 quod
1673 1207 1756 1277 εἰς
1800 1204 2087 1269 Διόνυσον
2132 1205 2502 1270 inscribitur
2552 1205 2829 1294 (Bergk,

454 1312 543 1396 2),
595 1321 879 1378 extremo
927 1311 1083 1377 baec
1129 1318 1312 1375 sunt:

1084 1416 1460 1497 Κλευβούλῳ
1508 1416 1561 1483 δ’
1612 1418 1849 1495 ἀγαθὸς
1898 1422 2080 1496 γενεῦ

1175 1522 1529 1600 σύμβουλος
1553 1547 1566 1562 ·
1610 1526 1711 1590 τὸν
1762 1525 1903 1600 ἐμὸν
1950 1525 2002 1589 δ’
2051 1524 2219 1603 ἔρωτ’

1279 1628 1320 1694 ὦ
1374 1632 1644 1696 Δεύνυσε
1692 1631 2005 1708 δέχεσθαι.

451 1759 655 1822 neque
718 1737 845 1804 alia
906 1737 1109 1803 edidit
1163 1736 1630 1802 Herwerdenus
1691 1741 1759 1802 in
1824 1737 2155 1822 Excerptis
2201 1759 2236 1803 e
2282 1740 2483 1823 poetis
2530 1736 2793 1805 Graecis
2818 1789 2834 1816 ,
2905 1813 2915 1818 ‚

448 1865 611 1929 quae
670 1844 1014 1910 lectionum
1082 1847 1148 1908 in
1213 1863 1401 1909 usum
1470 1843 1740 1909 describi
1804 1846 2074 1909 curavit.
2170 1842 2243 1908 In
2301 1843 2536 1909 scholis
2582 1844 2659 1909 de
2716 1845 2840 1912 hoc

450 1952 730 2018 carmine
775 1952 1015 2017 habitis
1061 1952 1215 2017 baec
1261 1954 1353 2017 sic
1402 1958 1654 2015 mutata
1701 1951 1968 2037 iungere
2010 1950 2328 2016 solebam:

1087 2056 1461 2136 Κλευβούλῳ
1510 2056 1562 2121 δ’
1610 2058 1848 2132 ἀγαθὸς
1895 2063 2076 2134 γενεῦ

1175 2163 1531 2239 σύμβουλος
1579 2162 1683 2226 τὸν
1730 2161 1873 2239 ἐμόν
1921 2164 1989 2240 γ’
2034 2162 2221 2240 ἔρωτ’·

1266 2267 1307 2332 ὦ
1360 2270 1632 2333 Δεύνυσε
1680 2269 1993 2349 δέχεσθαι.

538 2377 636 2442 Ex
685 2376 1139 2442 Anacreonteis
1184 2375 1340 2441 haec
1387 2395 1691 2441 memoro.

539 2483 618 2548 In
666 2481 880 2549 Carm.
930 2482 1065 2547 XII
1115 2488 1276 2547 extr.
1323 2473 1572 2547 editur:

1266 2588 1331 2653 τι’
1376 2587 1503 2666 γάρ
1551 2586 1855 2664 βάλωμεν
1901 2586 2012 2663 ἔξω

1264 2693 1485 2773 μάχης
1536 2692 1651 2757 ἔσω
1697 2692 1771 2770 μ’
1823 2694 2103 2774 ἐχούσης.

532 2802 695 2889 Legi
742 2800 1004 2866 malim:

1111 2909 1177 2972 τί
1223 2908 1351 2986 γάρ
1396 2908 1581 2984 βάλω
1631 2931 1768 2984 μιν
1815 2905 1926 2981 ἔξω
1978 2931 2036 2972 κ.
2083 2931 2142 2972 τ.
2183 2923 2244 2972 λ.

538 3016 775 3110 Omnes
834 3017 912 3082 ad
966 3036 1166 3080 unum
1214 3015 1590 3099 interpretes
1638 3011 1847 3079 Carm.
1903 3013 1988 3078 33
2037 3036 2097 3080 v.
2154 3014 2233 3080 16
2283 3022 2650 3100 corruptum
2698 3036 2838 3081 esse

445 3126 868 3191 consentiunt.

1239 3225 1559 3313 Bergkius
1606 3224 1761 3291 olim
1813 3225 2024 3291 dedit:

993 3336 1128 3413 πρὶν
1176 3333 1313 3412 ἔρως
1364 3334 1493 3396 ἐκεῖ
1537 3338 1608 3409 μ’
1656 3333 1947 3396 άπελθεῖν

995 3450 1136 3527 post
1179 3440 1346 3505 idem

993 3548 1128 3626 πρὶν
1177 3548 1308 3609 ἐκεῖ
1348 3549 1418 3620 μ’
1466 3541 1586 3623 ὥρα
1639 3545 1758 3608 ’στ’
1805 3546 2098 3609 άπελθεῒν

989 3652 1372 3734 Peerlkamp

991 3759 1129 3836 πρὶν
1177 3755 1313 3835 ἔρως
1365 3755 1501 3836 ἔχει
1549 3761 1619 3832 μ’
1667 3758 1958 3820 oin-saofi&

992 3863 1246 3929 Brunck

991 3971 1126 4049 πρὶν
1176 3971 1373 4033 ἐκεῖσε
1421 3968 1517 4031 δεῖ
1555 3968 1628 4044 μ’
1674 3970 1963 4034 ἀπελθεῖν

991 4077 1228 4141 Baxter
1331 4085 1340 4092 '

993 4184 1163 4260 πρὶν,
1215 4183 1319 4261 ἐρῶ
1366 4208 1472 4258 σε,
1522 4185 1618 4250 δεῖ
1659 4189 1728 4263 μ’
1777 4187 2070 4252 α’πελθεῖν

993 4289 1230 4355 Barnes

994 4396 1131 4476 πρὶν
1180 4394 1354 4477 ἔραζε
1401 4397 1523 4463 δεῖν
1570 4397 1646 4477 μ’
1698 4399 1989 4464 άπελθεΐν
