3192 5017
593 309 728 379 260
1673 324 1913 375 olonao.

594 500 1013 568 scribendum
1059 505 1241 587 puto:
1305 499 1403 563 vel
1440 497 1914 563 nocentissimum
1931 546 1948 581 ‚
1996 498 2102 564 cui
2147 498 2482 585 respondet
2524 504 2730 566 recte:
2780 501 2951 564 levino

587 609 749 695 quod
791 609 988 672 minue
1032 606 1241 672 laedit.
1289 605 1526 670 Nocens
1571 609 1668 669 est
1715 603 1879 688 quod
1927 604 2236 669 damnum
2283 605 2499 672 infert.
2551 606 2694 672 ND.
2735 605 2813 671 IL
2853 603 2948 683 4¹7,

594 713 759 779 120:
812 715 1074 800 „(vites)
1123 733 1161 779 a
1205 711 1520 798 pestiferis
1566 714 1631 775 et
1675 710 2049 775 nocentibus
2093 710 2386 799 refugere
2432 711 2791 777 dicuntur.”
2834 712 2950 776 Sci·

588 827 707 886 unt
763 820 963 887 latine
1023 821 1215 906 periti
1274 818 1372 882 vel
1428 815 1784 881 subiectiva
1801 863 1820 897 ,
1884 822 1958 879 ut
2014 818 2230 894 aiunt,
2292 820 2538 884 ratione
2597 816 2952 903 superlativi

584 928 725 993 vim
786 947 1052 1014 augere,
1120 923 1229 990 sed
1289 942 1363 989 eo
1424 922 1563 1006 ipso
1610 920 2076 1005 quodammodo
2124 925 2508 1010 restringere
2530 971 2549 1006 ,
2597 928 2673 988 ut
2714 923 2799 989 sit
2839 924 2952 989 fere

587 1055 733 1097 eane
777 1039 891 1098 aut
933 1055 1022 1097 me
1065 1031 1296 1116 quidem
1343 1027 1561 1092 iudice.
1658 1028 1825 1092 Ante
1871 1027 2064 1092 verba
2107 1029 2268 1112 quod
2307 1036 2397 1093 eet
2428 1028 2682 1111 qravim
2718 1027 2952 1113 aliquod

585 1139 901 1205 indicium
961 1137 1249 1223 apodosis
1309 1134 1473 1219 (hoc,
1540 1132 1630 1218 id)
1650 1179 1669 1214 ,
1715 1138 2013 1217 sequente
2057 1133 2372 1217 particula
2416 1136 2487 1199 cd
2529 1137 2801 1203 inserere
2842 1154 2950 1200 non

586 1246 1011 1311 necessarium
1029 1290 1045 1321 ,
1093 1241 1395 1327 quoniam
1440 1239 1596 1305 haec
1642 1257 1797 1305 voce
1841 1240 2163 1306 iuvantur.

675 1350 882 1417 Paulo
927 1353 1104 1435 post:
1155 1367 1344 1425 „nam
1387 1352 1463 1409 ut
1509 1363 1793 1429 quaeque
1838 1365 1938 1409 res
1973 1351 2070 1434 est
2110 1347 2513 1431 turpissima,
2559 1350 2653 1414 sic
2691 1348 2951 1413 maxime

588 1466 653 1526 et
714 1458 1148 1524 maturissime
1207 1449 1584 1519 vindicanda
1646 1465 1799 1527 ns‘r3
1861 1466 1945 1514 ss·
2004 1451 2222 1516 eadem
2242 1451 2307 1530 ,”
2353 1451 2491 1518 rell.
2550 1451 2951 1519 Scribendum

592 1565 850 1633 videtur
894 1578 1084 1627 mr.

680 1670 771 1736 Ib.
850 1670 946 1747 „si
1007 1667 1151 1751 quis
1210 1663 1377 1748 quod
1435 1660 1809 1747 spopondit,
1875 1681 1999 1746 qua
2059 1662 2128 1726 in
2174 1683 2244 1728 re
2300 1664 2494 1730 verbo
2540 1683 2608 1728 se
2655 1661 2954 1751 obligavit

591 1796 750 1849 uno,
797 1775 854 1839 εἰ
898 1775 967 1840 id
1009 1794 1133 1838 non
1180 1767 1391 1837 facit.’'

677 1882 1000 1967 Repetitio
1058 1875 1408 1964 particulae
1468 1879 1525 1937 es·
1583 1893 1745 1958 quae
1798 1874 2035 1939 nititur
2093 1874 2492 1961 palimpsesti
2547 1877 2918 1942 auctoritate
2936 1921 2972 1948 ,.

585 1988 836 2054 nullam
895 1986 1088 2052 habet
1147 1986 1218 2047 in
1284 1979 1555 2069 vulgata
1611 1977 1884 2044 lectione
1939 1980 2272 2046 rationem.
2368 1978 2438 2045 Si
2494 1981 2787 2047 diversae
2822 1983 2953 2045 sunt

586 2093 986 2160 condiciones
1031 2096 1089 2154 et
1132 2088 1349 2154 omitti
1395 2085 1555 2151 solet
1602 2090 1669 2151 et
1713 2089 1770 2147 ei
1813 2084 1912 2149 bis
1955 2086 2140 2172 poni3
2192 2087 2286 2154 sic
2330 2086 2395 2152 h.
2423 2085 2470 2151 1.
2521 2085 2946 2153 scribendum:

591 2201 689 2280 „si
732 2197 875 2284 quis
918 2195 1069 2283 quid
1109 2187 1509 2281 spopondit.”

677 2410 803 2497 59.
859 2428 1124 2492 „verum
1169 2407 1307 2473 sive
1353 2423 1466 2471 vos
1505 2403 1998 2470 existimationis
2032 2401 2213 2469 illius
2248 2403 2607 2490 perieulum
2645 2404 2789 2472 sive
2809 2402 2951 2468 iuris

584 2517 903 2585 dubitatio
941 2513 1242 2580 tardiores
1276 2511 1431 2576 fecit
1465 2507 1675 2574 adhue
1713 2507 1791 2573 ad
1828 2507 2241 2574 iudicandum
2256 2556 2273 2586 ,
2315 2511 2571 2575 abierim
2610 2511 2709 2575 rei
2731 2528 2949 2576 causan

584 2628 834 2693 vosmet
890 2622 1014 2706 ipsi
1076 2620 1206 2684 iam
1265 2616 1448 2683 vobis
1493 2612 1745 2698 saepius
1789 2613 2035 2698 prolato
2079 2614 2321 2683 iudicio
2368 2610 2729 2682 sustulistis
2747 2665 2766 2700 ,
2813 2614 2951 2680 alte-

579 2734 716 2797 rius
777 2748 898 2816 ego
960 2723 1140 2792 vobis
1201 2720 1500 2787 hodierno
1562 2717 1666 2783 die
1711 2739 1948 2782 caueam
1994 2719 2275 2804 profecto
2320 2720 2604 2787 auferam
2621 2769 2636 2799 ,
2695 2741 2776 2786 ne
2819 2719 2947 2785 diu·

582 2840 714 2904 tius
759 2834 837 2900 de
883 2829 1309 2898 controversia
1352 2830 1566 2891 nostra
1612 2844 1687 2889 ac
1734 2822 1812 2889 de
1855 2828 2186 2897 communi
2230 2828 2371 2892 iure
2416 2825 2797 2893 dubitetis.”

673 2943 842 3007 Satis
858 2988 877 3022 ‚
934 2938 1145 3022 inquit
1162 2981 1180 3011 ,
1240 2935 1375 2998 iam
1436 2930 1689 3015 saepius
1750 2929 1997 3016 prolato
2041 2931 2281 2997 iudicio
2327 2952 2438 2998 vos
2485 2931 2951 2998 demonstrastis

577 3070 705 3115 non
767 3052 1005 3111 temere
1053 3060 1165 3107 vos
1209 3038 1756 3105 existimationem
1802 3036 2064 3103 Aebutii
2108 3036 2358 3103 laedere
2402 3037 2607 3104 velle:
2662 3038 2829 3122 „ipsi
2869 3034 2949 3097 al·

580 3155 770 3221 terius
812 3149 907 3215 rei
950 3167 1187 3212 caueam
1231 3140 1651 3209 sustulistis.”
1697 3143 1980 3209 Alterius
2024 3142 2116 3205 rei
2158 3145 2499 3228 genetivus
2545 3146 2629 3208 sit
2685 3140 2947 3209 definiti·

577 3279 699 3326 vus
758 3272 1010 3321 necesse
1072 3256 1203 3316 est:
1266 3266 1521 3313 causam
1588 3249 2135 3336 tergiversationis
2153 3293 2169 3324 ,
2236 3268 2397 3333 quae
2461 3254 2559 3314 est
2621 3248 2824 3316 altera
2864 3264 2949 3311 res

576 3363 722 3439 illa,
773 3365 986 3425 metus
1030 3353 1322 3422 laedendi
1369 3353 1608 3418 famam
1657 3355 1938 3419 Aebutii.
2033 3351 2157 3418 Sed
2211 3353 2332 3419 hae
2379 3354 2689 3441 ambages
2751 3353 2949 3420 verbo·

583 3488 728 3535 rum
799 3464 985 3551 plane
1044 3458 1307 3526 inutiles
1368 3464 1557 3535 sunt3
1628 3462 1683 3524 si
1739 3458 1859 3525 hoc
1905 3457 2211 3524 voluisset
2257 3457 2523 3524 dixisset
2582 3459 2951 3545 simpliciter

572 3577 823 3640 alteram
885 3590 1139 3634 causam.
1234 3564 1623 3630 Exciderunt
1685 3565 1847 3630 duae
1911 3562 2160 3629 litterae
2224 3568 2370 3629 ante
2435 3582 2516 3629 an
2574 3585 2805 3650 nempe
2848 3576 2945 3627 110.

574 3675 949 3765 Legendum
1012 3671 1299 3738 videtur:
1367 3666 1670 3753 „alterius
1713 3690 1910 3733 morae
1954 3667 2280 3734 causam.”
2376 3667 2683 3735 Alterum
2728 3687 2945 3734 caman

577 3779 1039 3867 interpolatum
1085 3781 1199 3841 est.

666 3995 704 4080 g
756 3989 861 4056 10.
931 3987 1038 4065 „Is
1099 3983 1327 4053 habuit
1388 3985 1455 4048 in
1503 3984 1916 4049 matrimonio
1962 3982 2379 4050 Caesenniam
2404 4033 2423 4063 ,
2473 3985 2695 4051 eodem
2738 4006 2773 4050 e
2817 4000 2942 4047 mu·

576 4101 815 4183 nicipio
833 4145 850 4171 ,
910 4110 1166 4159 summo
1225 4088 1366 4154 loco
1425 4093 1645 4153 natam
1711 4095 1776 4153 et
1837 4088 2354 4173 probatissimam
2401 4090 2708 4155 feminam
2729 4137 2745 4167 ,
2793 4088 2944 4153 sicut

570 4212 635 4270 et
680 4203 893 4281 vivus,
916 4200 1055 4282 ipse
1101 4192 1330 4259 multis
1379 4194 1565 4258 rebus
1613 4193 1890 4258 ostendit
1936 4199 2002 4259 et
2046 4196 2114 4259 in
2162 4200 2370 4260 morte
2416 4215 2532 4261 sua
2577 4195 2940 4261 testamento

576 4300 988 4374 declaravit.”

654 4410 1067 4477 Caesenniam
1115 4427 1249 4474 esse
1293 4404 1624 4490 probatam
1678 4422 1804 4468 non
1854 4406 2068 4489 potuit
2117 4404 2550 4473 demonstrare
2599 4405 2934 4484 Fulcinius,
