3192 5017
1333 275 1552 333 moe.
2505 257 2635 325 329

275 447 406 517 Con.
451 450 536 519 H.
589 453 662 519 4:
712 455 924 519 nihilo·
951 455 1143 519 secius
1186 456 1352 538 apud
1382 455 1731 539 praefectos
1778 454 1973 534 reqios
2016 454 2385 518 versabatur.
2438 454 2624 516 Dion.

268 558 431 624 VIII.
489 558 558 623 5:
631 563 905 625 mulieres
961 563 1152 625 nihilo
1197 566 1389 625 secius
1440 561 1816 625 Callicratem
1867 561 1933 624 in
1980 561 2179 624 aedem
2227 559 2634 642 Proserpinae

267 668 562 732 deducunt.
614 674 680 733 et
716 670 784 733 in
821 669 956 733 vita
992 667 1180 731 Attici
1214 665 1296 730 11.
1339 666 1417 735 2:
1465 689 1651 752 neque
1690 691 1754 731 eo
1793 667 1984 730 secius
2031 705 2115 713 —
2165 657 2433 729 Marium
2477 664 2633 728 iuvit

265 772 451 854 opibus
469 773 614 836 suis.
641 778 706 837 et
730 772 935 838 XXII.
966 772 1041 838 3:
1068 781 1261 837 tamen
1279 774 1645 856 propositum
1669 773 1858 837 nihilo
1883 772 2077 837 secius
2085 772 2341 855 pereqit.
2418 770 2632 836 Etiam

265 900 333 944 ex
373 880 740 945 huiusmodi
785 881 1041 945 indiciis
1088 879 1311 966 colligi
1357 885 1565 965 potest
1612 881 1816 945 vitam
1865 882 2053 943 Attici
2098 883 2163 944 et
2211 880 2377 943 vitae
2423 877 2631 943 excel-

262 983 515 1050 lentium
567 988 851 1051 virorum
900 1007 1100 1050 unum
1150 993 1214 1050 et
1259 984 1533 1051 eundem
1581 992 1904 1051 auctorem
1955 985 2202 1050 habere.
2256 982 2629 1068 Numquam

263 1087 465 1156 Cicero
535 1091 703 1156 dixit
769 1091 963 1155 nihilo
1031 1091 1223 1155 secius
1284 1098 1398 1156 aut
1459 1113 1640 1177 neque
1704 1113 1769 1156 eo
1832 1091 2055 1168 secius,
2110 1088 2219 1156 sed
2268 1089 2509 1175 Nepos,
2559 1092 2636 1152 ut

262 1199 496 1282 saepius
545 1198 1156 1282 animadvertimus,
1203 1198 1290 1262 τὰ
1337 1200 1714 1278 immortua·
1761 1217 1887 1263 non
1933 1197 2090 1262 odit.

338 1302 430 1368 De
490 1302 770 1368 confusis
831 1305 999 1369 inter
1060 1324 1126 1369 se
1187 1303 1380 1367 secius
1395 1351 1413 1381 ,
1459 1308 1726 1388 sequius,
1776 1303 2015 1385 seynius
2060 1303 2270 1367 multa
2316 1300 2634 1388 congessit

263 1407 630 1494 Oudendorp
692 1409 771 1474 ad
834 1407 1119 1475 Caesaris
1172 1409 1248 1474 Β.
1314 1407 1396 1476 G.
1461 1409 1545 1474 II.
1603 1408 1679 1475 7:
1733 1409 2155 1473 Massilienses
2200 1417 2392 1472 tamen
2441 1408 2632 1472 nihilo

260 1521 484 1602 sequius
531 1553 619 1563 —
667 1515 903 1602 reliqua
947 1539 1241 1603 apparare
1286 1527 1625 1601 coeperunt.

335 1621 759 1709 Opponuntur
818 1623 986 1687 inter
1038 1644 1103 1687 ee
1162 1645 1347 1708 neque
1407 1645 1471 1687 eo
1533 1622 1725 1685 secius
1786 1629 1851 1687 et
1915 1644 2102 1707 neque
2165 1644 2229 1686 eo
2293 1623 2480 1703 magis
2499 1666 2515 1696 ,
2563 1624 2639 1684 ut

250 1727 403 1792 οὐδὲν
450 1727 630 1805 ἧττον
676 1733 742 1793 et
786 1728 953 1793 οὐδὲν
999 1732 1269 1806 μᾶλλον.
1320 1729 1524 1811 Pelop.
1577 1727 1631 1793 I.
1684 1725 1746 1793 3.
1797 1733 1864 1793 et
1911 1727 2056 1793 aliis
2100 1726 2277 1793 locis.

335 1944 577 2008 Datam.
627 1941 702 2006 V.
758 1941 833 2006 l:
883 1944 1246 2005 Artaxerxes
1289 1978 1369 1989 ——
1411 1947 1686 2005 nantium
1733 1943 1818 2005 ad
1860 1942 2177 2005 exercitum
2226 1942 2398 2006 Acen
2435 1939 2599 2004 misit
2617 1989 2637 2024 ‚

251 2050 400 2131 quod
459 2049 721 2113 nondum
786 2048 1100 2111 Datamem
1149 2069 1266 2129 pro
1257 2047 1491 2132 fectum
1549 2048 1803 2136 putabat
1817 2097 1835 2131 ,
1906 2048 2041 2133 [qui
2106 2047 2370 2132 diceret]
2439 2069 2515 2110 ne
2567 2047 2640 2109 ab

254 2157 506 2219 evercitu
555 2155 903 2219 discederet.

335 2260 597 2327 Veteres
658 2268 723 2326 et
785 2259 1033 2345 probati
1081 2260 1415 2344 scriptores
1461 2260 1791 2325 dicebant:
1831 2261 1995 2325 misit
2039 2260 2316 2324 nuntium
2363 2266 2430 2322 nt
2475 2259 2651 2324 veni-.

254 2377 372 2451 ret,
433 2367 602 2431 misit
665 2366 944 2429 nuntium
1004 2388 1079 2430 ne
1139 2365 1464 2429 discederet
1482 2415 1500 2449 ,
1565 2372 1631 2431 et
1697 2368 1837 2431 eim.
1900 2365 2009 2431 eed
2055 2367 2365 2452 sequioris
2414 2365 2642 2430 aetatis

254 2474 541 2540 homines
603 2473 824 2539 sedulo
884 2473 990 2558 qui
1050 2472 1273 2536 diceret
1318 2477 1431 2536 aut
1475 2470 1722 2557 aliquid
1768 2473 2208 2538 huiuscemodi
2256 2472 2334 2537 de
2382 2492 2497 2537 suo
2543 2473 2640 2534 in-

255 2579 615 2646 ferciebant.
711 2577 860 2643 Sine
924 2577 1154 2644 mendo
1214 2576 1456 2664 legitur
1501 2579 1569 2642 in
1618 2577 1810 2642 Alcib.
1858 2577 1977 2643 IV.
2029 2577 2106 2642 3:
2155 2601 2331 2664 quum
2376 2578 2434 2642 ei
2479 2600 2639 2641 nun-

254 2686 367 2750 tius
411 2725 502 2735 —-
552 2686 763 2748 missus
808 2694 959 2748 esset
1005 2690 1072 2747 ut
1118 2684 1347 2747 domum
1394 2684 1480 2746 ad
1520 2706 1758 2747 causam
1805 2685 2116 2748 dicendam
2163 2685 2409 2748 rediret.
2461 2688 2528 2748 et
2572 2685 2640 2748 in

254 2794 532 2873 Ayesilao
602 2790 708 2855 IV.
781 2791 850 2855 1:
923 2794 1173 2853 nuntius
1231 2790 1288 2854 ei
1342 2790 1507 2854 domo
1566 2796 1731 2854 venit
1790 2795 2135 2872 ephororum
2198 2795 2379 2854 missu
2424 2790 2639 2852 bellum

255 2900 643 2963 Athenienses
706 2903 762 2961 et
821 2897 1073 2961 Boeotos
1136 2896 1427 2960 indiaeisse
1489 2896 1975 2960 Lacedaemoniis
1990 2946 2010 2981 ‚
2076 2919 2261 2982 quare
2319 2896 2521 2960 venire
2568 2918 2641 2960 ne

251 3003 571 3068 dubitaret.
632 3008 698 3068 et
765 3003 1014 3066 moth.
1078 3001 1206 3068 111.
1255 3001 1327 3066 4:
1377 3002 1571 3066 eodem
1620 3010 1687 3067 ut
1731 3010 2111 3087 sequerentur
2155 3003 2241 3066 ad
2285 3002 2642 3067 Rmothcum

251 3115 304 3171 et
348 3110 717 3193 Iphicraten
762 3113 1038 3171 nuntiam
1088 3107 1271 3172 misit.

339 3215 587 3281 Eodem
632 3216 838 3301 igitur
898 3214 1087 3278 modo
1149 3234 1317 3278 nunc
1378 3215 1750 3298 scripserat:
1815 3215 2093 3278 nuntium
2155 3252 2243 3263 —
2307 3215 2501 3291 misit,
2569 3235 2644 3277 ne

253 3321 323 3383 ab
392 3321 660 3385 exercitu
727 3320 1066 3385 discederet.
1139 3318 1365 3385 deletis
1435 3319 1651 3385 verbis
1722 3340 1759 3384 a
1820 3319 2014 3386 sciolo
2075 3319 2477 3406 interpolatis
2540 3319 2646 3405 qui

256 3427 496 3491 diceret.

343 3637 422 3703 In
469 3638 727 3703 Datame
773 3636 855 3703 V.
907 3640 984 3703 2:
1032 3661 1151 3724 qua
1197 3639 1499 3703 celeritate
1538 3661 1668 3702 cum
1702 3662 1968 3721 maynam
2011 3640 2465 3705 benevolentiam
2488 3639 2646 3722 reqis

260 3744 546 3808 Datames
591 3753 931 3809 consecutus
977 3756 1126 3809 esset
1142 3791 1159 3823 ,
1209 3767 1326 3809 non
1372 3750 1657 3810 minorum
1702 3745 1988 3810 invidiam
2032 3747 2361 3811 aulicorum
2400 3746 2647 3830 eoecepit.

343 3851 404 3916 N
408 3871 490 3916 on
553 3856 648 3915 est
693 3850 1002 3916 Latinum
1049 3850 1335 3914 Datames
1381 3851 1677 3915 invidiam
1722 3854 2053 3918 aulicorum
2102 3858 2344 3937 excepit.
2440 3850 2649 3917 Corri-

257 3957 539 4043 gendum
588 3956 893 4022 arbitror:
944 3979 1060 4021 non
1106 3957 1308 4021 minon
1353 3975 1490 4022 mm
1524 3958 1764 4023 invidia
1805 3960 2138 4025 aulicorum
2175 3959 2416 4041 excepit.
2465 3956 2645 4022 Idem

259 4083 424 4128 nunc
486 4062 674 4128 video
736 4062 893 4128 olim
953 4061 1145 4129 Boeio
1206 4062 1550 4149 placuisse:
1606 4064 1734 4141 „sic
1777 4065 1932 4129 enim
1983 4066 2243 4151 (inquit)
2287 4066 2479 4129 solent
2520 4064 2646 4128 La-

262 4170 378 4233 tini
422 4169 805 4251 scriptores.”
853 4171 961 4236 sed
1013 4170 1240 4235 deinde
1278 4175 1503 4236 nactus
1521 4219 1540 4255 ,
1582 4175 1657 4235 ut
1697 4171 1996 4256 putabat,
2037 4170 2253 4236 simile
2276 4170 2647 4256 exemplum

261 4277 427 4359 apud
476 4273 813 4360 Curtium,
863 4277 1093 4341 bonam
1140 4279 1593 4342 correctionem
1644 4279 1877 4343 abiecit
1915 4278 2163 4343 dicens:
2210 4283 2516 4364 „ea-cipere
2554 4288 2650 4344 est

267 4380 624 4464 suscipere.”
674 4378 829 4445 Cras
876 4382 1155 4447 credam.
