3192 5017
609 264 739 331 364
1549 281 2051 333 Ams‘ropnmns.

693 454 1044 521 Notissima
1124 477 1224 522 res
1291 460 1424 539 est,
1499 457 1866 538 Μαραθῶνι,
1939 457 2284 530 Ἐλευσῖνι,
2363 459 2614 519 Σικυῶνι
2681 450 2935 517 adverbis

605 581 738 626 esse
755 609 773 645 ‚
837 562 1070 646 quibus
1134 562 1551 627 Athenienses
1597 562 1666 624 in
1712 559 2021 626 familiari
2069 561 2295 645 utique
2341 579 2628 625 sermone
2671 558 2939 642 praeposi·

604 667 842 732 tionem
894 686 1019 732 non
1082 665 1369 733 solebant
1434 666 1696 744 addere,
1745 668 1999 731 etiamsi
2049 666 2239 731 hodie
2284 670 2534 731 tantum
2582 684 2705 729 non
2746 664 2944 747 ubique

603 773 671 836 in
728 773 1178 858 manuscriptis
1245 772 1427 838 libris
1488 771 1743 858 legatur
1791 772 1850 836 ἐν
1899 773 2263 852 Μαραθῶνι,
2322 774 2467 837 sim.
2516 770 2699 837 Dixit
2742 769 2812 833 de
2851 768 2948 833 hoc

603 898 725 942 usu
773 874 1052 943 Cobetus
1099 899 1244 943 cum
1298 877 1453 944 alibi
1503 883 1647 943 tum
1694 878 1756 942 ἐν
1804 879 1889 957 τῷ
1940 877 2150 958 Λογίῳ
2197 880 2393 958 Ἐρμῇ
2441 898 2505 962 p.
2544 873 2700 942 242.
2744 873 2952 939 Eodem

603 985 878 1068 pertinet
937 986 1061 1050 nisi
1122 983 1311 1051 fallor
1371 991 1713 1061 Σαλαμῖνι.
1777 983 2040 1049 Invenio
2101 989 2269 1049 certe
2330 985 2427 1049 bis
2491 982 2811 1062 Μαραθῶνι
2867 979 2952 1044 καὶ

604 1096 958 1167 Σαλαμῖνι,
1025 1110 1252 1175 nempe
1313 1084 1502 1156 Dem.
1568 1089 1823 1177 Symm.
1888 1088 1976 1154 30
2021 1095 2087 1154 et
2132 1088 2297 1154 Plat.
2346 1087 2683 1154 Menexen.
2729 1085 2849 1151 245
2892 1088 2953 1160 A,

602 1195 834 1279 quibus
901 1195 1149 1261 duobus
1207 1195 1362 1262 locis
1424 1198 1658 1262 omissa
1722 1198 2103 1282 praepositio
2169 1200 2419 1260 tantum
2488 1193 2664 1261 valet
2718 1193 2793 1258 ad
2835 1210 2955 1277 pro-

604 1301 884 1367 bandum
948 1302 1016 1366 id
1079 1303 1245 1387 quod
1294 1302 1464 1387 dixi,
1516 1307 1591 1367 ut
1637 1302 1997 1387 complures
2042 1301 2201 1386 loci,
2253 1302 2364 1366 ubi
2413 1302 2472 1366 ἐν
2524 1307 2838 1377 Σαλαμῖνι
2880 1297 2955 1363 le-

602 1408 819 1494 gitur,
877 1410 986 1473 vix
1049 1408 1399 1492 quidquam
1462 1414 1679 1473 contra
1740 1410 2006 1494 possint.
2064 1407 2281 1472 Etiam
2345 1407 2574 1473 Aesch.
2640 1404 2804 1473 Otes.
2851 1402 2952 1467 181

602 1512 981 1598 interpolata
1041 1513 1297 1598 quidem
1363 1514 1558 1579 verba
1603 1518 1791 1599 sunt,
1841 1514 1952 1579 sed
2001 1514 2395 1598 optimorum
2442 1510 2755 1579 Codicum
2797 1510 2956 1576 lectio

603 1604 831 1685 ducere
884 1620 1139 1685 videtur
1185 1620 1263 1685 ad
1315 1627 1655 1697 Σαλαμῖνι.
1709 1619 1887 1685 AJibi
1934 1618 2215 1686 nondum
2257 1622 2623 1704 quaesitum
2665 1618 2788 1683 fnit
2822 1619 2957 1681 sime

602 1723 863 1790 fortasse
912 1733 1230 1803 Σαλαμῖνι
1275 1726 1738 1792 restituendum
1760 1776 1777 1810 ,
1819 1747 1968 1792 cum
2003 1728 2138 1811 ipse
2174 1725 2633 1811 Aristophanes
2671 1724 2957 1809 scripsisse

602 1830 929 1897 videatur:
979 1853 1074 1899 νε.
1132 1830 1298 1898 ¹785:

775 1934 944 2020 κᾷτα
994 1935 1237 2018 καθίζου
1285 1944 1630 2022 μαλακῶς,
1679 1936 1778 2003 ἵνα
1825 1939 1915 2015 μὴ
1963 1936 2178 2020 τρίβῃς
2225 1939 2334 2013 τὴν
2383 1938 2413 2002 ε’
2429 1961 2459 2002 ν
2506 1944 2845 2013 Σαλαμῖνι.

602 2041 729 2109 Sed
773 2044 924 2109 vide
969 2065 1127 2133 num
1174 2050 1397 2131 poetae
1442 2045 1603 2110 forte
1653 2044 1931 2110 dederit:

774 2147 947 2234 κᾷτα
994 2147 1235 2230 καθίζου
1282 2157 1585 2228 μαλακῶς
1653 2148 1751 2216 ἵνα
1798 2150 1886 2227 μὴ
1933 2150 2145 2231 τρίβῃς
2196 2147 2228 2214 ἕ
2242 2171 2319 2214 τι
2367 2150 2477 2224 τῆν
2525 2156 2860 2227 Σαλαμῖνι.

598 2255 1000 2322 Adverbium
1050 2255 1139 2323 ἔτι
1189 2258 1293 2323 hic
1340 2261 1508 2323 certe
1552 2276 1680 2322 non
1724 2276 2264 2342 supervacaneum
2318 2275 2452 2322 esse
2498 2255 2694 2322 dices.

688 2467 763 2534 In
810 2468 956 2536 ficto
1003 2469 1257 2537 oraculo
1304 2470 1382 2535 de
1427 2490 1579 2536 cane
1624 2491 1719 2536 νε.
1772 2468 1994 2536 1020:

869 2571 932 2651 ὃς
979 2576 1091 2657 πρὸ
1138 2575 1306 2642 σέθεν
1351 2574 1600 2641 λάσκων
1648 2575 1752 2640 καὶ
1802 2575 1948 2654 ὑπὲρ
1996 2580 2103 2641 σοῦ
2152 2575 2321 2641 δεινοὶ
2370 2576 2690 2655 κεκραγώς

867 2683 957 2749 σοὶ
1006 2682 1217 2761 μισθὸν
1264 2689 1490 2763 ποριεῖ.
1545 2680 1661 2747 κᾶν
1708 2682 1797 2759 μὴ
1844 2682 1988 2764 δρᾷς
2034 2683 2244 2766 ταῦτ’,
2292 2683 2655 2747 ὥπολεῖται.

869 2790 1084 2856 πολλοὶ
1131 2790 1259 2869 γὰρ
1305 2788 1473 2867 μίσει
1522 2796 1651 2871 σφε
1698 2785 2316 2868 κατακρώζουσι
2366 2788 2626 2872 κολοιοί,

594 2917 799 2963 nonne
844 2901 1123 2982 praestat
1167 2895 1459 2961 futurum
1509 2892 2179 2975 κατακρώξουσιῗ

684 3107 936 3174 Gertius
981 3115 1077 3174 est
1122 3109 1289 3194 quod
1335 3108 1500 3173 mihi
1545 3109 1848 3193 reperisse
1896 3107 2115 3175 videor
2160 3107 2238 3173 de
2283 3128 2380 3173 νε.
2440 3105 2635 3173 1392.
2736 3105 2826 3171 De
2865 3105 2946 3167 in·

592 3214 798 3280 duciis
857 3218 1210 3303 interrogat
1270 3214 1514 3281 Demus
1576 3216 1973 3280 isiciarium:
2041 3220 2167 3286 πῶς
2232 3211 2465 3291 ἔλαβες
2513 3213 2722 3281 αὐτὰς
2772 3208 2952 3278 ἐτεθνς

594 3322 698 3385 cui
744 3319 893 3387 ille:

1800 3427 1879 3491 οὐ
1928 3425 2053 3505 γὰρ
2103 3426 2130 3490 ὃ
2182 3426 2564 3508 Παφλαγών

955 3531 1347 3612 ἀπέκρυπτεν
1393 3533 1595 3605 αὐτας
1647 3531 1842 3617 ἔνδον,
1889 3528 1990 3596 ἵνα
2038 3530 2114 3596 σὺ
2161 3533 2250 3610 μὴ
2298 3529 2563 3608 λάβοιςς

589 3637 1046 3726 Reponendum
1095 3645 1225 3705 est:
1275 3636 1359 3704 εὖ
1406 3639 1531 3719 γὰρ
1580 3639 1608 3703 ὅ
1656 3638 2062 3719 Παφλαγών.

680 4071 753 4137 In
813 4069 1090 4137 Nubibus
1157 4088 1252 4133 νε.
1316 4063 1402 4130 43
1465 4085 1585 4131 non
1650 4064 1836 4132 video
1883 4086 2009 4151 quo
2056 4085 2241 4131 sensu
2286 4060 2483 4138 ἥδιςος
2534 4062 2672 4142 βίος
2717 4063 2937 4129 dicatur

590 4180 659 4243 in
704 4174 1087 4262 Strepsiadis
1130 4173 1379 4239 verbis:

1133 4278 1265 4358 ἐμοὶ
1314 4278 1439 4358 γὰρ
1488 4275 1555 4355 ἦν
1606 4274 1889 4358 ἄγροικος
1940 4276 2226 4354 ἥδιστος
2276 4275 2452 4354 βίος,

1134 4386 1454 4470 εὐρωτιῶν,
1502 4383 1831 4466 ἀκόρητος,
1881 4385 2015 4459 εἰκῆ
2063 4384 2359 4461 κείμενος.
