3192 5017
633 256 766 324 304
1729 284 1923 331 mua

627 446 840 514 locum
904 450 1187 516 videram
1251 452 1674 540 Anonymum
1738 476 1817 519 ex
1882 454 2153 542 Polybio
2211 453 2380 521 VIII.
2444 456 2486 520 8
2546 458 2872 522 coniecisse
2916 452 2962 525 ὃς

623 562 768 626 ταῖς
828 557 942 631 μὲν
991 559 1200 621 ναυσὶν
1247 561 1412 634 ἡμῶν
1460 559 1838 649 κυαθίζει
1870 563 1958 625 -ἐκ
2006 569 2113 634 τῆς
2164 560 2523 646 θαλάσσης,
2573 565 2680 635 την
2728 562 2789 627 δὲ
2832 586 2966 639 σαμ-

624 661 822 737 βύκην
887 663 1154 745 ῥαπίζων
1214 668 1361 742 μετ’
1423 668 1728 747 αἰσχύνης
1778 667 2201 745 ἐκβέβληκ.ν.,
2249 667 2691 734 intellexeram
2742 689 2846 753 pro
2884 668 2970 732 fri-

623 768 776 854 gido
840 768 1124 851 ΚΑθίζων
1188 770 1529 852 ΚΤΛθίζων
1588 795 1722 840 esse
1786 773 2165 862 legendum,
2216 775 2381 858 quod
2427 774 2731 862 graphice
2776 780 2836 839 et
2875 773 2973 839 ele·

621 883 850 963 gauter
885 898 1023 943 rem
1062 890 1456 964 praesentem
1498 885 1779 966 exponit.
1829 882 2113 947 Sintenis
2139 888 2353 946 tamen
2378 881 2715 969 vulgatam
2742 885 2973 946 retinens

624 981 879 1048 maluit.

1281 1199 1601 1264 Plutarch.
1652 1223 1704 1264 v.
1758 1201 2005 1264 Romuli
2054 1221 2188 1285 cap.
2244 1200 2351 1264 15.

714 1408 892 1475 Idem
955 1409 1129 1475 Plut.
1178 1411 1221 1475 l.
1271 1410 1317 1477 l.
1368 1411 1445 1477 de
1491 1430 1646 1478 voce
1692 1413 1999 1490 Ταλασίῳ
2048 1433 2278 1499 agens,
2332 1415 2380 1477 οἱ
2433 1414 2495 1477 δὲ
2546 1422 2792 1481 πλεῖς-οι
2839 1411 2976 1486 νομί-

624 1511 855 1593 ζουσιν,
917 1518 1045 1600 ait,
1106 1517 1496 1596 παράκλησιν
1548 1513 1702 1582 εἶναι
1753 1520 1838 1589 εἷς
1889 1519 2228 1598 Φιλεργίαν
2276 1518 2379 1583 καὶ
2430 1522 2754 1583 ταλασίαν
2803 1518 2976 1582 οὕτω

622 1620 764 1686 τότε
826 1632 956 1695 τοῖς
1023 1626 1401 1698 Ἑλληνικοῖς
1465 1624 1719 1702 ὀνόμασι
1784 1632 1900 1688 τῶν
1965 1625 2285 1689 Ἰταλικῶν
2341 1626 2828 1704 ἐπικεχυμένων.
2912 1620 2979 1686 Ut

625 1734 841 1792 autem
910 1728 1294 1794 Plutarchus
1356 1732 1479 1797 sibi
1541 1739 1785 1795 constet
1835 1731 2178 1818 legendum
2234 1731 2383 1796 οὕτω
2435 1753 2545 1817 pro
2594 1732 2785 1795 οὔπω.
2832 1733 2893 1795 in
2934 1749 2977 1789 v.

625 1832 876 1899 Numae
941 1837 1111 1899 enim
1177 1856 1311 1921 cap.
1383 1838 1443 1901 7.
1513 1836 1667 1902 haec
1728 1836 2065 1923 leguntur:
2116 1845 2232 1901 τῶν
2281 1840 2647 1911 Ἑλληνικῶν
2700 1838 2979 1913 ὀνομάτων

622 1938 763 2004 τότε
814 1941 1128 2026 (tempore
1176 1942 1453 2025 Numae)
1501 1946 1748 2019 μᾶλλον
1798 1944 1830 2014 ἢ
1877 1947 1977 2006 νῦν
2017 1951 2139 2014 τοῖς
2183 1945 2469 2012 Λατίνοις
2499 1942 2979 2021 οὶνακεκραμένων

621 2054 685 2110 et
755 2045 1044 2112 Marcell.
1108 2045 1178 2111 8:
1260 2050 1429 2112 κατὰ
1491 2051 1602 2120 τὴν
1667 2048 2000 2119 Ἑλληνίδα
2064 2055 2360 2126 γλῶσσαν
2430 2049 2518 2113 ἔτι
2583 2054 2821 2122 πολλὴν
2866 2048 2978 2111 τότε

621 2152 1145 2229 συμμεμιγμένην
1196 2164 1270 2235 τῇ
1321 2158 1625 2220 Λατίνων.

1280 2372 1583 2435 Plutarch..
1644 2395 1693 2434 v.
1746 2373 2001 2435 Periclis
2049 2392 2180 2456 cap.
2235 2372 2340 2437 33.

703 2585 1086 2651 Plutarchus
1147 2585 1206 2649 h.
1263 2585 1302 2648 l.
1367 2607 1478 2669 pro
1527 2587 2075 2662 ἑξακισμυρίους
2130 2587 2622 2660 Πελοποννησίων
2676 2590 2783 2650 καὶ
2836 2598 2975 2649 Boas·

611 2699 727 2757 τῶν
773 2693 1037 2762 ὁπλίτας
1087 2694 1153 2755 in
1194 2695 1476 2757 exercitu
1518 2693 1891 2757 Archidami
1934 2693 2281 2757 secundum
2325 2692 2637 2758 Cobetum
2686 2693 2971 2758 Mnemos-

610 2799 687 2865 N.
759 2798 822 2863 S.
885 2820 947 2862 v.
1013 2798 1063 2862 I.
1131 2819 1272 2884 pag.
1349 2796 1474 2862 139
1537 2810 1601 2863 et
1670 2798 1774 2862 VI.
1847 2799 1995 2864 15¹7.
2086 2800 2439 2882 scripsisset
2508 2799 2974 2878 ἑξακισχιλίευς,

610 2905 1000 2971 dementiam
1063 2903 1225 2966 illud
1291 2924 1534 2968 vocans.
1636 2903 1890 2968 Iamdiu
1956 2912 2293 2988 antequam
2348 2914 2663 2968 recentem
2718 2902 2976 2969 Mulleri·

609 3011 970 3099 Strubingii
1012 3009 1248 3073 librum
1295 3010 1574 3074 videram
1624 3011 2108 3094 Thucydideisebe
2143 3010 2557 3090 Forscltunyen
2594 3012 2975 3093 inscriptum,
3080 3060 3081 3083 ¹

608 3120 763 3185 haec
809 3117 968 3182 falsa
1012 3123 1078 3181 et
1126 3137 1433 3203 magnum
1478 3115 1792 3181 Criticum
1835 3117 2102 3181 humani
2141 3117 2295 3199 quid
2337 3137 2589 3202 passum
2632 3137 2775 3181 esse
2817 3112 2974 3180 facile

531 3280 536 3285 ,
609 3224 1072 3289 intellexeram.
1167 3220 1630 3298 Acerbissime‚
1701 3236 1772 3287 ut
1821 3223 1955 3287 eius
2006 3243 2140 3286 mos
2188 3232 2320 3304 est,
2375 3222 2539 3286 hunc
2590 3224 2673 3287 ob
2724 3241 2967 3287 errorem

609 3352 756 3395 eum
796 3329 1034 3395 refutat
1071 3327 1388 3393 Mullerus
1430 3337 1494 3393 et
1536 3328 1708 3394 facili
1752 3332 2008 3416 negotio
2054 3350 2186 3393 rem
2232 3333 2469 3393 evincit
2494 3350 2642 3415 pag.
2675 3330 2810 3393 249
2836 3348 2967 3412 sqq„

608 3438 840 3522 quibus
900 3434 1109 3500 multa
1166 3440 1485 3520 praeterea
1546 3434 1693 3499 addi
1758 3442 2042 3518 possent,
2111 3435 2374 3498 necdum
2429 3437 2523 3497 uti
2574 3443 2827 3518 poterat
2868 3432 2969 3495 alio

606 3547 985 3630 argumento
1046 3562 1124 3606 ex
1175 3540 1486 3606 Mnemos.
1541 3540 1855 3627 V01„1X.
1910 3562 2055 3627 pag.
2107 3539 2214 3623 59,
2267 3542 2371 3605 ubi
2425 3538 2705 3605 Cobetus
2756 3561 2823 3606 re
2866 3559 2967 3602 non

606 3649 761 3715 satis
826 3650 1183 3734 excogitata
1254 3649 1432 3711 iuxta
1495 3668 1643 3712 cum
1712 3647 2117 3733 ignarissimo
2179 3666 2426 3730 quoque
2474 3646 2676 3710 credit
2727 3648 2965 3710 unicum

605 3755 885 3820 Demum
950 3751 1456 3817 Acharnensium
1509 3756 1631 3818 tria
1680 3752 1861 3817 milia
1911 3752 2338 3837 hoplitarum‚
2392 3755 2598 3839 igitur
2643 3752 2964 3816 dimidium

601 3864 800 3927 totius
877 3859 1189 3924 exercitus
1253 3858 1850 3943 Peloponnesiorum
1920 3860 2213 3943 praebere
2276 3878 2492 3943 posse,
2561 3879 2709 3922 cum
2779 3866 2966 3921 tamen

605 3967 917 4033 Mullerus
978 3968 1113 4050 ipse
1175 3969 1302 4029 iam
1370 3973 1514 4029 ante
1579 3966 1693 4030 hos
1759 3972 1900 4029 octo
1965 3984 2158 4028 annos
2222 3966 2592 4029 certissimis
2640 3963 2968 4028 rationibus

607 4073 968 4161 probaverit
1015 4072 1224 4138 locum
1277 4071 1569 4158 Thucyd.
1618 4070 1703 4135 11.
1766 4070 1848 4136 19
1895 4072 2005 4135 ubi
2055 4072 2209 4134 haec
2256 4070 2592 4152 habentur,
2641 4068 2964 4136 necessario

604 4203 739 4247 esse
786 4186 1156 4264 corruptum
1205 4186 1268 4243 et
1317 4198 1427 4262 pro
1475 4198 1741 4242 numero
1785 4186 1842 4241 T
1889 4187 1928 4240 Γ
1973 4197 2106 4241 esse
2149 4175 2530 4263 legendum,
2579 4176 2707 4241 vid.
2748 4170 2965 4239 Muller

603 4290 731 4354 Str.
796 4287 1218 4369 Aristophanes
1275 4285 1400 4347 und
1453 4285 1552 4345 die
1601 4284 1805 4347 histor.
1860 4283 2101 4347 Kritiek
2146 4303 2289 4369 pag.
2345 4279 2474 4345 639
2527 4303 2658 4366 sqq.
2706 4280 2961 4345 maxime

602 4415 749 4482 pag.
802 4391 952 4457 649.
1004 4390 1148 4476 Ipse
1197 4390 1475 4456 Cobetus
1500 4441 1514 4465 ‚
1566 4411 1689 4475 quo
1738 4390 1967 4476 flagrat
2014 4392 2150 4456 veri
2199 4388 2413 4453 studio
2462 4396 2526 4454 et
2574 4388 2793 4452 iudicii
2836 4402 2958 4448 acu·

3067 4774 3069 4923 l
