3192 5017
388 208 470 274 14
1394 229 1755 283 nummum.

381 401 505 479 γὰρ
577 398 860 479 σφάλλει
928 400 1154 466 κούδενὶ
1223 404 1487 481 χαίρεις.
1559 400 2059 467 Rescribendum
2119 397 2500 469 σπεύδεις
2565 404 2629 465 et
2677 399 2753 464 cf.

380 505 639 573 Porson.
692 507 771 573 ad
818 507 966 573 Eur.
1020 507 1156 594 Iph.
1211 509 1361 574 Aul.
1413 509 1473 574 3.

467 718 572 783 Vs.
639 719 769 784 209
835 724 1066 786 misera
1127 722 1362 789 mulier
1411 727 1798 809 requiescere
1845 725 2026 809 cupit
2079 720 2197 786 ὑπό
2244 719 2303 784 τ’
2354 718 2646 799 αἷγεΙροις
2697 717 2759 782 ἔν

373 849 444 888 τε
492 828 725 907 κομήτῃ
772 831 1019 905 λειμῶνι
1067 831 1283 915 itaque
1330 833 1394 895 in
1443 834 1524 895 iis
1572 853 1733 915 quae
1781 832 2069 915 proxime
2120 826 2535 912 praecedunt:

1008 941 1135 1006 πῶς
1186 935 1262 1000 ἂν
1309 938 1698 1016 δροσερᾶς
1746 938 1876 1001 ἀπὸ
1922 934 2185 1014 κρηνῑδος

1015 1044 1285 1121 καθαρῶν
1331 1042 1568 1118 ἡδοὶτων
1619 1047 1784 1120 πῶμ’
1833 1041 2231 1122 αρυσαίμαν.,

375 1145 578 1211 multo
625 1147 981 1234 elegantius
1028 1150 1371 1214 scribetur:
1421 1152 1825 1228 δνοφερᾶς
1873 1148 1998 1212 ἀπὸ
2050 1144 2334 1226 κρηνῒδος.
2385 1141 2751 1211 Cavendum

378 1258 592 1317 tamen
641 1253 958 1317 interdum
1009 1260 1096 1318 est
1122 1302 1137 1330 ‚
1180 1275 1258 1319 ne
1296 1257 1510 1340 ipsum
1551 1261 1804 1342 poetam
1849 1257 2161 1341 corrigere
2202 1251 2364 1319 velle
2402 1251 2752 1316 videamur.

375 1356 785 1442 Adjectivum
849 1359 1125 1439 δνοφερὸς
1176 1367 1323 1425 noto
1369 1360 1507 1427 loco
1558 1362 1722 1447 apud
1777 1362 2134 1426 Homerum
2183 1360 2427 1446 legitur
2476 1365 2541 1422 et
2588 1357 2754 1441 apud

378 1463 748 1548 Euripidem
812 1463 1036 1530 Tro-ad.
1106 1465 1301 1531 1265.
1361 1466 1557 1534 Recte
1607 1469 1847 1555 legitur
1893 1469 2137 1549 δροσερὰ
2188 1465 2398 1538 κλιτύς
2450 1486 2545 1530 vs·
2600 1461 2748 1527 226.

467 1662 728 1748 Semper
774 1666 937 1730 mihi
983 1668 1120 1732 visa
1169 1666 1291 1731 fuit
1336 1670 1556 1732 nutrix
1605 1666 1872 1732 ridicule
1920 1668 2126 1757 dicere
2173 1687 2269 1732 vs.
2319 1663 2477 1730 264:

1013 1770 1166 1837 οὕτω
1213 1773 1284 1836 τὸ
1332 1774 1474 1836 λίαν
1523 1771 1700 1849 ἧσσον
1749 1774 1975 1837 ἐπαινῶ

1007 1883 1114 1942 τοῦ
1161 1879 1346 1957 μηδὲν
1398 1877 1609 1957 ἄγαν·

1013 1986 1116 2049 καὶ
1166 1983 1695 2067 ξυμφῆσουσι
1744 1986 1922 2068 σοφοί
1967 2009 2107 2064 μοι,

377 2111 490 2156 nec
562 2111 709 2155 sane
781 2094 1114 2157 vaticinari
1180 2091 1388 2159 voluit
1446 2093 1578 2157 fore
1640 2098 1782 2178 post
1845 2091 2054 2157 multa
2102 2090 2354 2157 saecula
2400 2093 2642 2174 septem
2689 2088 2758 2150 in

377 2199 646 2267 Graecia
709 2198 1020 2282 sapientes
1043 2228 1081 2273 ,‘
1121 2201 1232 2282 qui
1294 2218 1472 2264 suam
1520 2201 1902 2264 sententiam
1953 2198 2028 2262 de
2077 2218 2267 2263 aurea
2316 2195 2757 2261 mediocritate

377 2305 694 2392 suffragiis
741 2304 873 2369 suis
920 2304 1346 2388 comprobent.
1443 2303 1720 2389 Requiro
1765 2323 2056 2389 praesens
2105 2309 2359 2388 tempus
2406 2307 2470 2367 et
2515 2298 2754 2385 placet:

378 2408 939 2491 ξυμφωνοῦσι.

470 2620 542 2686 In
588 2617 781 2687 Obori
828 2620 1038 2688 verbis
1084 2640 1177 2687 vs.
1226 2617 1390 2685 268:

830 2725 1017 2804 γύναι
1065 2725 1332 2809 γεραιοὶ,
1381 2724 1707 2802 βασιλίδος
1757 2726 1905 2799 orte-31
1953 2724 2140 2802 τροφέ

833 2834 1138 2913 Φαίδρας,
1186 2833 1408 2910 δρῶμεν
1457 2829 1700 2904 ‘raficas
1748 2830 2032 2906 δυςήνους
2081 2829 2289 2910 τύχας

378 2942 600 3009 Nonne
646 2943 925 3024 praestat
970 2935 1253 3013 τῆςδεῗ

470 3150 681 3217 Venus
727 3152 962 3218 dicitur
1008 3172 1141 3218 esse
1188 3173 1281 3217 vs.
1336 3150 1501 3217 361:

879 3256 912 3333 ἣ
961 3258 1139 3333 τήνδε
1184 3258 1351 3336 κάμὲ
1398 3257 1503 3322 καὶ
1552 3257 1770 3333 δόμους
1819 3258 2246 3322 ἀπώλεσεν

375 3361 750 3450 Elegantius
798 3365 1135 3429 scribetur:
1187 3359 1318 3441 ἅμ’
1366 3363 1601 3430 ὤλεσε
1622 3388 1672 3429 ν.

470 3572 584 3639 Vs,
636 3574 804 3640 385:
852 3599 949 3640 τα
970 3575 1007 3640 ὕ
1022 3578 1079 3640 τ’
1127 3574 1158 3640 ἔ
1171 3598 1267 3655 χο
1288 3600 1371 3641 vr
1389 3600 1417 3639 ε
1466 3575 1830 3656 γράμματα
1857 3626 1873 3654 ,
1915 3580 2051 3663 jam
2102 3575 2459 3665 significavi
2511 3575 2755 3642 Mnem-

380 3680 566 3746 XIX.
621 3680 750 3746 419
774 3731 790 3759 ,
841 3701 952 3747 cur
997 3680 1252 3746 malim:
1301 3706 1340 3747 τ
1358 3705 1402 3746 α
1420 3682 1453 3747 ὖ
1472 3707 1510 3747 τ
1527 3682 1571 3747 οὶ
1628 3686 1696 3761 γ’
1743 3683 1777 3748 ὅ
1788 3708 1816 3748 ν
1837 3707 1874 3748 τ
1894 3707 1923 3747 ε
1972 3683 2356 3765 γράμματα.

469 3894 656 3960 Nunc
706 3896 1143 3960 examinemus
1188 3894 1529 3983 Hippolyti
1578 3896 1772 3963 verba
1819 3915 1978 3980 quae
2025 3900 2173 3960 sunt
2216 3895 2364 3961 inde
2403 3916 2440 3961 a
2479 3915 2569 3962 vs.
2602 3892 2755 3971 634,

378 4002 491 4065 ubi
552 4000 944 4066 demonstrat
1007 4022 1199 4086 quam
1245 4003 1477 4068 misera
1523 4005 1660 4067 vita
1706 4004 1790 4067 sit
1836 4003 2008 4080 eius,
2059 4004 2170 4087 qui
2216 4023 2478 4068 uxorem
2526 4001 2750 4068 habet:

832 4103 966 4185 ἔχει
1014 4106 1065 4170 δ’
1115 4107 1398 4185 ἀνάγκην
1444 4106 1556 4176 ὤςε
1609 4106 1912 4183 κηδεύσας
1962 4115 2248 4179 καλοῖς

835 4214 1180 4291 γαμβροῖσι
1228 4216 1460 4294 χαίρων
1510 4212 1770 4295 σώζεται
1821 4215 2027 4294 πικρὸν
2074 4213 2301 4296 λέχος,

834 4321 866 4395 ἢ
915 4322 1127 4402 χρηςοὶ
1173 4321 1429 4401 λέκτρα,
1485 4319 1814 4401 πενθεροὺς
1862 4319 1916 4383 δ’
1965 4320 2308 4404 ἀνωφελεῖς
