3192 5017
1070 310 1381 360 unsrun
1428 312 1699 360 omncs.
2458 282 2585 354 193

296 481 500 548 Avide
561 484 802 568 arripui
865 502 1013 569 opes
1075 482 1366 570 improbo
1425 482 1639 549 labore
1701 503 1739 547 a
1799 486 1864 548 te
1932 481 2320 566 conquisitas
2389 476 2589 544 ultro·

206 607 324 673 que
378 590 661 655 omnium
712 588 1205 654 Academiarum
1253 587 1534 654 alumnis
1582 588 1827 656 oblatas
1844 635 1860 665 ,
1909 608 2112 674 neque
2154 606 2257 652 me
2304 603 2586 670 unquam

207 696 519 779 paenituit
562 716 787 782 operae
805 746 824 780 ,
872 717 1067 784 quam
1112 698 1181 760 in
1227 697 1358 761 tuis
1404 697 1658 781 scriptis
1704 716 2059 781 posueram.

292 800 476 881 Quod
536 807 758 869 autem
820 802 1018 868 multi
1083 805 1182 868 tui
1237 802 1536 889 discipuli
1581 803 1892 880 fecerunt,
1943 802 2146 868 facere
2191 822 2316 866 non
2362 800 2585 886 potui,

206 913 276 971 ut
323 915 437 974 tua
470 911 751 997 vestigia
786 915 1064 984 secutus,
1107 909 1261 995 quid
1292 911 1462 975 vires
1498 930 1680 976 meae
1712 913 1780 974 in
1820 907 2229 976 emendandis
2263 906 2587 973 veteribus

206 1016 614 1101 scriptoribus
655 1015 945 1081 valerent
987 1020 1389 1102 temptarem.
1438 1015 1596 1082 Mox
1644 1018 1817 1082 enim
1855 1017 1923 1079 in
1961 1013 2099 1080 ludi
2133 1015 2584 1102 magistrorum

208 1141 534 1187 numerum
554 1172 575 1207 ,
637 1142 763 1208 quo
824 1126 971 1188 ante
1033 1120 1221 1199 alios,
1268 1142 1449 1188 meae
1496 1125 1690 1188 aetati
1737 1142 2038 1209 suppares
2082 1118 2587 1208 Gymnasiorum

214 1233 475 1294 rectores
520 1228 875 1294 referendos
919 1249 1053 1293 esse
1097 1228 1221 1293 tibi
1266 1234 1486 1295 auctor
1530 1231 1652 1312 sim
1668 1279 1683 1302 ,
1740 1230 1974 1294 ascitus
1993 1278 2013 1313 ,
2063 1230 2307 1314 praeter
2344 1224 2592 1292 scholas

214 1333 492 1418 publicas
508 1386 527 1420 ,
586 1337 652 1401 in
701 1336 933 1422 quibus
978 1335 1109 1401 fere
1154 1337 1515 1401 universam
1562 1356 1776 1402 rerum
1824 1335 2187 1400 divinarum
2236 1338 2425 1419 atque
2469 1333 2591 1398 hu·

216 1460 539 1507 manarum
602 1443 933 1508 scientiam
1000 1440 1330 1529 discipulis
1392 1442 1640 1508 tradere
1685 1445 1940 1508 coactus
1984 1461 2158 1508 eram
2178 1488 2194 1519 ,
2243 1461 2392 1507 cum
2441 1437 2589 1506 fidei

211 1545 464 1613 fortasse
509 1547 818 1625 multum,
867 1568 1095 1635 parum
1143 1569 1292 1615 sane
1336 1569 1752 1615 nummorum
1800 1551 1868 1613 in
1909 1568 2052 1613 arca
2090 1552 2289 1626 esset,
2326 1566 2589 1634 occupa·

214 1659 315 1718 tus
382 1655 470 1720 fui
540 1656 608 1720 in
678 1654 914 1721 scholis
980 1656 1249 1741 privatis
1310 1654 1413 1721 vel
1477 1656 1928 1741 privatissimis
1949 1702 1965 1733 ,
2029 1653 2248 1741 quales
2319 1657 2593 1720 maiores

212 1762 406 1825 nostri
466 1760 908 1849 appellabant,
956 1761 1264 1828 habendis
1318 1767 1384 1828 et
1426 1761 1610 1827 libris
1655 1763 1724 1826 in
1769 1782 1960 1827 usum
2008 1760 2328 1827 studiosae
2373 1763 2590 1848 pueri-

216 1867 340 1933 tiae
404 1868 749 1934 scribendis
765 1919 784 1953 ,
854 1873 928 1934 ut
995 1869 1316 1935 Martham
1384 1870 1617 1936 alerem
1673 1889 2030 1955 panemque
2071 1867 2370 1934 lucrarer.
2464 1865 2591 1934 Sed

221 1979 455 2040 nostrae
518 1995 766 2061 quoque
828 1976 1076 2042 civitati
1138 1974 1251 2040 lux
1310 1975 1618 2060 quaedam
1682 1974 1921 2040 affulsit
1979 1973 2445 2060 paullatimque
2491 1995 2590 2040 res

216 2080 277 2143 in
324 2081 551 2147 melius
599 2084 806 2147 cessit.
891 2083 1187 2147 Accrevit
1234 2080 1624 2168 stipendium
1687 2083 2208 2166 quasi-castrense
2226 2127 2242 2157 ,
2308 2081 2590 2146 decrevit

220 2183 503 2251 horarum
589 2192 654 2253 et
738 2185 1220 2273 disciplinarum
1301 2184 1646 2275 Gymnasii
1714 2187 2075 2253 doctoribus
2144 2186 2590 2253 mandatarum

222 2312 541 2380 numerus,
605 2295 701 2358 ita
762 2301 836 2358 ut
896 2296 1060 2371 iam,
1117 2294 1284 2380 quod
1330 2294 1409 2358 ab
1454 2292 1829 2378 aequalibus
1875 2295 2033 2358 meis
2076 2294 2188 2358 vix
2238 2296 2590 2379 exspectari

220 2400 513 2481 potuerit,
578 2420 616 2464 a
679 2400 1021 2465 iuvenibus
1077 2402 1189 2483 qui
1248 2400 1601 2466 senioribus
1655 2401 1839 2485 quasi
1882 2405 2315 2484 succrescunt,
2361 2401 2591 2466 merito

223 2505 516 2591 exigatur.
613 2504 688 2571 Id
758 2523 960 2571 unum
1034 2512 1250 2572 metuo
1269 2553 1286 2584 ,
1354 2527 1434 2571 ne
1493 2504 1755 2571 Horatii
1798 2507 2209 2571 immemores
2251 2507 2587 2572 materiam

222 2611 341 2673 suis
384 2611 632 2678 viribus
676 2611 965 2697 iniquam
1016 2618 1271 2678 sumant
1318 2616 1383 2677 et
1419 2632 1643 2697 parum
1687 2611 1797 2676 diu
1838 2614 2158 2676 versantes
2196 2612 2348 2697 quid
2386 2613 2592 2678 umeri

222 2712 363 2780 terre
405 2715 662 2783 valeant
709 2716 943 2802 quidve
989 2722 1315 2795 recusent,
1366 2716 1538 2782 haud
1582 2722 1874 2803 potenter
1917 2737 2018 2782 res
2064 2738 2211 2783 suas
2255 2716 2498 2805 legant.

299 2822 547 2890 Etenim
567 2874 586 2908 ,
649 2826 705 2889 si
754 2823 907 2909 quid
956 2824 1142 2889 video
1164 2872 1181 2899 ,
1230 2824 1490 2890 fuerunt
1537 2825 1670 2888 iam
1718 2825 1885 2889 inter
1929 2842 2035 2888 eos
2080 2823 2189 2907 qui
2237 2829 2301 2889 te
2347 2823 2590 2888 imitati

226 2934 417 2995 vetera
460 2935 878 2997 monumenta
922 2951 960 2995 a
999 2929 1504 3016 corruptelarum
1545 2928 1837 2995 sordibus
1873 2950 2145 3018 purgare
2182 2929 2587 3006 studuerunt,

227 3034 396 3101 multi
457 3038 726 3112 ociores,
793 3033 955 3102 Icari
1018 3056 1212 3121 quam
1276 3033 1544 3102 Daedali
1604 3034 1978 3112 similiores,
2038 3055 2306 3120 quorum
2355 3037 2591 3122 scripta

226 3161 333 3205 non
388 3140 529 3208 dico
587 3141 856 3207 ultimos
914 3138 1219 3220 Gelonos,
1284 3141 1394 3208 sed
1455 3162 1534 3206 ne
1580 3143 1825 3226 peritus
1871 3141 2126 3227 quidem
2171 3140 2376 3205 Hiber
2421 3139 2591 3207 Rbo-

228 3244 475 3332 danique
519 3253 706 3334 potor
747 3253 980 3314 noscet.

302 3351 470 3420 Idem
532 3355 662 3421 fere
721 3354 800 3418 iis
845 3353 1077 3420 accidit
1093 3404 1113 3434 ,
1162 3354 1329 3440 quod
1374 3353 1443 3418 in
1490 3352 1721 3419 litteris
1769 3355 1994 3441 patriis
2037 3353 2375 3441 nepotibus
2422 3354 2591 3422 Ludi

232 3459 530 3548 magistri,
580 3465 803 3548 poetae
846 3461 1221 3527 facetissimi
1268 3480 1305 3526 a
1351 3459 1474 3525 Iac.
1527 3458 1849 3547 Lennepio
1897 3461 2214 3547 quondam
2274 3461 2591 3547 populari-

236 3564 330 3630 bus
372 3566 834 3644 commendati,
876 3572 954 3632 ut
998 3569 1256 3655 ingenio
1303 3587 1531 3651 parum
1575 3566 1861 3633 valentes
1907 3572 1971 3633 et
2004 3568 2356 3634 obtusiores
2387 3570 2590 3635 animi

230 3674 341 3737 acie
356 3721 370 3748 ‚
430 3676 708 3740 auctoris
768 3675 869 3739 sui
911 3675 1186 3740 virtutes
1230 3672 1523 3758 leporum
1570 3672 1846 3759 salisque
1891 3675 2117 3740 urbani
2163 3673 2399 3742 frustra
2444 3678 2591 3741 imi-

229 3780 361 3855 tati,
395 3779 462 3845 in
501 3782 665 3846 vitia
710 3784 964 3844 tantum
1010 3779 1418 3845 incurrerent.
1471 3777 1580 3845 Sic
1630 3780 1835 3846 invita
1879 3779 2177 3847 Minerva
2225 3781 2296 3845 hi
2340 3802 2588 3868 quoque

229 3886 281 3947 te
333 3887 635 3952 aemulati
695 3886 1031 3952 mutabant
1077 3906 1485 3972 quaecunque
1531 3889 1744 3972 primo
1793 3887 2024 3953 obtutu
2071 3890 2282 3953 minus
2327 3890 2591 3973 probata

230 3987 699 4076 displicuerant,
759 3995 958 4059 immo
1021 4013 1205 4078 saepe
1252 4013 1506 4057 summa
1552 3995 1704 4058 imis
1751 3993 2088 4060 miscentes
2133 4015 2325 4059 suum
2371 4014 2586 4059 rerum

228 4099 669 4185 verborumque
738 4100 1022 4164 ordinem
1086 4099 1257 4166 hand
1318 4102 1553 4187 exiguo
1615 4105 1907 4165 veterum
1971 4102 2345 4187 scriptorum
2399 4100 2589 4166 detri-

226 4212 419 4272 mento
464 4206 952 4281 substituentes,
999 4225 1073 4271 ea
1115 4207 1317 4271 animi
1364 4205 1509 4271 dote
1555 4206 1718 4271 mihi
1756 4226 1967 4272 carere
2006 4206 2129 4272 visi
2168 4210 2317 4271 sunt
2333 4255 2348 4280 ,
2393 4226 2588 4292 quam

228 4312 284 4372 in
322 4311 494 4377 nullo
538 4313 801 4379 homine
850 4312 1033 4378 docto
1075 4312 1417 4378 desiderari
1458 4316 1733 4398 oportet,
1772 4317 1847 4378 ut
1884 4315 1953 4379 in
1991 4319 2275 4378 mentem
2311 4312 2587 4381 alienam

237 4433 410 4501 usque
453 4424 778 4505 penetrare
826 4418 1182 4484 didicerint,
1232 4417 1326 4483 De
1373 4417 1613 4486 talibus
1656 4419 1859 4486 doctis
1907 4418 2267 4487 doctoribus
2311 4420 2591 4506 profecto

2285 4540 2349 4592 18
