3192 5017
1380 293 1717 344 nummus.
1889 287 1894 293 ’
2656 269 2741 335 33

564 478 620 533 Ν
717 473 997 548 ωλεμέως
1050 469 1103 534 δ’
1156 469 1478 545 ἐδάμασσε
1527 469 1736 540 πόλεις
1788 492 1856 530 τε
1904 468 2008 532 καὶ
2059 465 2231 531 ἔθνεα
2280 464 2509 530 πολλοὶ.

538 579 614 642 'A
709 579 839 643 λλοὶ
886 578 991 643 καὶ
1044 578 1331 658 ἑσπερίων
1377 580 1597 656 ἀνδρῶν
1646 575 2070 651 ’Λλαμανικὸν
2116 572 2314 644 οὖδας.

536 686 609 748 ’Τ
706 685 954 760 σμίναις
1007 695 1356 751 πυκιναῖσιν
1406 685 1551 749 ἑλὼν
1602 682 1935 760 ἀλάπαξεν
1985 681 2261 759 ἀρούρας.

356 812 471 875 pro
532 793 710 857 ἄλλα
759 793 863 857 καὶ
916 794 1205 872 ἑσπερίων
1253 796 1317 857 in
1368 793 1552 858 libris
1602 791 1835 856 Suidae
1882 789 2256 854 melioribus
2303 793 2399 852 est
2443 784 2580 866 ὄρρα
2632 784 2735 848 καὶ

356 898 641 976 ἑσπερίων
687 898 756 963 id
802 905 898 964 est
940 900 1060 969 ’ος
1105 903 1219 983 ῥα,
1270 898 1436 984 quod
1475 897 1909 982 reponendum
1950 917 2083 961 esse
2125 895 2306 960 docet
2345 898 2377 966 ή
2421 892 2738 971 οὶκροςιχὶς

354 1013 859 1089 ΓΕΡΜΑΝΟΤ,
924 1006 990 1071 id
1058 1008 1228 1071 enim
1294 1010 1429 1070 erat
1490 1005 1792 1089 poetastri
1855 1023 2098 1067 nomen.
2175 999 2320 1065 Vidi
2371 999 2739 1064 Nauekium

353 1110 527 1175 idem
575 1114 898 1196 reperisse.

444 1328 542 1392 Ad
607 1328 840 1416 fragm.
906 1327 992 1392 34
1064 1331 1403 1414 apponitur
1468 1328 1645 1393 loeus
1705 1325 1980 1391 Zosimi:
2032 1322 2163 1389 ἐπεὶ
2214 1323 2275 1387 δὲ
2325 1322 2584 1397 ἤλαυνον
2634 1319 2735 1383 ἐπ’

350 1434 664 1508 ἀλλήλους
732 1429 767 1496 δ’
806 1458 876 1498 τε
924 1435 1229 1512 βασιλεὺς
1281 1434 1386 1499 καὶ
1439 1433 1767 1513 Προκόπιος
1820 1430 2160 1496 συναντῶσί
2207 1454 2334 1500 πως
2382 1428 2597 1506 σφίσιν
2647 1426 2730 1495 εἷς

355 1539 690 1619 ΟΤοέτειρα
738 1541 823 1605 τα
872 1542 1309 1620 ςρατεύματα.
1402 1540 1474 1605 In
1529 1540 1845 1617 Οὖοὶτειρα
1893 1537 2051 1603 latet
2097 1557 2328 1602 nomen
2367 1535 2737 1599 notissimae

349 1647 526 1711 urbis
576 1645 911 1724 Θυάτειρα.
964 1645 1322 1732 Stephanus
1370 1646 1521 1733 Byz.
1575 1668 1634 1711 v.
1688 1644 2109 1723 Θυάτειρα
2156 1642 2334 1712 πόλις
2363 1640 2615 1709 Λυδίας.
2649 1676 2727 1686 -

349 1754 418 1817 τὸ
467 1752 688 1816 ἐθνικὸν
741 1752 1161 1831 Θυατειρηνός.
1214 1751 1337 1829 ἀφ’
1390 1748 1457 1816 οὖ
1507 1753 1837 1828 Νίκανδρος
1887 1752 2333 1829 γραμματικὸς
2398 1756 2730 1822 Θυατειρη-

349 1861 444 1929 νὸς
495 1859 555 1943 [ἦ
600 1862 1029 1942 Κολοφώνιος]
1074 1859 1324 1924 Passim
1373 1858 1541 1943 apud
1588 1856 1991 1922 Athenaeum
2041 1856 2336 1921 laudatur
2398 1853 2728 1929 Νίκανδρος

348 1965 376 2028 ὅ
430 1965 854 2043 Θυατειρηνός.
918 1965 1215 2031 Meineke
1266 1964 1504 2029 delevit
1553 1965 1584 2038 ἢ
1640 1962 2013 2039 Κολοφώνιος
2070 1962 2372 2044 „imperiti
2420 1998 2502 2008 -
2552 1963 2733 2042 epito-

349 2077 593 2134 matoris
655 2071 1157 2135 additamentum”
1206 2071 1312 2136 sed
1363 2072 1506 2155 quis
1555 2071 1812 2134 tandem
1863 2067 2016 2134 talia
2064 2070 2140 2133 de
2187 2088 2301 2132 suo
2348 2062 2734 2131 addidisset?

347 2177 605 2242 Excidit
653 2176 897 2262 aliquid
945 2180 1012 2242 in
1055 2178 1215 2241 hano
1262 2179 1679 2241 sententiam:
1731 2174 1948 2253 γέγονε
1998 2176 2060 2239 δὲ
2106 2173 2210 2238 καὶ
2260 2170 2455 2252 ἕτερος
2516 2195 2728 2250 γραμ-

349 2283 610 2360 ματικὸς
663 2284 994 2360 Νίκανδρος
1046 2283 1073 2346 ὁ
1125 2284 1501 2365 Κολοφώνιος
1551 2283 1706 2347 satis
1752 2303 1829 2346 ex
1880 2280 2208 2345 Athenaeo
2255 2284 2464 2344 notus.

440 2496 696 2583 Fragm.
763 2494 868 2561 37.
934 2495 1388 2575 καταφρόνησιν
1455 2499 1832 2561 ἐνεποιεῖΤΟ
1900 2503 2107 2558 TOIC
2169 2491 2478 2568 θεωμένοις
2530 2491 2729 2555 αὐτῶν

351 2601 437 2665 τὰ
510 2603 800 2678 σώματα.
894 2601 1228 2686 Expuncta
1299 2600 1551 2687 syllaba
1617 2600 1787 2665 male
1855 2603 2121 2685 repetita
2181 2599 2384 2664 scribe
2448 2598 2728 2662 ἐνεποίει

353 2715 476 2780 τοῖς
526 2707 857 2784 θεωμένοις.
953 2704 1330 2772 Constanter
1374 2710 1543 2771 enim
1594 2726 1813 2770 omnes
1860 2707 1927 2768 in
1977 2704 2093 2770 tali
2142 2724 2207 2768 re
2255 2704 2525 2777 ἐμποιεῖν
2567 2704 2730 2767 dioe-

353 2815 538 2888 bant,
604 2835 728 2880 non
795 2816 1197 2891 ἐμποιεῖσθαι.
1292 2811 1415 2877 Pro
1478 2819 1672 2877 ποιεῖν
1735 2811 1874 2875 τινα
1924 2816 2374 2888 καταφρονεῖν,
2437 2807 2727 2881 δεδιέναι,

351 2925 582 3002 θαρρεῖν
650 2922 944 2986 dicebant
1014 2916 1507 2998 καταφρόνησιν,
1575 2917 1735 2989 δέος,
1805 2917 2006 2996 θάρρος
2070 2917 2160 3001 (et
2224 2913 2350 2979 alia
2413 2915 2730 2994 sexcenta)

349 3028 625 3105 ἐμποιεῖν
672 3026 778 3093 vel
825 3022 1277 3105 ἐνεργάζεσθαι.

442 3238 698 3325 Fragm.
765 3235 872 3303 37.
936 3237 963 3301 ὃ
1031 3236 1320 3306 Σκυθικὸς
1387 3236 1660 3312 πόλεμος
1715 3274 1788 3284 -—
1845 3243 1970 3307 τοῖς
2034 3233 2324 3312 μεγέθεσι
2373 3240 2489 3298 τῶν
2537 3258 2736 3315 παρα-

352 3349 575 3407 σκευῶν
638 3345 736 3407 {vr}
769 3343 972 3421 -μέγα
1023 3342 1437 3421 προβήσεσθαι
1489 3341 1619 3426 [καὶ
1668 3342 1997 3426 χωρήσειν]
2047 3330 2437 3419 πολυτρόπων
2487 3349 2736 3419 συμφο-

351 3457 460 3527 ρῶν
510 3450 614 3513 καὶ
665 3450 1058 3528 ἀτεκμάρτου
1106 3451 1307 3530 τύχης
1362 3448 1800 3525 προσδοκηθείς.
1849 3447 2179 3512 Inficetum
2223 3447 2730 3513 additamentum

352 3555 457 3620 καὶ
523 3556 822 3636 χωρήσειν
880 3557 1158 3642 expungi
1225 3561 1511 3639 oportere
1561 3554 1839 3620 ostendit
1885 3552 2116 3618 Suidas
2165 3575 2257 3618 vs.
2311 3552 2734 3633 Ἀτέκμαρτον

350 3663 545 3729 verba
593 3682 1053 3746 supervacanea
1099 3663 1423 3725 omittens.

444 3873 700 3960 Fragm.
769 3872 871 3937 39.
940 3875 1187 3945 πάντας
1252 3876 1376 3952 γὰρ
1442 3873 1469 3936 ὁ
1537 3879 1731 3944 Φῆςος
1796 3871 2193 3952 ἀναζητήσας
2260 3869 2357 3944 οὓς
2408 3872 2521 3947 μὲν
2569 3868 2732 3951 εὗρεν

353 3980 660 4057 ἄκρΙτΩΟ
708 3979 1068 4054 ἀπέκτεινε,
1115 3981 1249 4048 τοὺς
1297 3979 1357 4042 δὲ
1399 3978 1644 4049 λοιποὺς
1688 3977 1983 4055 ὑπερόριον
2025 3978 2264 4050 ἑαυτοῖς
2305 3981 2518 4058 Φυγην
2543 3977 2734 4055 ἠναγ-

354 4108 542 4148 κασεν
615 4086 930 4150 ἐπιθεῖναι.
1024 4085 1403 4148 Indemnalos
1473 4085 1705 4148 necavit
1775 4081 2008 4148 Graeco
2079 4084 2310 4147 dieitur
2384 4083 2733 4162 ἀκρίς-ΟΥΕ

353 4192 734 4255 ἀπέκτεινεν.
788 4191 1108 4276 Frequens
1153 4189 1496 4256 admodum
1543 4193 1608 4255 in
1658 4189 1841 4254 libris
1887 4187 2045 4254 Mss.
2096 4188 2250 4254 haee
2297 4190 2580 4256 confusio
2620 4198 2735 4257 est.

446 4402 707 4489 Fragm.
771 4402 877 4465 41.
942 4403 992 4466 οἱ
1064 4400 1269 4468 Οὖννοι
1322 4440 1406 4451 --
1457 4402 1564 4475 την
1634 4400 1924 4479 Εὐρώπην
1985 4403 2199 4467 πᾶσαν
2247 4399 2587 4482 ἐπέδραμον
2634 4403 2738 4468 καὶ

2415 4522 2444 4569 3
