3192 5017
1204 266 1708 317 Ams‘rormns.
2524 245 2655 313 373

265 448 329 508 et
400 440 701 507 bestiolas
769 445 1173 506 recensentur
1240 438 1654 506 mulierculae
1722 460 1883 525 quae
1946 440 2212 505 Athenis
2273 445 2477 518 certe,
2537 441 2648 505 ubi

262 547 605 633 Menippus
666 545 805 619 τοὺς
872 545 1293 627 δικαζομένους
1358 547 1814 631 conspiciebat,
1880 567 2004 612 non
2065 549 2258 613 sicuti
2318 547 2485 632 apud
2533 567 2648 613 nos

263 653 763 719 deambulabant
809 675 920 739 per
965 656 1172 720 otium
1219 655 1286 718 in
1334 652 1597 739 plateis,
1646 653 1756 718 sed
1805 653 1978 718 domi
2028 652 2367 719 latitabant
2403 655 2468 718 in
2506 675 2649 719 um·

260 761 375 826 bra
423 766 490 826 et
537 761 654 826 sub
703 766 890 826 tecto.
960 759 1084 827 Sed
1132 761 1288 846 quid
1334 779 1505 826 cesso
1554 780 1771 825 veram
1821 762 2200 845 scripturam
2249 757 2650 846 expromere?
2751 806 2764 821 .

260 866 475 954 Lege:
543 869 594 932 οἱ
659 865 1074 951 δικαζόμενοι,
1131 867 1215 932 τὰ
1266 871 1673 932 τυνναῦτα
1723 867 1915 946 θηρία.
2014 864 2424 952 Corruptelae
2470 868 2652 954 origo

257 973 325 1037 in
376 976 590 1059 aprico
638 981 753 1039 est.
847 974 1183 1041 Praeterea
1229 976 1427 1039 miror
1472 994 1620 1039 cum
1670 975 1882 1039 nautis
1933 980 1999 1038 et
2047 972 2344 1061 agricolis
2391 972 2655 1039 bellato-

257 1101 356 1146 res
423 1084 759 1168 componi:
814 1081 1038 1148 malim
1087 1081 1254 1147 fere:
1305 1082 1356 1145 οἱ
1406 1082 1730 1157 πλέοντες,
1785 1081 1835 1145 οἱ
1887 1080 2551 1161 ὁδοιποροῦντες,
2603 1081 2653 1144 οἱ

262 1192 707 1270 γεωργοῦντες.

347 1405 656 1487 Queritur
703 1405 780 1471 de
819 1406 1155 1471 cimicibus
1202 1402 1594 1490 Strepsiades
1642 1425 1733 1470 vs.
1794 1401 1963 1470 711:

899 1511 1003 1576 καὶ
1053 1511 1170 1584 τὰς
1220 1512 1494 1591 πλευρὰς
1543 1509 1994 1589 δαρδάπτουσιν

901 1617 1004 1684 καὶ
1053 1619 1163 1691 τὴν
1208 1619 1480 1700 ψυχὴν
1532 1618 1872 1683 ἐκπίνουσιν

905 1724 1011 1789 καὶ
1059 1725 1199 1797 τοὺς
1247 1722 1446 1805 ὄρχεις
1497 1722 1841 1799 ἐξέλκουσιν

899 1831 1001 1896 καὶ
1049 1831 1151 1895 τὸν
1200 1830 1472 1909 πρωκτὸν
1519 1831 1924 1910 διορύττουσιν

895 1939 1004 2003 καί
1049 1939 1121 2015 μ’
1168 1939 1523 2003 ἀπολοῦσιν.

250 2043 404 2111 Alio
480 2046 618 2113 loco
686 2048 753 2111 in
824 2044 1179 2133 Lysistrata
1248 2065 1340 2111 vs.
1408 2042 1540 2108 963
1601 2062 1794 2129 prope
1852 2043 2071 2110 eadem
2134 2049 2641 2135 coniunguntur,

251 2152 483 2238 ψυχή,
529 2150 768 2235 ὄρχεις,
817 2149 1006 2233 ὄρρος·

714 2267 880 2333 ποῖος
926 2258 1055 2340 γὰρ
1102 2257 1189 2325 ἔτ’
1236 2256 1314 2323 ἂν
1364 2259 1577 2341 νεφρὸς
1627 2257 1946 2339 ἀντίσχοι,

718 2364 868 2430 ποία
917 2366 1182 2445 ψυχή,
1237 2373 1391 2430 ποῖοι
1439 2364 1493 2431 δ’
1539 2361 1780 2445 ὄρχεις,

717 2471 867 2537 ποία
914 2471 967 2536 δ’
1014 2472 1251 2553 ὀσφῦς,
1300 2479 1466 2543 ποῖος
1517 2471 1571 2536 δ’
1619 2468 1812 2551 ὅρροςς

254 2575 379 2656 Qui
440 2577 541 2642 ibi
603 2598 750 2643 cum
815 2576 1135 2643 Brunckio
1195 2584 1509 2663 reponunt
1571 2576 1723 2641 ποία
1784 2577 2005 2655 ψωλή
2066 2577 2258 2663 idque
2306 2578 2643 2666 Blaydesio

255 2702 509 2769 quoque
570 2684 883 2769 placuisse
946 2684 1167 2762 video,
1213 2685 1295 2749 iis
1341 2685 1537 2749 etiam
1586 2685 1652 2747 in
1698 2681 1997 2748 Nubibus
2044 2683 2315 2749 arridere
2362 2685 2646 2752 debebit:

257 2786 362 2854 καὶ
428 2791 545 2864 τὴν
598 2793 871 2869 ψωλὴν
936 2790 1292 2856 ἐκπίνουσιν.
1390 2788 1516 2869 Qui
1578 2793 1797 2854 autem
1856 2795 2131 2876 negant,
2178 2811 2301 2856 non
2349 2793 2506 2856 satis
2550 2796 2647 2857 vi-

257 2895 494 2963 dentur
557 2903 913 2982 reputasse,
986 2917 1177 2982 quam
1248 2895 1435 2961 facile
1496 2895 1678 2976 ψωλη
1743 2896 1810 2959 in
1877 2896 2060 2976 ψυχή
2123 2897 2297 2962 abire
2343 2901 2643 2983 potuerit.

258 2999 579 3069 Similiter
642 3011 940 3088 peccatur
996 3005 1062 3067 in
1128 3004 1455 3088 Anonymi
1516 3000 1739 3067 libello
1800 3003 1933 3083 περὶ
2023 3002 2376 3087 κωμῳδίας,
2453 3025 2643 3089 quem

262 3104 605 3174 Cramerus
674 3109 876 3174 edidit
942 3110 1009 3172 in
1075 3108 1450 3184 Anecdotis,
1526 3107 1754 3173 deiude
1824 3106 2187 3173 Dindorfius
2256 3112 2511 3195 repetiit
2578 3110 2645 3175 in

260 3212 560 3281 Editione
627 3215 916 3282 Parisina
970 3214 1373 3281 Scholiorum
1432 3216 1499 3278 in
1559 3213 2052 3299 Aristophanem
2098 3235 2160 3299 p.
2209 3211 2461 3293 XV111;
2512 3237 2645 3282 me-

261 3327 552 3388 moratur
589 3323 682 3388 ibi
729 3322 1121 3403 Στρεψιάδης
1170 3320 1433 3392 πεισθεὶς
1481 3320 1731 3393 ἀληθεῖς
1780 3315 1932 3385 εἶναι
1981 3318 2120 3392 τοὺς
2172 3321 2305 3401 περὶ
2367 3327 2645 3402 ψυχῆς

261 3426 487 3505 λόγους
512 3476 528 3506 ,
580 3428 688 3494 sed
737 3432 877 3493 tuto
937 3425 1269 3492 emendare
1315 3428 1549 3511 poteris
1595 3426 1729 3506 περὶ
1777 3423 2056 3504 ψύλλη
2080 3452 2130 3499 ς.

354 3641 594 3708 Levius
640 3641 948 3706 mendum
995 3645 1089 3705 est
1137 3661 1230 3705 vs.
1282 3638 1451 3706 768:

718 3747 826 3823 ἤδη
878 3746 1050 3828 παρὰ
1097 3754 1251 3811 τοῖσι
1297 3747 1842 3826 Φαρμακοπώλαις
1887 3748 1998 3821 τὴν
2045 3746 2207 3812 λίθον

718 3855 954 3930 ταύτην
1000 3852 1257 3934 ἑόρακας·
1307 3854 1417 3929 τὴν
1463 3855 1698 3933 καλήν,
1747 3855 1856 3929 την
1903 3853 2222 3935 διαφανῆ,

718 3961 853 4040 ἀφ’
902 3956 936 4036 ἦ
952 3984 981 4032 ς
1029 3959 1099 4023 τὸ
1149 3963 1267 4039 πῦρ
1315 3956 1629 4036 ἅπτουσις

268 4063 491 4135 Nonne
536 4069 773 4134 rectius
818 4066 1146 4154 legemus:
1192 4066 1285 4131 δι’
1338 4062 1447 4142 ἧςῩ

358 4281 581 4357 Συκίνη
644 4280 958 4362 ἐπικουρία
1025 4279 1177 4366 quid
1242 4281 1328 4345 sit
1384 4279 1686 4344 novimus
1733 4281 1797 4343 et
1842 4276 2006 4342 illud
2054 4297 2303 4362 quoque
2349 4282 2649 4347 novimus

271 4382 535 4471 Lysistr.
590 4387 717 4452 110
765 4388 1022 4453 confusa
1072 4386 1265 4452 fuisse
1305 4385 1617 4452 adiectiva
1655 4383 1862 4459 συκίνη
1907 4390 1969 4449 et
2010 4384 2282 4460 σκυτίνη.
2331 4384 2470 4452 Ηοο
2493 4386 2650 4453 dum
