3192 5017
1293 313 1658 362 summum.
2525 288 2655 358 317

721 480 836 550 οἵδ’
885 488 991 552 οὐκ
1038 486 1269 566 άφιοῖσ’
1317 486 1468 549 ἀλλ’
1514 483 1897 550 άνάπτονται
1948 484 2200 551 πέπλων

724 592 945 674 τοσῷδε
996 596 1281 670 μάλλον·
1332 588 1434 656 ὧδ’
1486 590 1669 671 ἔβητ’
1723 592 1824 656 ἐπὶ
1874 590 2086 672 ξυροῦ;

726 695 854 774 ἄξω
904 697 1119 778 λαβών
1167 722 1249 777 γε
1294 697 1490 771 τούςδ’
1540 698 1877 780 ἐφολκίδας
1923 707 2161 779 χεροῖν,

725 808 873 875 ναῦς
924 805 976 869 δ’
1027 800 1103 876 ὣς
1151 804 1418 886 ἐφέλξω.

360 907 597 993 Ecquis
659 908 805 975 vult
863 910 1195 976 defendere
1240 935 1319 989 γε
1369 912 1707 997 participio
1758 910 1975 988 λαβών
2021 907 2410 976 adhaerens?
2455 909 2659 976 Nemo

269 1014 476 1081 credo.
538 1014 711 1103 Ergo
769 1017 862 1082 sic
921 1016 1174 1083 solitam
1239 1018 1559 1103 proverbii
1619 1018 1893 1083 formam
1959 1016 2256 1100 restituo,
2304 1022 2369 1081 et
2415 1015 2613 1081 simul
2637 1065 2653 1092 ,

269 1126 345 1185 ut
391 1140 612 1206 spero,
660 1119 988 1207 Euripidis
1035 1142 1337 1188 manum:

1413 1226 1511 1295 ὧδ’
1561 1226 1739 1307 ἔβητ’
1788 1228 1886 1293 ἐπὶ
1936 1227 2113 1309 ξυροῦ

718 1334 964 1412 άκμῆς;
1014 1334 1229 1413 λαβὼν
1276 1335 1348 1408 δὴ
1396 1337 1591 1407 τούςδ’
1640 1337 1976 1415 ἐφολκίδας
2024 1342 2228 1416 χεροῖν

723 1443 912 1512 ναῦς
963 1437 1054 1513 ὣς
1105 1440 1371 1523 ἐφέλξω.

353 1659 730 1724 Extremam
789 1665 1031 1744 part-em
1098 1657 1351 1724 fabulae
1399 1658 1462 1723 N
1465 1659 1734 1724 auckius
1782 1660 2032 1725 uncinis
2081 1656 2361 1723 inclusit.
2411 1657 2654 1732 Quam-

261 1768 362 1830 vis
406 1767 498 1830 sit
542 1764 847 1851 Euripide
893 1765 1191 1852 indigna,
1239 1770 1454 1830 tamen
1504 1773 1672 1831 certe
1713 1765 1910 1853 digna
1954 1773 2083 1842 est,
2136 1785 2296 1850 quae
2339 1771 2651 1850 quantum

261 1868 396 1936 fleri
463 1873 667 1956 possit
712 1870 1104 1936 emendetur.
1200 1869 1472 1958 Legitur
1518 1876 1732 1936 autem
1782 1892 1908 1936 ves.
1963 1868 2135 1936 1383
2183 1891 2317 1955 sqq.
2369 1870 2654 1957 (Ag-aves

264 1978 458 2043 verba
508 1979 722 2061 sunt):

812 2084 975 2160 μήτε
1025 2083 1313 2161 Κιθαιρὼν
1360 2082 1578 2162 μιαρός
1629 2083 1728 2167 (μ’
1779 2082 1987 2167 ἐσίδοι)

814 2191 978 2266 μήτε
1026 2191 1335 2265 Κιθαιρῶν’
1382 2186 1641 2254 ὅσσοισιν
1688 2189 1848 2271 ἐγώ,

809 2296 954 2371 μήθ’
1004 2291 1085 2360 ὅθι
1136 2295 1346 2375 θύρσου
1393 2297 1587 2374 μνῆμ’
1636 2294 1987 2361 άνάκειται.

811 2403 1094 2481 Βάκχαις
1143 2401 1194 2465 δ’
1243 2398 1503 2467 ἄλλαισι
1552 2400 1816 2477 μέλοιεν.

261 2507 356 2572 Ex
424 2506 662 2573 ultimo
727 2529 914 2573 versu
979 2528 1167 2572 nemo
1231 2508 1416 2573 facile
1479 2507 1684 2573 ullam
1733 2510 2112 2574 sententiam
2163 2506 2416 2585 eliciat;
2467 2506 2654 2572 credo

263 2617 517 2697 poetam
569 2613 844 2678 dedisse:
954 2613 1207 2676 τελεταὶ
1258 2613 1309 2678 δ’
1356 2613 1619 2677 ἄλλαισι
1667 2612 1944 2690 μέλοιεν,

264 2719 580 2806 scriptum
633 2719 917 2801 Βάκχαις
970 2720 1196 2783 erroris
1243 2739 1459 2784 ansam
1510 2719 1775 2784 dedisse.

355 2926 480 2992 Illa
530 2923 931 2992 Cithaeronis
979 2929 1324 3007 exsecratio
1370 2928 1530 2992 mihi
1570 2928 1958 2993 occasionem
2002 2926 2261 3011 praebet
2300 2925 2657 3010 proferendi

267 3033 697 3119 suspicionem
746 3032 1099 3117 quandam,
1148 3053 1308 3117 quae
1348 3054 1414 3098 se
1451 3033 1614 3097 mihi
1654 3032 1849 3097 aliam
1892 3031 2221 3117 Euripidis
2258 3032 2655 3118 tragoediam

267 3139 510 3226 legenti
558 3137 830 3223 obtulit,
890 3160 1208 3225 quamque
1256 3159 1509 3225 prorsus
1557 3158 1785 3203 vanam
1837 3158 1970 3203 esse
2017 3138 2181 3202 mihi
2232 3157 2357 3202 non
2402 3156 2658 3222 persua-

268 3245 403 3311 deo.
450 3245 532 3310 In
578 3244 941 3310 Phoenissis
988 3243 1116 3309 801
1170 3266 1304 3331 sqq.
1356 3246 1585 3310 chorus
1631 3244 1725 3310 ita
1772 3241 2220 3310 Cithaeronem
2270 3241 2655 3337 alloquitur:

543 3347 585 3415 ὦ
633 3349 859 3437 ζαθέων
906 3350 1199 3416 πετάλων
1247 3349 1633 3430 πολυθηρότα
1685 3388 1769 3400 --

543 3480 644 3521 τον
693 3456 913 3533 νάπος,
962 3456 1317 3533 Ἀρτέμιδος
1366 3457 1761 3538 χιονότροφον
1807 3455 1988 3534 ὄμμα
2037 3458 2361 3541 Κιθαιρών,

544 3565 787 3642 μήποτε
835 3564 937 3630 τὸν
986 3562 1226 3646 θανάτῳ
1275 3564 1680 3644 προςτεθέντα
1728 3561 1998 3645 λόχευμ’
2043 3562 2370 3636 Ἰοκάστας

543 3670 779 3751 ὤφελες
833 3669 1167 3735 Οἰδιπόδαν
1214 3670 1452 3751 θρέψαι.

275 3776 498 3861 Neque
559 3777 804 3842 minore
864 3778 1003 3842 iure
1065 3797 1256 3862 quam
1322 3778 1388 3841 in
1451 3775 1717 3842 Bacchis
1779 3775 2009 3864 Agave
2055 3776 2322 3842 eundem
2375 3782 2659 3842 montem

275 3881 545 3948 devovet
591 3880 901 3968 Oedipum

824 3986 1019 4054 1604.
1315 3989 1643 4070 Ταρτάρου
1691 3989 1819 4069 γὰρ
1864 3986 2102 4069 ὤφελεν

816 4093 1008 4187 ἐλθεῖν
1056 4097 1344 4174 Κιθαιρὼν
1392 4098 1475 4167 εἷς
1525 4093 1788 4173 ἄβυσσα
1834 4093 2201 4175 χάσματα,

821 4195 882 4272 ὅς
932 4201 1001 4278 μ’
1045 4204 1110 4268 οὐ
1161 4201 1394 4267 διώλεσ’
1443 4202 1574 4267 κτὲ.
1632 4262 1637 4267 ,

277 4302 348 4368 In
395 4305 613 4371 eadem
662 4310 878 4371 antem
932 4308 1257 4394 tragoedia
1303 4307 1544 4375 Iocaste
1592 4309 1670 4374 de
1718 4327 1832 4373 sua
1880 4304 2123 4392 filiique
2168 4312 2336 4373 sorte
2383 4308 2475 4373 ita
2511 4327 2661 4393 que·

280 4411 441 4475 titur
489 4433 582 4478 vs.
638 4410 770 4481 350
818 4433 946 4498 sq.:
