3192 5017
1346 305 1583 355 mnus.
2529 285 2657 355 421

278 479 389 541 aut
452 481 763 543 constaret
810 484 922 543 aut
968 477 1510 562 reconciliaretur,
1561 479 1672 544 sed
1719 478 1884 544 nihil
1931 480 2162 567 agebat
2210 482 2361 566 quia
2406 484 2661 546 senatus

276 581 450 645 omni
519 582 706 648 modo
766 582 1009 648 bellum
1074 605 1223 648 cum
1271 584 1497 650 Perseo
1543 605 1763 671 gerere
1811 585 2174 651 decreverat
2219 592 2284 651 et
2330 591 2481 652 nota
2526 591 2661 653 arte

275 689 585 772 speciosos
645 709 965 755 armorum
1030 696 1395 775 praetextus
1459 691 1818 776 quaerebat.
1918 691 2185 757 Perseus
2245 712 2445 777 quum
2492 693 2662 778 patri

274 799 529 858 mortuo
577 798 979 860 successisset
1023 795 1189 861 nihil
1234 797 1459 862 habuit
1506 799 1830 881 antiquius
1878 817 2066 882 quam
2115 803 2189 862 ut
2233 797 2478 885 leg-atos
2526 797 2658 863 Ro-

275 919 452 964 mam
518 900 805 966 mitteret
852 902 992 968 Liv.
1048 902 1168 980 45,
1221 903 1302 967 9:
1350 904 1604 967 Perseus
1658 902 1725 982 Q.
1774 904 1992 967 Fulvio
2039 904 2111 967 12.
2162 905 2402 969 Manlio
2449 925 2660 968 com-

275 1006 436 1069 tibus
501 1005 689 1092 (anno
742 1006 899 1092 179)
961 1032 1201 1090 requam
1262 1011 1518 1093 accepit.-
1565 1033 1603 1072 a
1647 1016 1857 1073 senatu
1900 1032 2007 1073 reat
2050 1015 2136 1073 eet
2181 1010 2515 1093 appellatus
2563 1009 2656 1074 Μ.

272 1111 486 1189 Ιαπίο,
553 1116 627 1177 Α.
678 1114 927 1179 Manlio
974 1117 1331 1179 consulibus.
1385 1118 1571 1200 (anno
1624 1114 1801 1201 178).
1848 1115 1929 1180 cf.
1979 1114 2122 1181 Liv.
2177 1113 2286 1194 40,
2337 1113 2457 1180 58:
2511 1115 2661 1180 Per-

271 1239 404 1282 seus
439 1219 669 1301 potitus
716 1243 893 1302 reqno
940 1239 1077 1286 mm
1128 1239 1450 1286 numum
1496 1239 1616 1287 ruis
1662 1223 1882 1303 leqatos
1929 1222 2174 1286 Romam
2221 1223 2303 1284 ad
2337 1221 2663 1284 amicitiam

265 1330 577 1405 paternam
644 1328 1042 1390 renovandam
1093 1328 1526 1411 petendumque
1584 1334 1652 1391 ut
1713 1350 1819 1391 rex
1880 1329 1952 1390 ab
2002 1334 2212 1391 senatu
2257 1328 2663 1411 appellaretur

273 1430 454 1493 misit.
503 1430 723 1515 Neque
772 1432 1041 1498 Perseus
1084 1454 1288 1518 neque
1334 1438 1588 1499 senatus
1637 1436 1704 1497 in
1752 1455 1824 1500 ea
1869 1455 1936 1499 re
1983 1434 2147 1499 bona
2192 1433 2316 1499 fide
2364 1434 2658 1520 agebant,

272 1540 348 1600 ut
414 1556 603 1621 supra
671 1538 989 1616 vidimus,
1062 1540 1170 1604 sed
1239 1542 1388 1624 quia
1459 1546 1724 1624 uterque
1795 1541 2190 1626 temporibus
2251 1539 2658 1606 serviendum

272 1663 405 1707 esse
450 1645 718 1727 putabat
765 1666 864 1710 res
911 1645 1095 1711 facile
1142 1648 1481 1731 impetrata
1528 1652 1646 1710 est.
1744 1644 2071 1711 Sentiebat
2116 1646 2385 1712 Perseus
2431 1667 2496 1711 se
2536 1644 2661 1710 Ro-
2699 1718 2714 1735 ·

266 1749 473 1814 manis
519 1770 653 1815 esse
707 1759 1111 1835 suspectum,
1164 1755 1380 1835 itaque
1429 1750 1659 1830 ἑτέρους
1711 1748 1961 1828 ἔπεμπε
2009 1749 2300 1830 πρέσβεις
2348 1753 2457 1825 τὴν
2508 1748 2658 1816 ὑπό-

269 1878 432 1921 νοιαν
505 1856 753 1921 ἐκλύων.
827 1859 1094 1943 Appian.
1144 1857 1265 1921 IX.
1318 1858 1376 1920 1.
1442 1858 1502 1921 ἐν
1548 1856 1610 1922 δὲ
1660 1857 1854 1938 τούτῳ
1903 1857 2007 1921 καὶ
2057 1856 2336 1933 Εὐμένης
2390 1894 2471 1905 -
2521 1854 2660 1932 ἧκεν

269 1963 331 2034 ές
380 1961 614 2039 Ῥώμην
662 1964 765 2027 καὶ
815 1964 1147 2043 κατηγόρει
1195 1968 1563 2044 φανερῶς
1612 1966 1840 2039 αὐτοῦ,
1889 1984 2163 2048 namque
2204 1978 2390 2028 antea
2427 1963 2660 2028 tacitae

266 2074 522 2133 tantum
573 2071 959 2154 suspiciones
1006 2077 1070 2136 et
1116 2070 1364 2136 occulta
1409 2069 1555 2135 odia
1601 2070 1851 2143 fuerant
1895 2090 2006 2155 per
2052 2089 2245 2136 annos
2283 2069 2477 2134 ferme
2517 2089 2652 2153 sep·

266 2180 404 2240 tem
420 2196 437 2252 ;
503 2174 819 2241 Eumenes
879 2179 1046 2241 enim
1094 2177 1174 2242 ad
1221 2176 1553 2242 deferenda
1601 2176 1677 2240 de
1725 2176 1954 2242 Perseo
2001 2177 2272 2242 crimina
2316 2177 2386 2240 in
2432 2176 2658 2240 urbem

272 2280 449 2347 venit
498 2301 658 2347 anno
712 2281 841 2348 1³72
891 2279 961 2348 O.
1011 2282 1262 2366 Popilio
1308 2282 1620 2366 Laenate,
1664 2283 1741 2348 P.
1787 2281 1969 2347 Aelio
2009 2281 2249 2370 Ligure
2274 2280 2659 2346 Consulibus

269 2385 411 2453 Liv.
456 2385 564 2471 42,
615 2387 656 2450 9
706 2393 769 2452 et
823 2386 927 2451 10.
981 2388 1117 2453 Iam
1167 2391 1388 2470 statim
1436 2388 1674 2454 mirum
1722 2388 1917 2454 alicui
1965 2388 2168 2455 videri
2215 2387 2402 2453 debet
2441 2407 2658 2474 regem

272 2495 791 2578 potentissimum
861 2500 925 2560 et
984 2494 1289 2559 Romanis
1349 2494 1651 2559 infestum
1700 2500 2006 2578 septimum
2052 2495 2172 2558 iam
2220 2516 2442 2557 annum
2487 2496 2662 2578 quie-

270 2620 440 2666 scere
489 2606 553 2665 et
600 2621 637 2666 a
689 2600 856 2665 bello
905 2601 1240 2665 abstinere.
1336 2601 1607 2666 Perseus
1654 2606 1718 2665 et
1763 2599 2001 2667 Rhodii
2041 2603 2392 2687 purgatum
2429 2598 2662 2663 Eume-

269 2709 368 2772 nis
415 2705 681 2771 crimina
727 2706 972 2793 legatos
1019 2704 1294 2770 Romam
1344 2708 1696 2783 miserunt,
1743 2706 1851 2790 qui
1899 2711 2057 2769 omni
2098 2707 2264 2769 modo
2298 2726 2414 2786 per
2449 2714 2661 2787 patro-

269 2836 374 2877 nos
443 2812 809 2896 hospitesque
870 2813 1240 2895 dzkceptandi
1300 2834 1428 2875 cum
1491 2833 1625 2892 φερε
1679 2812 1866 2875 locum
1913 2811 1978 2873 in
2025 2821 2237 2874 senatu
2283 2815 2661 2895 quaerebant.

266 2917 409 2983 Liv.
467 2916 575 2995 42,
629 2916 732 2994 14,
803 2918 910 2982 sed
971 2938 1095 2982 non
1161 2916 1283 2981 nisi
1344 2922 1485 3002 post
1550 2916 1858 2981 Eumenis
1903 2916 2249 2981 discessum
2296 2917 2364 2979 in
2410 2916 2657 2980 curiam

264 3023 615 3089 introducti
661 3030 834 3089 sunt.
884 3026 1155 3108 Appian.
1205 3022 1319 3087 IX.
1367 3022 1442 3086 2:
1489 3023 1813 3102 Ἀρπαλον
1862 3021 2236 3102 πεμφθέντα
2284 3021 2456 3101 παρὰ
2505 3031 2657 3099 Περ-

267 3130 414 3202 σέως
472 3129 532 3202 ές
596 3129 960 3205 ἀντιλογίαν
1021 3128 1328 3205 Εὐμένους
1378 3127 1482 3192 καὶ
1535 3129 1769 3194 Ῥοδίων
1815 3130 1955 3194 τινὰ
2003 3129 2387 3209 πρεσβευτὴν
2432 3130 2659 3206 βουλο-

267 3237 481 3313 μένους
550 3238 610 3308 ἐς
674 3234 812 3317 ὄψιν
875 3237 976 3301 τὸν
1038 3234 1281 3312 Εὐμένη
1332 3233 1686 3316 διελέγχειν
1734 3234 2030 3316 παρόντος
2078 3236 2192 3312 μὲν
2242 3233 2329 3300 ἔτι
2377 3239 2484 3299 τοῦ
2534 3237 2661 3301 Εὖ-

269 3343 480 3420 μένους
530 3344 593 3406 οὐ
646 3345 1062 3421 προσήκαντο,
1114 3339 1508 3418 μεταςοὶντος
1560 3341 1624 3405 δὲ
1674 3339 1981 3417 ἐδέξαντο.
2029 3341 2212 3407 Unde
2259 3342 2465 3429 igitur
2505 3338 2661 3407 belli

268 3450 532 3512 initium
581 3453 794 3513 ortum
835 3444 966 3511 est?
1014 3446 1249 3511 Utrum
1294 3468 1329 3512 a
1369 3447 1600 3512 Perseo
1641 3449 1752 3533 qui
1791 3446 1948 3512 alios
1988 3467 2176 3532 super
2215 3446 2373 3512 alios
2414 3445 2663 3534 legatos

269 3556 451 3619 misit
512 3556 620 3638 qui
667 3553 974 3618 Eumenis
1022 3552 1376 3619 calumnias
1425 3553 1879 3641 redarguerent
1927 3557 1990 3618 et
2037 3561 2291 3618 senatus
2338 3555 2502 3619 iram
2550 3553 2659 3619 de-

270 3666 709 3744 precarentur,
776 3680 855 3723 an
919 3661 997 3724 ab
1045 3659 1350 3725 Romanis
1398 3661 1510 3743 qui
1558 3659 1795 3725 auditis
1843 3659 2151 3725 Eumenis
2196 3660 2658 3725 criminationi·

273 3765 423 3849 bus,
487 3787 635 3851 quas
696 3789 887 3829 vanas
952 3788 1072 3830 esse
1108 3768 1292 3849 probe
1340 3769 1634 3848 sciebant,
1683 3766 1903 3831 statim
1953 3766 2256 3831 Perseum
2304 3764 2473 3830 bello
2519 3786 2661 3850 per-

274 3874 448 3956 sequi
518 3871 930 3938 decreverunt
992 3872 1101 3936 sed
1166 3891 1305 3936 eam
1371 3891 1505 3936 rem
1573 3869 1794 3936 sedulo
1856 3871 2115 3937 tacitam
2179 3869 2577 3937 habuerunt?
2627 3874 2662 3948 ἧ

277 3977 628 4056 σύγκλητος
683 3978 840 4057 ἔργῳ
886 3976 999 4054 μὲν
1045 3977 1155 4040 οὐκ
1203 3974 1465 4052 ἀξιοῦσα
1514 3976 1797 4055 βασιλέα
1844 3976 2121 4059 σώφρονα
2148 4012 2234 4026 -
2262 3977 2321 4040 ἐν
2365 3984 2662 4057 πλευραῖς

281 4080 490 4167 ἔχειν,
539 4082 710 4164 λόγῳ
771 4082 834 4147 δὲ
897 4074 939 4146 ἃ
990 4082 1333 4162 προῦτεινεν
1375 4084 1401 4147 ὃ
1444 4082 1725 4161 Εὐμένης
1768 4082 2100 4161 αἰτιωμένη
2141 4090 2434 4159 πολεμεῖν
2477 4082 2664 4163 ἔκρινε

282 4191 364 4270 τῷ
436 4197 663 4269 Περσεῖ
720 4189 823 4253 καὶ
890 4192 1074 4252 ταῦτ’
1139 4188 1454 4269 ἀπόρρητα
1518 4188 1609 4253 ἔτι
1675 4190 1734 4253 ἐν
1798 4188 2011 4270 σφίσιν
2076 4190 2286 4260 αὐτοῖς
2336 4189 2658 4255 ἐποιοῦντο.

290 4294 710 4384 Indignantur
754 4297 834 4360 ob
880 4295 1035 4361 haec
1086 4297 1256 4380 (quis
1299 4291 1709 4379 mirabitur?)
1755 4294 1970 4360 Persei
2017 4294 2244 4382 leg-ati:
2301 4295 2405 4359 καὶ
2433 4298 2484 4361 οἱ
2547 4297 2663 4374 μὲν

276 4400 379 4469 ἐπὶ
443 4402 595 4483 τῷδε
657 4406 885 4483 πρῶτον
930 4399 1431 4481 ἀγανακτοῦντές
1484 4425 1557 4466 τε
1609 4400 1713 4464 καὶ
1763 4401 2069 4486 παρρησὶα
2119 4399 2418 4485 χρώμενοι
2471 4416 2659 4469 πολε·
2749 4480 2752 4485 ⁴
