3192 5017
1233 303 1661 354 nssronmu.
2509 281 2638 374 369

938 476 1433 560 ἀφυδρανάμενοι
1483 478 1735 557 ςείχετε
1784 477 1979 548 ναούς.

279 578 372 643 ubi
419 578 640 647 Nauck
681 581 1156 666 φαιδρυνάμενοι
1199 591 1554 667 reponebat.
1610 582 1752 649 Non
1789 584 2111 648 assentior.
2165 580 2639 646 Obversabatur

275 683 550 773 Euripidi
593 689 771 755 loeus
818 710 892 755 ex
943 690 1226 776 Odyssea
1275 699 1329 753 Δ
1387 688 1554 755 750:

708 797 860 861 ἀλλ’
908 796 1278 877 ὑδρηναμένη
1326 796 1566 875 καθαροὶ
1615 795 1762 877 χροῒ
1804 793 2007 873 εἵμαθ’
2056 796 2281 860 ἑλοῦσα

712 900 888 982 εὔχε’
935 903 1256 982 Ἀθηναίη.

273 1026 386 1090 quo
429 1009 702 1092 pertinet
749 1008 1060 1094 Hesychii
1107 1006 1367 1094 glossa:

621 1113 1206 1193 ’Τδρηναμένηε
1255 1113 1604 1190 λουσαμένη
1655 1116 1688 1189 ἢ
1739 1113 2243 1194 περιρραναμένη.

355 1322 666 1403 Ἀφύων
713 1348 788 1388 τι
806 1324 950 1401 μήτ
1001 1326 1070 1389 τὸ
1124 1320 1363 1402 ἔλαιον,
1413 1324 1544 1388 ἐπεὶ
1596 1325 1657 1388 ἐν
1703 1324 1895 1405 τούτῳ
1942 1322 2219 1401 ἕψονται.

353 1427 548 1515 Saepe
607 1430 939 1495 miraberis
998 1430 1164 1514 apud
1228 1429 1632 1515 Hesychium
1696 1431 1997 1496 absurdas
2063 1431 2612 1515 interpretationes
2633 1478 2647 1507 ‚

271 1553 420 1617 quae
482 1555 597 1600 neo
659 1534 945 1620 eoelum,
1008 1542 1082 1600 ut
1137 1538 1349 1612 aiunt,
1392 1557 1506 1601 nec
1556 1543 1785 1601 terram
1839 1545 2131 1626 tangunt.
2228 1537 2444 1602 Habes
2490 1537 2555 1600 h.
2604 1537 2646 1600 l.

269 1636 662 1706 luculentum
710 1642 1096 1725 exemplum.
1151 1641 1432 1726 Respicit
1480 1639 1963 1708 Grammaticus
2012 1642 2389 1729 (Didymus)
2436 1642 2653 1708 locum

270 1746 703 1833 Aristophanis
749 1769 826 1813 ex
877 1750 1134 1812 ΑοΙιαι-ιι.
1186 1746 1359 1812 939:

444 1854 498 1918 εἰ
550 1852 613 1917 δέ
660 1878 751 1926 τις
805 1855 967 1932 ὑμᾶς
1019 1855 1451 1924 ὑποθωπεύσας
1500 1854 1770 1932 λιπαρὰς
1817 1855 2138 1919 καλέσειεν
2186 1855 2472 1932 Ἀθήνας,

446 1957 649 2039 εὕρετο
698 1964 827 2024 πᾶν
874 1959 950 2025 ἂν
997 1961 1101 2025 διά
1147 1961 1265 2031 τὰς
1313 1962 1587 2040 λιπαράς
1639 1960 1858 2037 ἀφύων
1906 1962 2089 2037 τιμην
2140 1960 2480 2041 περιάψας.

356 2064 684 2132 Sententia
742 2069 1071 2152 perspicua
1135 2073 1266 2132 est:
1316 2073 1420 2151 qm·
1469 2068 1727 2131 Athenae
1766 2068 2028 2151 appellat
2075 2067 2347 2147 λιπαράς
2398 2068 2659 2153 (nitidas

275 2177 334 2235 et
397 2173 677 2256 pinques)
747 2196 873 2236 eum
941 2174 1212 2236 honorem
1277 2172 1439 2235 vobis
1507 2173 1719 2236 tribuit
1783 2174 1884 2258 qui
1943 2196 2233 2258 apuarum
2296 2196 2417 2237 esse
2473 2175 2619 2238 solet
2639 2221 2656 2251 ,

275 2299 500 2365 nempe
548 2299 708 2364 quae
757 2280 836 2344 ob
883 2279 1341 2365 pinguedinem
1392 2277 1753 2344 laudantur.

361 2383 530 2464 Quid
597 2390 812 2450 autem
859 2383 1142 2470 Didymo
1189 2383 1416 2467 facias,
1466 2384 1574 2468 qui
1623 2386 1784 2449 serio
1830 2388 2161 2452 annotavit
2208 2386 2427 2467 ἀφύων
2475 2385 2660 2462 τιμήν

277 2509 404 2555 esse
476 2491 704 2574 oleum,
770 2489 902 2554 ἐπεὶ
969 2491 1028 2554 ἐν
1091 2489 1284 2569 τούτῳ
1347 2486 1638 2573 ἕψονται,
1702 2491 1870 2575 quod
1931 2499 1995 2556 et
2054 2494 2263 2576 ipsum
2312 2491 2661 2557 absurdum

278 2601 368 2659 est
413 2602 481 2662 et
524 2595 764 2661 salsum
814 2597 1258 2682 Aristophanis
1304 2595 1549 2659 dictum
1600 2594 1956 2670 ἀδιανόητον
2005 2597 2227 2662 reddit.
2324 2597 2448 2663 Sed
2489 2598 2663 2663 festi-

278 2707 499 2767 nanter
545 2700 701 2767 talia
748 2703 774 2765 ὂ
823 2699 1246 2779 βιβλιολάθας
1293 2703 1361 2764 in
1409 2701 1697 2766 chartam
1746 2702 2146 2767 coniiciebat.

363 2807 670 2873 Eiusdem
727 2807 965 2873 farinae
1027 2815 1122 2873 est
1185 2806 1352 2892 quod
1397 2806 1609 2872 addit:
1664 2807 1916 2883 λέγουσι
1967 2809 2030 2873 δὲ
2083 2810 2355 2873 Ἀττικοὶ
2409 2813 2669 2884 πληθυν-

279 2922 454 2987 τικῶς
534 2917 650 2986 τοὶς
723 2914 981 2998 ἀφύας,
1043 2915 1244 2985 ἑνικῶς
1308 2914 1369 2977 δὲ
1433 2913 1851 2978 οὐδέποτε.
1943 2912 2238 2980 Plurima
2301 2919 2671 2984 testimonia

267 3022 602 3106 imprimis
648 3019 1087 3096 comicorum,
1139 3020 1250 3085 ubi
1297 3018 1474 3102 οὶφύη
1523 3018 1802 3106 legitur,
1852 3021 2215 3086 Athenaeus
2264 3022 2461 3087 affert.

371 3245 413 3298 B
436 3238 479 3298 οἳ
497 3233 536 3311 ξ
547 3258 574 3299 ο
591 3256 653 3298 νε
705 3232 996 3310 κατᾶξον.
1051 3229 1366 3303 Λάκωνες.

369 3338 567 3406 Sorib.
622 3340 892 3417 κάταξον
942 3361 1016 3405 ex
1066 3337 1367 3415 κατέαξα.
1424 3336 1613 3402 Iliad.
1672 3346 1718 3401 Z
1771 3335 1919 3400 306.

358 3445 554 3522 Ἀξον
605 3448 674 3521 δὴ
725 3445 918 3528 ἔγχος
971 3445 1326 3523 Διομήδεος.

371 3535 792 3618 Homericum
856 3559 951 3618 est
1013 3551 1312 3631 νάγνυμι,
1379 3553 1669 3616 Atticum
1717 3550 2106 3628 κατάγνυμι.
2206 3552 2283 3616 In
2332 3551 2693 3639 Spartano?

283 3679 428 3723 rum
500 3659 768 3724 dialecto
829 3659 1160 3747 digamma
1217 3661 1286 3723 in
1347 3669 1389 3722 Β
1447 3661 1869 3729 convertitur,
1939 3665 2014 3722 ut
2069 3661 2137 3723 in
2187 3660 2511 3741 Γαβεργόρ
2558 3683 2671 3746 pro

287 3766 572 3846 γεωργός.
627 3765 848 3851 Itaque
896 3764 1186 3844 βάγνυμι
1235 3765 1529 3830 dicebant
1577 3769 1642 3828 et
1690 3761 1902 3842 ἕβαξα
1953 3768 2017 3830 et
2064 3765 2212 3830 hino
2258 3763 2473 3843 βᾶξον.

377 3871 664 3946 Κάταξον
710 3871 950 3959 legitur
995 3872 1159 3957 apud
1208 3869 1699 3956 Aristophanem
1754 3869 2019 3956 (Athen.
2067 3891 2214 3958 pag.
2269 3871 2354 3935 53
2380 3875 2441 3955 α’)

1299 3977 1416 4049 τάς
1466 3975 1854 4053 άμυγδαλᾶς
1902 3978 2117 4053 λαβὼν

746 4083 926 4149 τασδὶ
976 4080 1247 4158 κάταξον
1293 4092 1371 4164 τῇ
1421 4087 1675 4162 κεφαλῇ
1726 4086 1956 4146 σαυτοῦ
2003 4082 2172 4162 λίθῳ.

295 4189 403 4253 ubi
449 4190 801 4255 revocanda
847 4196 943 4255 est
993 4188 1249 4256 Codicis
1296 4191 1467 4253 unici
1519 4187 1711 4254 lectio
1759 4191 1869 4261 τὴν
1916 4189 2225 4268 κεφαλήν.

391 4415 430 4467 Β
452 4429 479 4468 ε
500 4404 550 4482 β
569 4428 595 4469 ο
614 4418 654 4469 λ
675 4430 709 4479 η
727 4429 775 4480 μ
796 4403 824 4467 ἐ
844 4430 870 4467 ν
891 4429 919 4469 ο
937 4431 964 4477 ς
983 4426 998 4469 :
1049 4401 1505 4482 βεβλαμμένος
1559 4401 2135 4490 [βεβουλευμένος]
