3192 5017
955 1136 1020 1231 E
1048 1140 1123 1231 U
1154 1142 1225 1231 R
1251 1141 1292 1230 Ι
1326 1140 1387 1230 P
1425 1140 1461 1230 Ι
1492 1140 1566 1230 D
1600 1130 1663 1229 E
1694 1136 1792 1229 A.

755 1302 1195 1389 (continuatur
1252 1325 1328 1367 ex
1384 1300 1511 1366 ναι.
1561 1301 1645 1366 x.
1686 1324 1751 1383 p.
1809 1297 1990 1382 128).

1183 1631 1594 1680 Quo—-

262 1896 459 1964 Nunc
520 1918 734 1963 meam
782 1897 1291 1984 qualemcunque
1341 1896 1729 1962 medicinam
1780 1897 2153 1964 Baccharum
2203 1899 2569 1986 tragoediae

175 2003 532 2082 adhibeb0,
583 2011 647 2069 et
702 2025 858 2089 quas
922 2003 1089 2068 mihi
1146 2004 1213 2067 in
1278 2024 1350 2068 ea
1398 2002 1872 2070 emendationes
1918 2004 2267 2089 repperisse
2314 2004 2567 2081 videor,

175 2130 279 2177 eas
326 2114 421 2178 ita
472 2130 854 2196 proponam,
907 2117 982 2176 ut
1028 2109 1221 2175 simul
1271 2108 1372 2174 vel
1422 2129 1624 2174 unum
1676 2109 2079 2195 alterumque
2128 2131 2203 2175 ex
2255 2111 2402 2176 aliis
2450 2118 2575 2177 tra-

177 2217 424 2304 goediis
478 2220 794 2304 attingam
843 2216 1085 2292 locum,
1142 2215 1252 2301 qui
1300 2215 1501 2280 simili
1548 2235 1667 2300 ope
1715 2222 1932 2303 egeat,
1983 2216 2119 2288 vel.
2162 2220 2217 2282 si
2260 2219 2371 2303 qui
2410 2217 2570 2284 Bac-

180 2323 446 2389 charum
496 2344 718 2389 versus
762 2325 1013 2410 integer
1060 2343 1164 2386 ms
1200 2323 1536 2387 admoneat
1574 2322 1951 2407 suspicionis
1993 2324 2325 2390 cuiusdam
2349 2372 2365 2401 ,
2409 2344 2571 2409 quae

181 2431 342 2495 mihi
404 2429 567 2497 alibi
625 2432 693 2494 in
754 2428 1060 2513 Euripide
1114 2427 1384 2515 legendo
1432 2435 1569 2493 orta
1616 2431 1734 2505 sit,
1784 2449 1924 2496 eam
1974 2450 2221 2515 quoque
2269 2432 2568 2516 arripiam

183 2540 613 2613 occasionem,
680 2556 805 2622 qua
866 2534 1203 2600 conamina
1249 2555 1395 2599 mea
1443 2536 1706 2609 critica,
1756 2537 1876 2600 etsi
1926 2539 2142 2611 tenui,
2195 2544 2411 2601 tamen
2457 2537 2572 2601 ali·

184 2662 305 2726 quo
350 2643 462 2710 filo
510 2647 675 2708 inter
719 2662 788 2707 se
836 2640 1122 2728 iungam.

270 2749 406 2815 Iam
459 2753 531 2814 in
577 2752 763 2813 initio
811 2746 1202 2813 Baccharum
1248 2745 1498 2812 haereo.
1547 2746 1819 2833 Legitur
1865 2749 2036 2812 enim
2085 2769 2179 2813 vs.
2231 2746 2270 2811 6
2319 2769 2481 2832 sqq.:

731 2854 835 2934 ὁρῶ
883 2853 945 2917 δὲ
991 2854 1216 2933 μητρὸς
1268 2860 1490 2928 μνῆμαι
1539 2859 1651 2926 τῆς
1700 2852 2023 2932 κεραυνίας

730 2960 855 3024 τόδ’
905 2960 1102 3038 ἐγγὺς
1151 2957 1322 3022 οἴκων
1369 2958 1475 3023 καὶ
1524 2956 1724 3034 δόμων
1771 2957 2008 3038 ἐρείπια

730 3065 1056 3146 τυφόμενα
1107 3065 1256 3129 Δίου
1306 3066 1487 3144 πυρὸς
1537 3062 1626 3129 ἔτι
1677 3063 1878 3144 ζῶσαν
1925 3064 2173 3145 Φλόγα.

180 3171 257 3237 In
318 3175 556 3241 ultimo
601 3193 790 3238 versu
837 3173 1269 3237 accusativum
1324 3170 1552 3250 φλόγα
1599 3191 1744 3235 cum
1794 3171 2120 3251 τυφόμενα
2166 3178 2335 3238 recte
2383 3175 2566 3261 iungi

184 3298 392 3362 posse,
453 3298 643 3345 nemo
704 3280 924 3363 opinor
986 3277 1318 3342 contendet
1333 3296 1349 3352 ;
1412 3275 1609 3341 multi
1657 3296 1809 3364 ergo
1859 3277 2130 3344 editores
2179 3285 2320 3363 post
2367 3279 2566 3361 τυφό·

184 3408 341 3457 μενα
413 3387 766 3452 orationem
834 3383 1147 3449 incidunt.
1241 3381 1363 3447 Sed
1439 3386 1532 3447 ita
1599 3402 1848 3468 quoque
1908 3404 2126 3449 versus
2189 3406 2379 3451 sanus
2440 3408 2565 3453 non

187 3490 471 3556 videtur:
545 3489 881 3575 displicent
953 3491 1123 3554 enim
1193 3490 1530 3573 participia
1600 3490 1924 3567 τυφόμενα
1997 3496 2062 3555 et
2122 3490 2322 3571 ζῶσαν
2391 3494 2570 3560 nullo

183 3598 441 3663 vinculo
504 3599 670 3662 inter
732 3618 797 3661 se
843 3615 1042 3673 nexa,
1096 3600 1161 3659 et
1206 3597 1459 3681 ingrata
1506 3594 1793 3661 eiusdem
1842 3600 2191 3663 sententiae
2249 3603 2566 3685 repetitio.

187 3699 352 3780 Quid
394 3705 562 3769 enim
612 3705 874 3768 interest
918 3704 1082 3767 inter
1128 3701 1457 3781 τυφόμεναι
1506 3706 1571 3767 st
1618 3711 1696 3765 Δ.
1746 3724 1816 3765 π.
1867 3726 1916 3766 ε.
1968 3700 2017 3780 ζ.
2069 3701 2176 3784 ΦῨ
2224 3704 2564 3792 Quumque

186 3827 305 3872 non
356 3812 491 3875 sine
538 3811 730 3874 metri
777 3810 1054 3893 pernicie
1102 3807 1206 3872 καὶ
1257 3806 1357 3872 vel
1407 3831 1477 3871 τε
1524 3809 1719 3873 inseri
1765 3810 2005 3893 possit,
2058 3809 2313 3877 aliunde
2350 3820 2564 3898 peten-

186 3911 337 3977 dum
388 3923 485 3981 est
532 3913 870 3980 auxilium.
963 3911 1166 3980 Credo
1214 3912 1585 3998 Euripidem
1636 3915 1992 3998 scripsisse:

674 4019 942 4101 σώζοντα
992 4019 1142 4084 Δίου
1189 4020 1373 4099 πυρὸς
1421 4016 1510 4083 ἔτι
1560 4018 1762 4100 ζῶσαν
1808 4017 2070 4097 Φλόγω,

188 4120 408 4192 deinde
475 4130 860 4215 magistrum
932 4146 1010 4191 ne
1071 4127 1215 4211 quis
1276 4125 1580 4200 nesciret.
1648 4145 1807 4211 quae
1871 4125 2062 4191 huius
2125 4138 2286 4193 esset
2347 4152 2563 4199 versus

189 4236 494 4300 sententia
556 4235 996 4318 adscripsisse:
1053 4231 1424 4312 τυφόμενα,
1476 4233 1742 4299 verbum
1790 4233 1868 4298 de
1914 4232 2312 4300 fumantibus
2360 4240 2561 4306 ruinis

192 4338 341 4402 satis
401 4341 746 4416 usitatum,
805 4344 1120 4424 postremo
1181 4340 1454 4404 scribam
1517 4341 1989 4405 annotationem
2057 4339 2123 4404 in
2172 4348 2419 4408 textum
2471 4367 2563 4413 re·

192 4444 451 4524 cepisse,
502 4444 1003 4512 emendationem
1052 4465 1184 4511 esse
1235 4449 1479 4511 ratum.
