3192 5017
1287 332 1529 382 mosao.
2466 308 2599 384 259

250 506 458 594 μήθ’.
490 504 754 591 Kayseri
800 501 1194 569 emendatio:
1247 526 1401 589 „quo
1440 504 1628 586 modo,
1670 504 1726 567 si
1765 501 1933 568 facta
1970 484 2072 569 vis
2092 512 2257 570 esset
2278 507 2593 585 moribus,

251 613 503 696 superior
565 611 632 674 in
702 611 1090 694 possessione
1158 607 1489 675 retinenda
1551 628 1678 674 non
1745 608 1969 674 fuisset
2032 646 2115 658 -
2176 611 2389 674 etenim
2450 614 2600 697 quia

250 721 440 782 conus
480 717 581 781 ius
626 735 998 800 moremque
1044 715 1214 781 faeta
1256 717 1344 780 eit
1360 762 1380 798 ,
1426 716 1507 779 A.
1558 711 1894 781 Caecinam
1943 735 2093 780 eum
2137 716 2363 782 amieis
2419 723 2600 784 metu

247 822 622 905 perterritum
686 819 1045 907 profugisse
1094 855 1175 868 —-
1223 839 1392 885 nune
1452 819 1748 904 quoque'’
1809 820 2028 886 turbat
2088 819 2416 905 aequalem
2475 822 2602 889 dis-

248 925 634 993 tributionem
672 926 917 1011 periodi
960 945 1121 1011 quae
1156 931 1253 990 est
1293 927 1592 1010 bipartita
1609 974 1628 1008 ,
1670 927 1762 990 sie
1797 931 1872 990 ut
1909 946 2194 1012 quaeque
2215 947 2360 1012 pars
2382 948 2602 994 rursus

246 1034 303 1096 in
351 1032 469 1098 duo
531 1031 823 1097 membra
884 1030 1246 1108 dividatur,
1310 1030 1429 1096 hae
1490 1031 1765 1096 ratione:
1812 1031 1896 1096 A.
1946 1051 2003 1097 a.
2051 1033 2108 1096 si
2154 1034 2255 1098 vis
2299 1032 2467 1099 faeta
2515 1070 2598 1083 —

247 1137 464 1204 inisset.
520 1139 578 1203 b.
631 1138 783 1223 quia
824 1140 1047 1202 eontra
1101 1174 1180 1184 —-
1227 1137 1606 1224 profugisse.
1654 1135 1731 1202 B.
1782 1157 1843 1203 a.
1894 1138 1951 1201 si
1996 1157 2185 1204 eausa
2219 1137 2600 1205 —futuros

247 1241 297 1306 b.
358 1245 455 1307 sin
524 1263 560 1308 a
623 1241 1077 1309 consuetudine
1125 1279 1207 1290 —
1258 1242 1706 1308 discessurum.
1803 1242 2160 1328 Apparebit
2219 1243 2386 1309 infra
2443 1243 2601 1310 alias

245 1367 469 1433 quoque
524 1347 785 1415 lacunas
849 1367 984 1414 esse
1028 1348 1097 1413 in
1144 1347 1488 1414 eodioibus.
1538 1349 1575 1432 ς
1622 1347 1744 1411 41:
1811 1394 1847 1425 „
1867 1346 2263 1428 „Queramur
2285 1397 2301 1425 ‚
2335 1350 2599 1434 inquit,

242 1451 407 1532 lieet;
472 1459 689 1520 tamen
749 1454 869 1519 hoe
924 1453 1265 1520 interdicto
1307 1452 1628 1519 Aebutius
1671 1473 1797 1518 non
1843 1456 2154 1519 tenetur.”
2252 1453 2422 1534 Quid
2466 1451 2604 1520 ita?

246 1555 451 1637 „Quod
518 1561 619 1625 vis
689 1555 996 1624 Caecinae
1057 1558 1226 1623 faeta
1284 1578 1411 1624 non
1471 1557 1626 1623 est.”
1686 1557 1916 1622 Hocine
1960 1558 2090 1624 diei
2133 1561 2201 1623 in
2247 1559 2366 1625 hae
2412 1579 2603 1626 eausa

240 1667 468 1747 potest,
527 1665 641 1731 ubi
697 1684 876 1730 arma
920 1663 1195 1741 fuerint,
1244 1663 1404 1735 ibi’'‚
1452 1662 1593 1730 rell.
1642 1659 1963 1728 Ciceronis
2009 1666 2210 1730 oratio
2253 1665 2491 1744 hocine,
2532 1665 2601 1730 in

241 1768 401 1834 eodd.
451 1772 783 1855 omissum,
831 1769 1150 1854 postulare
1198 1770 1469 1835 videtur.
1519 1768 1757 1834 Lenius
1802 1768 1993 1854 paulo
2040 1774 2184 1853 post
2206 1770 2243 1853 ξ
2266 1769 2388 1835 42:
2435 1790 2601 1847 „non

241 1893 306 1940 ea
365 1875 498 1942 sola
564 1879 667 1943 vis
727 1879 856 1953 est,
924 1895 1084 1960 quae
1146 1875 1229 1942 ad
1289 1894 1515 1960 eorpus
1559 1879 1852 1939 nostrum
1899 1876 2228 1959 vitamque
2272 1878 2565 1960 pervenit
2581 1922 2600 1953 ,

239 1979 336 2045 sed
403 1980 598 2047 etiam
657 1979 870 2045 multo
930 1982 1136 2047 maior
1197 2000 1305 2058 ea,
1371 1978 1566 2065 quae”
1630 1977 1758 2066 leg.
1810 1978 1964 2057 „sed
2008 1980 2244 2061 etiam,
2289 1986 2347 2043 et
2390 1978 2600 2046 multo

240 2087 423 2151 maior
441 2135 460 2169 ,
521 2106 596 2152 ea
659 2084 890 2170 quae.”
936 2083 1034 2150 De
1078 2086 1118 2170 ξ
1164 2084 1287 2150 32:
1343 2092 1478 2168 „est
1524 2084 1679 2150 haee
1723 2104 1825 2150 res
1872 2085 2081 2168 posita
2096 2132 2115 2166 ,
2164 2104 2325 2169 quae
2369 2085 2450 2150 ab
2496 2085 2603 2151 ad-

241 2193 498 2257 versario
542 2211 667 2258 non
713 2197 989 2278 negatur
1003 2210 1020 2270 ς
1074 2188 1411 2257 Caecinam
1440 2227 1522 2241 —
1548 2189 1810 2277 pulsum
1855 2189 2380 2276 prohibitumque
2425 2191 2602 2257 esse”

241 2295 448 2362 dubito
491 2318 571 2364 an
618 2301 705 2363 sit
750 2296 1177 2383 supplendum
1229 2303 1335 2374 „in
1379 2303 1580 2379 aperto
1626 2298 1899 2381 posita'',
1946 2315 2097 2362 nam
2141 2295 2298 2363 faeti
2348 2296 2604 2364 demon-

242 2403 601 2470 strationem
645 2404 1010 2489 praemisit,
1052 2422 1170 2467 nee
1216 2423 1292 2468 eo
1339 2406 1484 2488 post
1527 2401 1716 2467 redit.

316 2613 357 2695 5
399 2609 458 2675 6.
538 2611 832 2696 „Moram
877 2613 947 2678 in
990 2614 1131 2679 iure
1170 2611 1444 2679 dicundo
1483 2633 1781 2698 quaerere
1812 2634 1982 2680 nune
2013 2614 2602 2700 reprehendendum

239 2715 485 2782 fortasse
553 2718 769 2784 minus
788 2767 806 2796 ,
880 2718 1273 2803 querendum
1343 2738 1492 2785 vero
1561 2721 1775 2807 magis
1840 2722 2038 2784 etiam
2107 2720 2365 2785 videtur
2380 2766 2396 2797 ,
2456 2720 2601 2786 ideo

240 2823 394 2907 quod
409 2872 425 2900 ,
492 2846 623 2887 oum
684 2826 901 2890 omnia
957 2824 1195 2891 iudicia
1253 2829 1366 2890 aut
1429 2823 1978 2891 distrahendarum
2028 2826 2602 2892 controversiarum

240 2934 342 2994 aut
396 2928 861 3015 puniendorum
923 2928 1388 2996 malefieiorum
1447 2949 1640 2996 eausa
1699 2936 1948 3015 reperta
1997 2930 2127 2995 sint
2171 2931 2343 3016 (libri
2388 2930 2561 3017 sunt)
2582 2977 2599 3007 ‚

240 3050 492 3116 quorum
554 3031 832 3099 alterum
895 3033 1106 3101 levius
1164 3044 1261 3100 est
1321 3043 1651 3121 propterea
1713 3034 1882 3120 quod
1929 3041 1994 3100 et
2039 3037 2251 3101 minus
2293 3035 2492 3101 laedit
2537 3041 2601 3101 et

238 3156 516 3224 persaepe
563 3137 984 3224 disceptatore
1028 3139 1374 3207 domestico
1420 3140 1841 3224 diiudicatur,
1889 3140 2162 3207 alterum
2211 3141 2362 3226 [est]
2414 3140 2603 3206 vehe-

238 3246 698 3311 mentissimum
718 3291 736 3322 ,
803 3245 970 3331 quod
1035 3253 1098 3311 et
1161 3246 1240 3311 ad
1285 3248 1612 3334 graviores
1659 3266 1757 3312 res
1803 3248 2080 3333 pertinet
2127 3258 2191 3312 et
2236 3266 2362 3313 non
2407 3251 2600 3313 hono-

238 3350 456 3416 rariam
515 3369 771 3434 operam
835 3353 1028 3417 amici
1087 3351 1198 3417 sed
1262 3355 1666 3419 severitatem
1715 3352 1947 3418 iudicis
1993 3371 2066 3418 ae
2112 3355 2250 3419 vim
2296 3353 2600 3437 requirit,

240 3454 386 3536 quod
449 3460 547 3521 est
606 3458 871 3540 gravius
929 3464 996 3522 et
1042 3460 1226 3522 euius
1272 3460 1361 3524 rei
1412 3460 1697 3524 maxime
1739 3458 1979 3523 iudicia
2023 3460 2371 3524 constituta
2415 3463 2564 3523 sunt
2581 3504 2597 3537 ,

239 3556 299 3623 id
336 3561 461 3625 iam
509 3556 685 3624 mala
728 3562 1184 3628 cousuetudine
1230 3562 1617 3630 dissolutum
1662 3563 1825 3630 est.”

315 3663 417 3732 Sie
475 3683 628 3733 eum
692 3663 1006 3732 Lambino
1053 3673 1118 3733 et
1162 3666 1367 3733 Bakio
1417 3666 1652 3753 (Schol.
1699 3666 1878 3754 Hyp.
1928 3665 2004 3732 V.
2056 3666 2207 3751 183,
2256 3669 2377 3753 sq.)
2422 3668 2600 3755 Kay-

237 3788 396 3837 serus
414 3818 431 3850 ‚
501 3774 879 3838 interserens
945 3796 1075 3838 oum
1092 3822 1109 3857 ‚
1175 3773 1511 3860 periodum
1558 3775 1893 3838 eonstituit
1910 3823 1929 3857 ,
1976 3776 2113 3839 sine
2168 3774 2364 3840 dubio
2407 3779 2595 3841 reete.

234 3872 479 3963 Reliqui
532 3878 683 3944 inde
729 3898 770 3944 a
810 3879 1021 3945 verbis
1066 3881 1226 3965 quod
1268 3890 1355 3943 est
1394 3878 1647 3960 pravius
1690 3898 1923 3944 novam
1970 3878 2302 3963 periodum
2347 3878 2601 3943 ordiun-

236 3986 348 4047 tur.
393 3982 519 4050 Sed
565 3986 645 4051 ab
690 3985 793 4050 his
837 3985 1049 4051 verbis
1087 3984 1377 4070 apodosia
1415 3985 1643 4068 incipit
1660 4031 1677 4066 ‚
1717 3983 2041 4071 iungenda
2077 4004 2226 4049 eum
2267 3984 2400 4047 ideo
2422 3985 2595 4068 quod.

237 4088 389 4154 Ante
424 4091 982 4156 vehementissimum
1024 4090 1453 4156 omittendum
1494 4096 1579 4153 est
1592 4108 1611 4167 3
1654 4089 1864 4155 tardat
1901 4091 2071 4155 enim
2106 4090 2598 4173 oppositionem:
2697 4114 2704 4123 ·

241 4192 543 4267 „alterum
590 4196 798 4263 levius
845 4202 942 4262 est
958 4245 978 4281 ‚
1014 4194 1289 4262 alterum
1328 4194 1950 4259 vehementissimum.'’
1995 4192 2171 4258 Illud
2207 4199 2602 4278 postremum

238 4300 605 4369 vocabulum
664 4305 775 4368 vix
833 4307 1005 4367 reete
1067 4322 1133 4366 se
1193 4301 1418 4386 habet3
1483 4299 1652 4384 quod
1708 4302 1792 4363 ad
1840 4305 2144 4382 pravior-ee
2197 4322 2293 4364 res
2341 4304 2604 4382 pertinet

242 4421 350 4469 non
418 4414 514 4474 est
584 4413 915 4495 propterea
984 4408 1540 4473 vehementissimum
1562 4451 1578 4484 ,
1640 4425 1848 4490 neque
1906 4407 2216 4493 oppositio
2276 4405 2449 4474 iusta
2492 4412 2607 4472 est.
