3192 5017
1189 291 1583 359 insomni.
2490 265 2577 354 85

283 475 685 547 Incommode
730 479 978 569 legitur
1022 477 1265 568 Agam.
1319 475 1445 546 57:

822 584 1060 657 ὕπατος
1109 584 1166 650 δ’
1217 586 1366 651 ἀΐων
1413 585 1447 661 ἦ
1496 609 1589 659 τις
1640 585 1970 653 Ἀπόλλων

823 694 858 771 ἢ
905 693 1047 760 Πὰν
1094 691 1128 768 ἢ
1177 694 1330 766 Ζεὺς
1380 690 1719 776 οἴωνόθροον

821 798 967 880 γόον
1011 796 1281 879 ὀξυβόαν
1324 798 1572 866 τῶνδε
1621 799 2026 878 μετοίκων
2089 845 2094 848 -

828 905 1202 990 ὖςερόποινον

827 1014 1066 1092 πέμπει
1114 1014 1482 1094 παραβᾶσιν
1530 1013 1792 1095 Ἐρινύν.

200 1120 429 1202 Quibus
497 1120 993 1189 difficultatibus
1057 1142 1131 1188 ea
1152 1121 1506 1209 {scriptura
1570 1125 1901 1207 prematur
1917 1168 1933 1199 ‚
1994 1123 2237 1208 optime
2301 1122 2581 1189 ostendit

195 1226 598 1307 Eumenius,
664 1228 774 1295 sed
836 1228 1005 1314 quod
1067 1229 1293 1294 scribit
1356 1227 1538 1293 τῶνδε
1603 1230 1747 1304 μετ’
1794 1227 2041 1307 οἴκτων,
2091 1249 2216 1294 non
2262 1249 2580 1316 concoquo

196 1355 309 1419 quo
362 1339 686 1422 pertineat
746 1337 1324 1402 demonstrativum
1382 1354 1728 1420 pronomen
1776 1334 1942 1420 quod
1990 1337 2059 1401 in
2107 1334 2224 1401 tali
2271 1338 2585 1402 sententia

194 1442 411 1507 misere
474 1440 769 1531 languet.
863 1441 1030 1521 Quia
1090 1447 1309 1507 autem
1373 1460 1580 1506 sermo
1643 1439 1718 1505 fit
1773 1439 1850 1507 de
1899 1439 2302 1527 vulturibus,
2352 1444 2585 1527 quibus

194 1545 341 1630 pulli
394 1551 566 1634 rapti
617 1553 803 1633 sunt,
850 1552 1002 1614 nata
1046 1548 1214 1611 mihi
1263 1549 1539 1633 suspicio
1584 1553 1683 1613 est
1729 1547 1850 1612 sub
1894 1550 2153 1614 nomine
2191 1548 2581 1635 adjectivum

193 1651 411 1733 latere,
489 1655 661 1742 quod
727 1656 794 1719 in
857 1692 941 1705 -—
993 1654 1206 1719 ιτόκων
1272 1654 1519 1720 desinat
1581 1659 1647 1720 et
1704 1654 2068 1743 intelligere
2113 1655 2279 1720 mihi
2328 1655 2576 1721 videor:

188 1758 317 1836 γόον
356 1759 638 1840 ὀξυβόαν
677 1767 795 1826 τῶν
842 1758 1350 1840 μαψιτόκων.
1402 1759 1660 1848 Exigua
1697 1762 1974 1826 mutatio
2009 1765 2126 1838 est,
2165 1781 2312 1826 nam
2353 1759 2579 1828 literae

187 1873 240 1930 Ψ
296 1873 361 1931 et
423 1876 486 1932 T
553 1867 729 1933 haud
786 1866 982 1932 semel
1047 1864 1525 1932 confunduntur
1589 1872 1656 1931 et
1703 1887 1817 1950 pro
1863 1872 1980 1931 τῶν
2024 1869 2405 1953 rescriptum
2451 1867 2580 1933 fuit

186 1972 392 2058 τῶνδε,
467 1995 553 2040 ne
623 1979 907 2039 metrum
976 1976 1218 2045 rueret,
1291 1976 1631 2057 postquam
1702 1972 2071 2049 μαψιτόκων
2140 1972 2208 2037 in
2278 1973 2577 2049 μετοίκων

187 2077 354 2144 abiit.
402 2080 824 2166 Adjectivum
874 2077 1041 2164 quod
1087 2078 1519 2163 reponendum
1569 2078 1732 2144 duco
1752 2128 1769 2162 ,
1819 2078 2118 2166 analogia
2164 2081 2321 2145 satis
2368 2079 2580 2145 defen-

188 2182 350 2250 ditur
414 2207 540 2252 nec
611 2185 960 2271 quidquam
1030 2183 1259 2262 refert,
1322 2187 1530 2250 sintne
1594 2184 1870 2250 vulturii
1931 2206 2242 2272 umquam
2304 2187 2383 2252 ab
2446 2184 2574 2252 alio

188 2297 361 2376 poeta
430 2292 776 2372 μαψιτόκοι
843 2292 998 2357 dicti
1059 2311 1176 2355 nec
1238 2311 1351 2368 ne;
1418 2293 1475 2357 si
1531 2293 1675 2376 quis
1722 2312 1871 2358 vero
1919 2292 1986 2357 id
2032 2298 2248 2369 curat,
2297 2295 2460 2359 scito
2505 2295 2574 2358 in

189 2395 672 2487 Epigrammata
714 2400 992 2486 quodam
1039 2398 1159 2464 hoc
1206 2398 1596 2485 adjectivum
1647 2399 1837 2465 hodie
1882 2399 2035 2488 legi.

269 2611 510 2699 Agam.
557 2608 727 2677 243:

1354 2714 1485 2780 ἐπεὶ
1536 2713 1845 2789 πολλάκις

733 2824 966 2904 πατρὸς
1014 2824 1161 2889 κατ’
1207 2821 1510 2905 ἀνδρῶνας
1554 2821 1966 2907 εὐτραπέζους

735 2928 765 2995 ἔ
779 2957 828 3007 μ
849 2955 879 2996 ε
896 2944 936 2994 λ
956 2937 1008 3010 ψ
1026 2954 1056 2995 ε
1075 2955 1124 2994 ν.

186 3033 511 3122 Ἔμελψεν
556 3039 852 3123 ineptum
900 3043 1025 3113 est,
1073 3056 1189 3101 nec
1237 3035 1583 3121 quidquam
1633 3035 1868 3102 sufficit
1915 3058 2136 3103 eorum
2155 3085 2171 3118 ,
2222 3059 2384 3125 quae
2445 3041 2575 3106 viri

197 3141 349 3209 docti
412 3144 819 3231 protulerunt
880 3143 961 3208 ad
1026 3162 1222 3230 grave
1268 3142 1577 3208 mendum
1625 3141 2002 3208 tollendum.
2099 3142 2408 3210 Omnium
2454 3147 2580 3211 mi-

196 3251 352 3317 nime
396 3251 834 3338 probandum,
883 3248 1050 3336 quod
1099 3247 1512 3314 Hermannus
1550 3248 1738 3314 valde
1769 3249 2113 3316 infeliciter
2147 3251 2577 3339 excogitavit:

198 3353 477 3440 ἔμιχθεν.
527 3357 866 3423 Karstenio
913 3357 1068 3421 satis
1114 3360 1249 3439 est,
1298 3354 1648 3421 dummodo
1692 3362 2033 3441 reponatur
2097 3355 2407 3434 ἕμὲλπε3’
2473 3356 2579 3425 vel

197 3462 533 3547 ἒμὲλψαθ’,
592 3463 702 3529 sed
763 3483 955 3528 nemo
1017 3460 1330 3549 intelligit
1352 3510 1370 3539 ,
1422 3460 1589 3527 unde
1635 3461 1872 3527 vitium
1925 3465 2238 3551 originem
2287 3464 2578 3549 duxerit,

196 3588 330 3634 nam
388 3569 585 3638 nihili
646 3589 902 3654 prorsus
963 3573 1061 3634 est
1081 3616 1099 3646 ,
1165 3567 1333 3652 quod
1379 3568 1447 3632 in
1495 3565 1728 3633 Codice
1774 3564 2260 3636 Guelferbitano
2307 3567 2577 3648 ἔμελθεν

198 3676 505 3742 scribitur.
553 3674 870 3761 Equidem
918 3675 1223 3739 coniicio:

456 3781 691 3861 ἔβαλλ’
740 3777 959 3849 ἕκαςον
1004 3781 1262 3861 θυτήρων
1308 3780 1424 3846 ἄπ’
1462 3778 1750 3858 ὄμματος
1797 3780 1975 3858 βέλει
2025 3781 2345 3866 φιλοίκτῳ,

451 3885 772 3968 πρέπουσα
818 3889 869 3953 θ’
917 3888 994 3959 ὡς
1044 3886 1103 3952 έν
1150 3892 1475 3973 γραφαῖς,
1523 3886 1942 3969 προσεννέπειν

456 3996 712 4071 θέλουσ’,
760 3993 893 4062 ἐπεὶ
944 3990 1255 4066 πολλάκις

458 4102 690 4183 πατρὸς
738 4103 882 4166 κατ’
928 4100 1231 4181 ἀνδρῶνας
1280 4098 1692 4184 εὐτραπέζους

460 4206 832 4285 ἓθελξεω

203 4311 363 4395 Quae
406 4322 573 4384 certe
619 4315 934 4401 scriptura
978 4316 1035 4381 si
1079 4315 1319 4383 tradita
1362 4315 1625 4402 fuisset,
1672 4337 1862 4385 nemo
1910 4316 1988 4384 de
2032 4319 2397 4387 sinceritate
2445 4318 2566 4390 lec·

204 4419 382 4490 tionis
424 4424 866 4492 dubitavisset.
