3192 5017
1209 324 1630 378 'rnucvmnsss
2481 308 2611 374 325

1067 672 1468 723 'muotmmzs
1512 672 1575 722 Ῑι.
1624 674 1762 721 VIII.

328 871 815 957 Nonnumquam
862 869 934 936 fit
980 883 1055 936 ut
1105 874 1224 936 viri
1265 875 1330 935 et
1368 872 1625 957 ingenio
1665 878 1729 935 et
1769 870 2055 936 doctrina
2083 871 2609 955 praestantissimi

251 976 342 1043 vel
399 977 800 1043 mediocriter
862 978 1063 1043 doctis
1123 978 1305 1042 triste
1363 975 1798 1061 spectaculum
1861 978 2229 1062 praebeant,
2285 997 2483 1059 quum
2536 975 2611 1040 dc

249 1086 747 1169 interpretatione
806 1083 1126 1160 locorum,
1177 1085 1287 1168 qui
1335 1082 1582 1147 nullam
1631 1084 2215 1168 interpretationem
2262 1083 2616 1148 admittunt

247 1191 536 1256 acerrime
599 1190 1053 1278 digladiantur.
1124 1189 1302 1270 Quod
1369 1191 1435 1252 in
1490 1187 1886 1275 Thucydidis
1954 1189 2025 1253 L.
2076 1187 2247 1254 VIII.
2295 1209 2432 1273 cap.
2490 1180 2613 1252 102

246 1298 512 1361 evenisse
574 1296 774 1361 video.
843 1296 1292 1372 Athenienses,
1357 1295 1465 1379 qui
1514 1298 1580 1358 in
1629 1303 1814 1380 portu
1862 1293 2030 1359 Sesti
2079 1302 2288 1372 erant,
2341 1294 2614 1374 ἔγνωσαν

243 1398 327 1467 ἔτι
371 1403 724 1467 ἐκπλέουσιν
770 1404 823 1468 οἱ
866 1403 1326 1476 Πελοποννήσιοι
1369 1402 1474 1486 (ab
1514 1403 1768 1489 Aegaeo
1808 1402 1943 1467 scil.
1988 1405 2050 1466 in
2094 1402 2614 1488 Hellespontum)

243 1508 337 1572 καὶ
398 1514 508 1581 τῆς
573 1511 767 1583 αὐτῆς
814 1508 1052 1583 ταύτης
1102 1507 1353 1591 νυκτός,
1399 1510 1473 1580 ὤς
1525 1504 1693 1588 εἶχον
1740 1507 2019 1592 τάχους,
2072 1507 2485 1584 ὑπομίξαντες
2534 1519 2610 1587 τῇ

244 1617 577 1696 Χερσονήσῳ
654 1613 1002 1695 παρέπλεον
1066 1615 1161 1679 ἐπ’
1222 1615 1644 1690 Ἐλαιοῦντος,
1709 1615 2071 1692 βουλόμενοι
2136 1616 2477 1681 ἐκπλεῦσαι
2550 1616 2609 1687 ἐς

221 1720 339 1794 ’τὴν
406 1722 780 1802 εὐρυχωρίαν
852 1723 1002 1793 τὰς
1073 1727 1216 1785 τῶν
1286 1722 1705 1796 πολεμίων
1777 1728 1961 1793 ναῦς
2037 1721 2142 1786 καὶ
2206 1723 2325 1792 τὰς
2387 1724 2500 1798 μὲν
2551 1722 2609 1785 ἓν

241 1824 480 1907 Ἀβύδῳ
529 1828 861 1893 ἑκκαίδεκα
897 1828 1118 1913 [ναῦς]
1171 1826 1382 1892 ἔλαθον
1425 1826 1850 1907 προειρημένης
1886 1834 2179 1906 φυλακῆς
2219 1831 2315 1908 τῷ
2345 1831 2548 1901 ,φιλί
2567 1854 2609 1906 ῳ

239 1933 266 1996 ἑ
281 1934 364 1997 πί
378 1948 580 2015 πλῳ,
629 1930 788 2004 ὅπως
838 1936 1037 1999 αὐτῶν
1086 1937 1326 2006 ἀνακῶς
1369 1930 1624 2017 ἕξουσιν,
1665 1933 1733 2008 ἢν
1773 1933 2145 1999 ἐκπλέωσιν·
2189 1936 2306 2006 τὰς
2349 1935 2413 2000 δὲ
2438 1935 2607 2011 μετὰ

237 2045 336 2105 τοῦ
400 2040 708 2121 Μινδάρου
759 2039 902 2118 ἅμα
951 2051 1028 2122 τῇ
1077 2039 1152 2122 ἕῳ
1200 2041 1553 2113 κατιδόντες
1606 2043 1713 2117 τὴν
1761 2038 1956 2117 δίωξιν
2004 2043 2177 2113 εὐθὺς
2226 2043 2607 2120 ποιούμενΟῙ

237 2147 298 2211 οὗ
343 2147 638 2225 φθάνουσι
685 2152 888 2212 πᾶσαι
937 2148 1066 2213 κτὲ.

320 2251 422 2319 Sic
469 2252 820 2319 Bekkerus.
868 2253 941 2319 In
987 2254 1088 2318 his
1134 2255 1494 2339 quaesitum
1544 2259 1640 2318 est
1687 2254 1842 2338 quid
1888 2259 2051 2319 esset
2097 2255 2181 2336 τῷ
2229 2255 2421 2336 φιλίῳ
2470 2257 2607 2321 ε’πί-

236 2373 366 2439 πλῳ
414 2364 479 2425 et
527 2359 695 2425 unde
741 2360 1042 2445 penderet
1089 2366 1153 2424 et
1197 2380 1322 2444 quo
1370 2360 1559 2425 modo
1610 2361 1945 2438 ποιούμενοι
1996 2361 2375 2446 capiendum
2417 2369 2600 2427 esset.

233 2462 348 2530 Sed
403 2486 519 2531 nec
565 2468 824 2531 nomina
872 2488 985 2532 nec
1030 2468 1374 2532 sententias
1419 2469 1840 2551 interpretum
1893 2467 2117 2532 referre
2162 2469 2362 2531 iuvat.
2438 2466 2603 2532 Illud

232 2573 642 2660 cogitandum
709 2578 805 2636 est
864 2593 989 2657 qua
1035 2572 1112 2637 de
1159 2557 1361 2637 causa*
1396 2573 1689 2659 Abydeni
1737 2574 1804 2636 τὸ
1854 2572 2269 2651 προειρημένον
2315 2572 2611 2660 neglexe-

230 2680 386 2762 rint,
436 2697 710 2762 quorum
759 2677 1038 2743 multum
1078 2678 1379 2743 intererat
1417 2688 1489 2741 ut
1529 2699 1758 2755 naves,
1802 2699 1960 2763 quae
2000 2679 2078 2743 ab
2119 2679 2381 2744 adverso
2421 2678 2607 2745 litore

226 2785 342 2850 sibi
440 2785 554 2851 diu
632 2783 1124 2860 imminuerant,
1192 2782 1485 2848 Mindaro
1538 2783 1839 2850 delendae
1900 2784 2312 2851 traderentur.
2385 2784 2607 2870 Itaque

230 2892 486 2978 ignavia
544 2889 650 2957 vel
715 2889 997 2956 socordia
1060 2911 1163 2955 eos
1227 2892 1582 2975 peccavisse
1643 2893 1755 2957 vix
1809 2897 1905 2957 est
1951 2890 2272 2956 credibile.
2367 2891 2604 2972 Quodsi

230 2998 579 3081 putandum
634 3003 731 3062 est
782 2997 1122 3082 Abydcnos
1177 2997 1427 3061 diutina
1481 2998 1921 3064 observatione
1976 3000 2365 3063 remissiores
2406 2998 2606 3064 factos

231 3123 422 3188 quum
485 3109 743 3188 repente
791 3103 1208 3167 Athenienses
1257 3124 1290 3166 e
1342 3110 1526 3188 portu
1575 3107 1966 3189 erupissent,
2017 3107 2364 3190 imparatos
2414 3106 2605 3170 fuisse

231 3210 302 3274 ad
349 3231 609 3275 cursum
660 3230 915 3282 eorum,
960 3212 1327 3294 pracsertim
1369 3214 1788 3295 nocturnum,
1824 3212 2260 3288 retinendum;
2309 3234 2421 3276 cur
2460 3233 2600 3277 eam

231 3335 477 3381 causam
545 3321 763 3380 auctor
824 3316 1098 3380 indicare
1148 3313 1473 3403 neglexit?
1521 3319 1744 3402 Atqui,
1799 3338 1836 3383 o
1884 3317 2072 3394 bone,
2125 3324 2339 3403 aperte
2390 3318 2597 3384 decla-

228 3424 409 3487 ravit.
473 3422 615 3487 Hoc
679 3421 848 3486 enim
912 3424 1195 3506 scripsit:
1262 3423 1379 3493 τὰς
1437 3423 1548 3499 μὲν
1596 3423 1657 3487 ἐν
1709 3421 1964 3499 Ἀβύδῳ
2011 3424 2342 3489 ἑκκαίδεκα
2393 3427 2596 3511 [ναῦς]

232 3524 435 3592 ἔλαθον
485 3528 572 3606 τῷ
621 3526 1004 3605 αἰφνιδίῳ
1053 3528 1295 3606 ἐπίπλῳ
1345 3528 1766 3609 προειρημένης
1816 3529 1944 3593 κτὲ.

316 3634 651 3700 Praeterea
710 3633 1147 3698 scribendum:
1212 3632 1574 3712 βουλόμενοι
1639 3635 1981 3702 ἐκπλεῦσαι
2047 3638 2106 3709 ἐς
2172 3642 2280 3715 την
2343 3641 2604 3722 εὖρυχω·

230 3741 388 3820 ρίαν·
456 3741 562 3806 καὶ
631 3741 743 3812 τὰς
808 3747 923 3805 τῶν
989 3741 1298 3816 πολεμίων
1360 3747 1508 3814 ναῦς
1570 3743 1735 3829 [καὶ]
1784 3744 1902 3814 τὰς
1949 3745 2062 3820 μὲν
2109 3746 2169 3809 ἐν
2218 3746 2463 3827 Ἀβύδῳ
2518 3786 2599 3796 -

230 3846 341 3918 τοὶς
400 3847 464 3912 δὲ
523 3847 696 3924 μετὰ
755 3852 861 3910 τοῦ
927 3845 1232 3923 Μινδάρου
1295 3844 1437 3926 ἅμα
1498 3858 1576 3932 τῇ
1639 3847 1714 3929 ἕῳ
1780 3849 2192 3935 [κατιδόντες]
2242 3855 2350 3928 τὴν
2398 3852 2594 3929 δίωξιν

230 3956 394 4027 εὐθὺς
443 3954 873 4034 ποιουμένΟΤ,
919 3956 983 4019 οὐ
1032 3955 1328 4036 φθάνουσι
1379 3957 1582 4021 πᾶσαι
1634 3957 1762 4021 κτὲ.

1902 4138 1971 4205 Ο.
2024 4139 2419 4209 ΒΑΒΗΑΜ.
