3192 5017
583 256 715 327 248
1664 268 1904 328 menno.

573 456 831 519 anctore
894 444 1217 514 convenit:
1285 450 1392 524 „et
1446 467 1596 514 vero
1643 448 1764 514 hoc
1811 449 2068 534 quidem
2115 451 2250 516 iam
2299 455 2484 518 vetus
2531 458 2599 518 et
2643 451 2940 518 maiorum

575 555 866 643 exemplo
912 553 1139 620 multis
1185 553 1253 618 in
1301 554 1489 620 rebus
1533 556 1850 620 usitatum
1868 603 1885 633 ,
1937 577 2084 621 cum
2133 556 2214 622 ad
2260 559 2400 623 vim
2449 557 2805 625 faciundam
2845 579 2949 625 ve·

572 666 849 744 niretur,
911 664 967 727 si
1026 682 1181 749 qnos
1228 666 1508 726 armatos
1554 663 1851 745 quamvis
1897 662 2120 747 procul
2165 666 2669 750 conspexissent,
2716 671 2788 730 nt
2829 670 2946 730 sta-

574 772 699 834 tim
772 767 1091 835 testificati
1161 767 1580 843 discederent,
1650 769 1894 852 optime
1964 771 2365 855 sponsionem
2437 770 2642 836 facere
2709 775 2945 855 pomnt

573 894 642 942 m
687 893 1019 943 Annaeus
1064 892 1348 941 nmc‘rtm
1392 890 1745 939 rasnroars
1790 891 1895 939 vrs
1939 891 2146 939 neu
2190 874 2449 942 nsss'rl’

665 982 801 1066 Vis,
825 983 1035 1067 inquit
1058 1002 1251 1067 supra
1273 982 1309 1065 ᾗ
1335 979 1422 1043 44
1446 1001 1605 1065 sqq„
1629 978 1767 1045 fieri
1791 986 2019 1067 potest,
2046 983 2299 1047 etiamsi
2324 982 2405 1047 ad
2426 1003 2710 1071 pugnam
2733 986 2796 1048 et
2817 1004 2947 1049 ver·

573 1089 725 1156 bera
761 1109 887 1155 non
925 1090 1213 1173 venitur3
1261 1087 1375 1151 ubi
1421 1100 1603 1152 metu
1650 1092 2039 1153 armatorum
2081 1091 2225 1173 quis
2264 1088 2440 1176 fugit
2459 1136 2476 1166 ,
2518 1110 2644 1154 non
2684 1091 2815 1155 inre
2847 1088 2950 1155 aed

574 1199 643 1263 vi
680 1217 781 1262 res
821 1195 1156 1273 deciditur,
1195 1194 1288 1259 ibi
1325 1194 1425 1258 vis
1462 1192 1631 1258 facta
1670 1193 1988 1279 quomodo
2026 1191 2408 1282 negabitur?
2455 1194 2601 1261 Hoc
2625 1198 2952 1261 tennerunt

575 1304 867 1368 maiores.
962 1300 1103 1366 Iam
1167 1301 1236 1364 in
1282 1299 1493 1366 verbis
1540 1319 1732 1384 supra
1776 1299 2112 1385 adscriptis
2156 1302 2422 1367 Auctori
2469 1304 2722 1387 propria
2762 1301 2951 1389 sig-ni·

576 1407 789 1475 ficatio
828 1407 1007 1473 verbi
1044 1406 1138 1470 vis
1174 1403 1542 1481 statuenda,
1577 1406 1763 1471 nobis
1802 1403 2078 1494 figurata
2110 1406 2390 1473 videtur.
2442 1405 2653 1474 Verba
2674 1405 2946 1482 laudata,

576 1515 658 1581 ab
719 1513 863 1580 aliis
926 1513 1113 1579 aliter
1173 1511 1509 1579 emendata
1572 1510 1965 1597 („discedere
2026 1517 2092 1578 et
2137 1513 2413 1599 optime”
2460 1513 2677 1592 Beier,
2726 1511 2948 1589 Halm,

585 1620 1016 1705 „discederent
1076 1640 1225 1685 cnm
1285 1618 1560 1704 optime”
1620 1617 1869 1706 Kayser
1886 1666 1904 1697 ,
1976 1620 2483 1705 „conspexissent
2532 1621 2755 1685 statim
2803 1624 2850 1683 t.
2892 1616 2950 1681 d.

579 1732 656 1792 ut
717 1724 995 1812 optime''
1056 1730 1169 1791 aut
1233 1729 1351 1803 „ut
1412 1725 1636 1790 statim
1693 1721 2017 1790 testificati
2082 1725 2191 1809 qni
2240 1725 2632 1792 discederent
2677 1723 2948 1810 optime’'

581 1832 959 1921 Kappeyne)
1011 1835 1101 1898 sic
1148 1830 1477 1897 scribenda
1521 1831 1856 1897 videntur:

674 1986 873 2006 .....
930 1939 1245 2005 usitatum
1262 1986 1281 2022 ,
1344 1957 1493 2003 cnm
1554 1937 1636 2002 ad
1694 1939 1829 2003 vim
1886 1936 2250 2003 faciundam
2302 1938 2623 2004 veniretur
2640 1987 2660 2023 ,
2707 1938 2765 2008 ei
2811 1956 2954 2023 qnos

581 2052 860 2112 armatos
922 2047 1217 2130 quamvis
1274 2044 1493 2131 procul
1540 2045 2009 2129 conspexissent
2024 2091 2041 2121 ,
2092 2051 2215 2108 tum
2258 2052 2325 2109 ue
2369 2045 2592 2110 statim
2640 2041 2954 2110 testificati

582 2152 1007 2229 discederent,
1072 2159 1139 2216 ut
1198 2153 1441 2237 optime
1501 2152 1903 2236 sponsionem
1963 2149 2169 2216 facere
2212 2157 2473 2236 possent
2516 2168 2585 2215 m
2631 2164 2953 2216 Annaeus

580 2276 866 2325 amorim
909 2274 1260 2324 Pauroms
1304 2274 1410 2323 vm
1454 2274 1662 2323 nom
1707 2272 1924 2322 neser.
1981 2259 2055 2342 ¹).

672 2364 747 2431 In
777 2366 881 2431 his
912 2367 1118 2453 igitur
1155 2361 1575 2429 testificantur
1606 2362 1891 2448 qnidam,
1917 2363 2026 2448 qui
2051 2364 2397 2429 necessario
2420 2385 2538 2427 non
2558 2369 2698 2427 em
2721 2361 2953 2433 amati,

581 2473 977 2559 conspexisse
1013 2493 1079 2537 se
1117 2475 1394 2537 armatos
1433 2476 1497 2537 et
1535 2470 1772 2535 abeunt
1807 2469 2106 2554 quoniam
2131 2468 2295 2535 ferro
2316 2490 2415 2535 res
2438 2469 2790 2545 deciditnr;
2815 2466 2954 2554 qnid

575 2574 769 2644 vero?
803 2579 860 2642 si
883 2578 1007 2663 ipsi
1046 2576 1126 2643 ad
1169 2579 1306 2642 vim
1356 2580 1643 2661 apertam
1665 2575 1830 2642 ferro
1853 2576 2122 2640 accincti
2148 2572 2564 2641 accederent?
2589 2574 2785 2641 nulla
2823 2582 2951 2640 tum

583 2681 1027 2750 testificatione
1073 2703 1231 2768 opus
1270 2686 1440 2760 erat;
1479 2701 1601 2747 non
1645 2684 1861 2748 venire
1900 2687 2160 2767 possunt
2184 2681 2265 2747 ad
2287 2684 2425 2748 vim
2452 2688 2771 2749 armatam
2797 2702 2957 2748 exer·

581 2790 844 2857 cendam
907 2795 972 2854 et
1016 2786 1216 2854 simul
1261 2788 1639 2854 adversariis
1684 2807 1864 2852 arma
1907 2787 2302 2872 exprobrare.
2349 2785 2621 2852 Venitur
2666 2788 2956 2872 utrinque

583 2896 663 2962 ad
723 2897 865 2961 vim
924 2916 1001 2960 ex
1057 2899 1374 2960 conventu
1420 2892 1803 2977 faciendam,
1853 2892 1933 2958 ad
1983 2893 2117 2958 vim
2165 2891 2349 2957 illam
2398 2891 2614 2958 fictam
2665 2899 2733 2958 et
2785 2892 2953 2979 quasi

583 3001 844 3068 civilem
871 3050 888 3078 ,
956 3020 1082 3085 qua
1141 3020 1307 3065 unus
1365 2997 1768 3086 litigantium
1831 2999 1911 3065 ab
1975 2996 2174 3064 altero
2231 3018 2309 3064 ex
2354 3019 2508 3086 agro
2526 3049 2543 3076 ,
2590 3001 2777 3065 cuius
2824 3018 2957 3065 con·

584 3111 866 3173 troversa
912 3112 1011 3192 est
1054 3106 1364 3191 possessio
1387 3154 1405 3190 ,
1453 3102 1798 3190 depellitur
1839 3103 1946 3170 vel
1990 3104 2326 3171 deducitur.
2422 3102 2626 3171 Gaius
2674 3103 2788 3171 IV.
2840 3101 2957 3172 170

582 3212 1035 3300 (Studemund)
1089 3216 1205 3290 „ut
1250 3212 1364 3296 qni
1409 3215 1618 3277 cetera
1661 3231 1740 3275 ex
1783 3210 2124 3276 interdicto
2169 3231 2294 3276 non
2340 3211 2565 3295 faciat,
2606 3210 2820 3278 veluti
2856 3210 2957 3296 qni

578 3319 715 3387 vim
780 3339 904 3385 non
963 3317 1212 3385 faciat.'’
1301 3317 1492 3385 Debet
1548 3316 1779 3403 aliquis
1824 3316 1961 3383 vim
2006 3315 2191 3382 illam
2242 3319 2470 3383 mitem
2517 3317 2746 3384 facere.
2843 3315 2955 3382 Sed

646 3645 701 3711 1)
752 3642 896 3709 Quod
947 3639 1105 3700 Beier,
1156 3638 1274 3689 olim
1323 3637 1524 3690 coniecit
1563 3653 1701 3703 pom
1749 3635 1941 3704 probari
1987 3640 2158 3704 posset,
2193 3637 2234 3688 si
2273 3637 2481 3705 „optime
2515 3636 2673 3689 «κᾶθ’
2707 3638 2950 3705 legeretur.

577 3727 637 3779 Ιιι
690 3724 877 3776 Halmii
930 3722 1133 3773 lectione
1171 3723 1342 3789 facere
1380 3736 1520 3786 poue
1567 3721 1745 3771 dicitur
1787 3721 2020 3771 usitatum
2069 3735 2181 3781 esse,
2217 3722 2344 3786 qnod
2377 3722 2550 3772 merito
2586 3722 2838 3773 offensioni
2869 3721 2953 3772 fuit

578 3810 674 3860 iam
727 3806 956 3865 Weiskio,
1007 3820 1148 3870 quem
1198 3804 1381 3854 Jordan
1415 3819 1511 3853 non
1547 3802 1803 3853 intellexit.
1876 3803 1994 3852 Vide
2026 3803 2128 3853 eins
2163 3803 2422 3854 editionem
2457 3820 2505 3869 p.
2543 3805 2656 3855 214.
2729 3806 2791 3854 Id
2823 3802 2952 3854 alteri

580 3908 767 3959 quoqne
819 3886 1090 3956 Kappeynii
1143 3885 1461 3936 emendationi
1513 3885 1654 3935 obiici
1706 3889 1879 3951 potest.
1961 3886 2021 3934 In
2070 3886 2235 3951 priore
2285 3891 2345 3935 ut
2395 3886 2520 3936 male
2573 3886 2832 3938 omittitur.
2899 3886 2951 3933 In

583 3973 786 4041 Kayseri
838 3970 1040 4021 lectione
1090 3969 1180 4018 hoc
1229 3968 1384 4018 solum
1433 3968 1647 4025 offendit,
1698 3968 1826 4032 qnod
1858 3972 1917 4017 ut
1950 3982 2006 4017 ex
2041 3967 2144 4017 loco
2176 3967 2555 4033 prominentiore
2589 3969 2791 4019 nimiam
2824 3967 2952 4019 hahet

582 4056 842 4124 emphasin.
919 4055 1033 4104 Dum
1067 4051 1166 4116 (tu)
1200 4051 1327 4101 inter
1363 4056 1386 4100 t
1419 4054 1469 4100 et
1504 4067 1550 4109 a,
1584 4056 1644 4100 ut
1677 4054 1785 4116 post
1818 4055 1878 4100 nt
1911 4050 2136 4100 facillime
2168 4051 2382 4100 excidere
2415 4055 2691 4117 potuerunt.
2739 4054 2952 4104 Ceterum

581 4145 638 4190 ut
671 4139 857 4205 saepius
890 4140 998 4204 post
1030 4150 1180 4201 panca
1211 4132 1440 4184 vocabula
1476 4132 1820 4198 significatione
1851 4133 2122 4199 praeditum
2153 4134 2340 4183 diversa
2373 4134 2624 4200 repetita,
2642 4136 2702 4187 cf.
2724 4132 2955 4185 Drakenb.

580 4223 640 4272 ad
687 4221 792 4272 Liv.
832 4220 872 4270 1.
911 4218 974 4270 17
1009 4220 1145 4277 extr.;
1183 4216 1288 4265 add.
1324 4215 1456 4265 xxl.
1496 4214 1573 4264 19.
1613 4214 1735 4266 Hor.
1771 4216 1869 4266 Sat.
1909 4216 1950 4266 Ι.
1987 4216 2032 4264 6.
2069 4215 2149 4266 80.
2197 4215 2361 4265 Instar
2393 4214 2457 4266 sit
2490 4217 2706 4268 omnium
2740 4218 2836 4268 Cic.
2870 4216 2952 4264 Or.

583 4308 631 4366 4,
686 4305 780 4355 14:
840 4303 968 4351 ..sine
1019 4297 1321 4366 philosophia
1368 4314 1464 4348 non
1513 4314 1648 4364 posse
1698 4298 1816 4348 effici
1834 4337 1848 4358 ,
1900 4313 2042 4362 quem
2075 4298 2371 4364 quaerimus,
2407 4315 2503 4351 non
2542 4308 2596 4351 nt
2627 4300 2680 4350 in
2715 4317 2770 4350 ee
2803 4304 2950 4350 tamen

582 4387 743 4441 omnia
774 4386 886 4444 sint,
922 4384 1002 4433 sed
1038 4385 1092 4432 nt
1127 4382 1193 4432 sic
1227 4381 1419 4431 adiuvet
1452 4383 1507 4431 ut
1540 4381 1778 4446 palaestra
1810 4379 2144 4430 histrionem.’'
