3192 5017
534 200 662 266 182
1573 214 1883 266 ostanus.

618 388 798 453 Tom.
862 386 973 452 ΙΙΙ.
1034 407 1179 474 pag.
1243 385 1410 457 ¹776:
1473 394 1589 452 τῶν
1655 388 1944 467 ὁσημέραι
1994 387 2373 469 Φαινομένων
2421 390 2907 468 ἀναμιμνήσκειν

525 519 595 558 σε
667 494 1060 581 πειράσομαι.
1137 499 1365 573 πρῶτον
1434 495 1548 571 μὲν
1617 502 1734 558 τῶν
1808 494 2101 576 γραφέων
2163 494 2266 559 καὶ
2336 494 2593 571 μάλισθ’
2657 494 2810 560 ὅταν
2855 496 2910 559 ἐν

526 608 779 670 λευκαῖς
845 600 1152 681 διφθέραις
1217 600 1542 679 γράφωσιν
1607 603 1684 672 ὥς
1750 600 2008 677 κάμνειν
2068 600 2283 685 ῥαδίως
2346 603 2548 666 αὐτῶν
2597 604 2707 675 την
2755 600 2910 680 ὄψιν.

524 706 864 792 Interpres:
920 707 986 768 in
1021 706 1243 789 primis
1274 708 1575 789 pictorum
1624 715 1680 771 ec
1718 708 2086 790 potissimum
2134 709 2368 791 quando
2417 709 2483 770 in
2530 708 2689 771 albic
2736 707 2912 772 coriis

508 814 796 898 pinqunc.
889 811 1152 878 Ridebis
1212 815 1483 897 pictores
1529 815 1596 877 in
1645 813 1808 879 albis
1856 816 2045 879 coriis
2092 815 2429 901 pingentes
2477 813 2589 879 sed
2637 820 2909 894 γραφεῖς

521 926 671 984 sunt
717 920 943 982 scribae
991 921 1100 1003 qui
1147 918 1342 983 libros
1386 922 1453 983 in
1503 924 1851 984 membranis
1896 920 2142 984 candidi
2187 921 2402 985 coloris
2446 919 2910 986 describebant.

615 1174 916 1240 Mirabile
978 1176 1155 1241 dictu
1217 1181 1312 1241 est
1373 1182 1610 1261 quanto
1673 1195 1859 1260 opere
1922 1175 2150 1241 Galeni
2200 1175 2493 1261 aequales
2543 1175 2911 1261 disciplinas

523 1282 787 1347 oderint.
886 1280 1115 1367 Saepe,
1178 1282 1388 1366 inquit
1452 1281 1636 1346 Tom.
1685 1280 1793 1345 ΙΙΙ.
1847 1302 1995 1368 pag.
2046 1280 2204 1356 837,
2253 1283 2399 1346 ἑκὼν
2448 1278 2606 1346 εἶναι
2657 1281 2911 1361 παρέλι-

524 1411 636 1453 πον
702 1387 1046 1466 ἀποδείξεις
1117 1388 1288 1458 τινάς
1359 1390 1392 1463 ἢ
1456 1388 1821 1464 άςρονομίας
1882 1388 1916 1462 ἢ
1978 1388 2363 1466 γεωμετρίας
2430 1388 2463 1463 ἢ
2529 1386 2910 1465 μουσικῆςῆ

523 1518 677 1563 τινος
730 1494 932 1568 ἄλλης
982 1495 1225 1575 θεωρίας
1274 1502 1529 1571 λογικῆς
1580 1489 1784 1567 ὅπως
1834 1495 1933 1571 μη
1980 1493 2364 1571 μισηθείη
2412 1495 2712 1566 τελέως
2769 1492 2910 1558 ὑπὸ

523 1608 672 1665 τῶν
735 1602 1028 1680 ἰατρῶν
1092 1602 1191 1664 τοὶ
1240 1600 1586 1677 βιβλία.
1639 1600 1743 1663 καὶ
1793 1600 1919 1680 γάρ
1968 1600 2036 1674 δὴ
2086 1602 2191 1664 καὶ
2243 1602 2387 1679 παρ’
2438 1596 2728 1664 ὅλον-τὸν
2780 1598 2914 1673 βίον

529 1705 846 1787 ἐπειράθην
909 1704 1296 1785 μυριάκις
1363 1729 1465 1783 μοι
1515 1705 1690 1769 τοῦδε
1738 1704 2098 1782 συμβάντος
2145 1709 2223 1777 ὡς
2273 1705 2455 1781 ήδέως
2506 1705 2914 1787 ἕντυγχάνον·

526 1812 627 1884 τές
678 1835 780 1889 μοι
830 1812 931 1877 διά
978 1836 1039 1876 τι
1086 1815 1204 1877 τῶν
1252 1811 1353 1877 ἐπὶ
1405 1819 1530 1879 τοῖς
1582 1812 1860 1891 άρρώςοις
1909 1810 2134 1890 ἔργων,
2185 1812 2245 1875 έν
2295 1806 2377 1884 οἷς
2428 1812 2664 1877 ἐδόκουν
2705 1813 2914 1880 αὐτοῖς

392 1922 445 1961 '⁷
525 1918 744 1993 ἱκανῶς
808 1917 1286 1997 γεγυμνάσθαι,
1350 1917 1602 1995 γνόντες
1666 1916 1870 1998 ῧςζερον
1933 1915 2025 1982 ὅτι
2072 1906 2187 1982 κάν
2237 1927 2360 1990 τοῖς
2410 1920 2751 1996 μαθήμασι
2801 1943 2912 1997 γε·

525 2028 901 2104 γύμνασμαι
952 2026 1305 2104 περιίςαντό
1352 2048 1421 2088 τε
1470 2024 1556 2087 τὰ
1605 2025 1814 2088 πολλοὶ
1865 2024 1968 2088 καὶ
2018 2026 2084 2089 οὐ
2130 2024 2292 2088 πάνυ
2340 2048 2402 2089 τι
2450 2028 2784 2105 χαίροντες
2828 2024 2912 2090 ἔτι

525 2135 973 2210 συνεγίγνοντο.
1072 2129 1219 2194 Nou
1302 2130 1624 2195 intellexit
1707 2133 2016 2215 interpres
2100 2130 2252 2215 quid
2323 2139 2492 2196 esset
2563 2134 2912 2211 περιίςαντο

524 2259 723 2324 quum
800 2242 1105 2302 verteret:
1176 2259 1347 2319 saepe
1414 2237 1562 2299 mihi
1622 2238 2013 2302 insultabant.
2078 2235 2482 2313 Περιίςασθαί
2543 2261 2683 2301 τινα
2747 2235 2911 2323 apud

524 2342 871 2409 Graeculos
930 2341 1282 2430 significat:
1348 2343 1540 2406 vitare
1593 2343 1847 2427 aliquem
1907 2346 2043 2408 sive
2089 2364 2457 2424 oonqressum
2504 2345 2763 2407 alicuius
2798 2346 2912 2430 fx-

516 2473 674 2532 qere.
724 2448 1146 2534 Subineptum
1200 2454 1335 2514 erat
1382 2449 1573 2514 verbo
1612 2450 1997 2529 περιίςασθσιι
2041 2448 2201 2514 hane
2242 2450 2566 2515 notionem
2609 2451 2909 2523 tribuere,

524 2556 691 2620 unde
729 2558 904 2620 ioous
942 2556 1009 2619 in
1048 2553 1314 2619 Luciani
1355 2554 1672 2618 Soloecista
1708 2575 1844 2640 eap.
1892 2555 1963 2618 5:
2014 2555 2282 2626 εἰπόντος
2329 2557 2486 2626 τινὸς
2530 2556 2913 2635 περιέςην

524 2660 803 2739 αὐτόν,
871 2660 1227 2739 θαυμαςόν,
1287 2660 1443 2741 ἔφη,
1496 2664 1545 2725 εἰ
1596 2656 1682 2734 εἷς
1733 2660 1808 2725 ὢν
1858 2661 2136 2741 περιέςης
2185 2661 2289 2726 τὸν
2337 2652 2641 2735 ἕνα,ἐθᾶ
2693 2671 2905 2728 tamen

526 2790 645 2834 usu
693 2774 1021 2853 receptum
1071 2774 1184 2832 est.

614 3007 792 3073 Tem.
845 3007 956 3072 III.
1005 3027 1152 3092 pag.
1204 3005 1335 3070 902
1386 3006 1843 3090 reprehendens
1890 3007 2253 3093 aequalium
2293 3011 2590 3076 inertiam
2637 3014 2747 3096 qui
2787 3012 2908 3077 toti

520 3116 590 3177 in
637 3113 913 3179 curando
959 3132 1212 3197 corpore
1262 3114 1461 3176 animi
1509 3112 1830 3178 culturam
1879 3114 2330 3200 negligebant,
2382 3120 2553 3198 σοφῷ
2603 3117 2764 3196 γάρ,
2819 3120 2908 3182 in·

521 3223 697 3305 quit,
746 3218 866 3301 ζῴῳ
916 3220 1018 3283 καὶ
1072 3222 1362 3299 πολιτικῷ
1410 3219 1694 3297 σώματος
1748 3221 2174 3298 ἐπιμελεῖσθαι
2223 3222 2310 3286 τοὶ
2353 3221 2572 3302 μέτριοι
2615 3232 2907 3303 προσῆκεν

520 3329 641 3408 οὐχ
710 3325 908 3405 ὥσπερ
980 3329 1081 3388 νῦν
1154 3324 1204 3389 οἱ
1276 3326 1493 3389 πολλοὶ
1553 3326 1744 3407 φίλου
1804 3326 1919 3403 μέν
1978 3349 2133 3397 τινος
2199 3326 2480 3404 δεομένου
2545 3328 2904 3409 συμπρᾶξαι

520 3435 758 3515 φάντες
823 3431 1140 3510 άσχολίαν
1189 3426 1339 3496 εἶναι
1391 3435 1605 3512 σφίσιν
1652 3432 2235 3512 άποδιδράσκουσιν,
2290 3434 2798 3516 ὑποχωρήσαντες
2846 3432 2906 3499 δέ

522 3564 621 3604 ποι
686 3538 1051 3602 πιττοῦνταί
1109 3560 1178 3601 τε
1242 3539 1347 3601 καὶ
1421 3562 1499 3601 κο
1518 3543 1860 3614 μοῦνται
1936 3539 2039 3603 καὶ
2107 3540 2558 3619 κατατρίβουσι
2627 3542 2729 3606 τὸν
2775 3540 2907 3619 βίον

522 3642 657 3710 ὅλον
704 3646 786 3716 εἶς
837 3643 945 3706 οὐκ
994 3644 1353 3720 άναγκαίαν
1402 3647 1508 3708 τοῦ
1556 3644 1842 3720 σώματος
1894 3645 2225 3724 ὑπηρεσίαν
2272 3646 2398 3711 οὐδ’
2451 3648 2501 3712 εἶ
2553 3648 2662 3722 τὴν
2710 3648 2904 3727 ἀρχὴν

525 3751 736 3834 ἔχουσι
787 3750 1061 3829 κρεῖττόν
1108 3772 1163 3812 τι
1216 3753 1321 3812 τοῦ
1371 3751 1658 3821 σώματος
1715 3750 2095 3827 ἕπιςάμενοι.

614 3857 740 3922 Pro
804 3861 1133 3930 κομοῦνται
1198 3855 1604 3920 scribendum
1653 3861 2075 3935 κομμοῦνται,
2124 3857 2192 3922 id
2241 3864 2337 3924 est
2384 3856 2710 3940 περιέργως
2761 3873 2906 3923 καλ·

524 3962 927 4045 λωπίζονται,
1001 3962 1166 4027 unde
1234 3964 1594 4042 κομμώτρια
1668 3963 1837 4048 apud
1909 3972 2153 4030 veteres
2225 3970 2291 4030 et
2353 3966 2683 4043 κομμωτής
2744 3966 2906 4052 apud

525 4069 870 4137 Graeculos
916 4074 1138 4133 natum
1189 4074 1299 4133 est.
1399 4067 1469 4132 In
1519 4069 1622 4133 his
1668 4069 1963 4134 omnibus
2010 4091 2195 4155 saepe
2239 4070 2486 4136 librarii
2529 4071 2801 4137 alterum
2840 4079 2904 4137 M

527 4179 758 4243 vitiose
806 4177 1137 4240 omittunt.
