<?xml version="1.0" encoding="UTF-8"?>
<!DOCTYPE html PUBLIC "-//W3C//DTD XHTML 1.0 Transitional//EN"
    "http://www.w3.org/TR/xhtml1/DTD/xhtml1-transitional.dtd">
<html xmlns="http://www.w3.org/1999/xhtml" xml:lang="en" lang="en">
 <head>
  <title>
</title>
<meta http-equiv="Content-Type" content="text/html;charset=utf-8" />
  <meta name='ocr-system' content='tesseract 3.04.00' />
  <meta name='ocr-capabilities' content='ocr_page ocr_carea ocr_par ocr_line ocrx_word'/>
</head>
<body>
  <div class='ocr_page' id='page_1' title='image "./mnemosynebiblio14servgoog_0608.png"; bbox 0 0 3192 5017; ppageno 0'>
   <div class='ocr_carea' id='block_1_1' title="bbox 569 256 1956 325">
    <p class='ocr_par' dir='ltr' id='par_1_1' title="bbox 569 256 1956 325">
     <span class='ocr_line' id='line_1_1' title="bbox 569 256 1956 325; baseline 0.001 -4"><span class='ocrx_word' id='word_1_1' title='bbox 569 256 699 322; x_wconf 79' lang='lat'><strong>152</strong></span> <span class='ocrx_word' id='word_1_2' title='bbox 1590 275 1956 325; x_wconf 70' lang='lat' dir='ltr'><strong>nummum.</strong></span> 
     </span>
    </p>
   </div>
   <div class='ocr_carea' id='block_1_2' title="bbox 559 444 2953 2763">
    <p class='ocr_par' dir='ltr' id='par_1_2' title="bbox 1287 444 2243 635">
     <span class='ocr_line' id='line_1_2' title="bbox 1291 444 2003 527; baseline 0 -17"><span class='ocrx_word' id='word_1_3' title='bbox 1291 444 1670 527; x_wconf 73' lang='grc' dir='ltr'><strong><em>γηροβοσκὸν</em></strong></span> <span class='ocrx_word' id='word_1_4' title='bbox 1721 448 1828 511; x_wconf 79' lang='grc' dir='ltr'><strong>οὐκ</strong></span> <span class='ocrx_word' id='word_1_5' title='bbox 1874 445 2003 526; x_wconf 78' lang='grc' dir='ltr'><strong>ἔχω</strong></span> 
     </span>
     <span class='ocr_line' id='line_1_3' title="bbox 1287 551 2243 635; baseline 0 -18"><span class='ocrx_word' id='word_1_6' title='bbox 1287 554 1530 617; x_wconf 62' lang='lat' dir='ltr'><strong>renoba·</strong></span> <span class='ocrx_word' id='word_1_7' title='bbox 1578 552 1625 617; x_wconf 68' lang='lat' dir='ltr'><strong>d</strong></span> <span class='ocrx_word' id='word_1_8' title='bbox 1670 551 1946 618; x_wconf 72' lang='grc' dir='ltr'><strong><em>τάλαινα</em></strong></span> <span class='ocrx_word' id='word_1_9' title='bbox 1993 553 2243 635; x_wconf 58' lang='grc' dir='ltr'><strong><em>παῖδα,</em></strong></span> 
     </span>
    </p>

    <p class='ocr_par' dir='ltr' id='par_1_3' title="bbox 559 656 2934 832">
     <span class='ocr_line' id='line_1_4' title="bbox 559 656 2934 746; baseline -0.003 -21"><span class='ocrx_word' id='word_1_10' title='bbox 559 680 706 725; x_wconf 91' lang='lat' dir='ltr'><strong>cum</strong></span> <span class='ocrx_word' id='word_1_11' title='bbox 765 660 1138 746; x_wconf 84' lang='lat' dir='ltr'><strong>praesertim</strong></span> <span class='ocrx_word' id='word_1_12' title='bbox 1201 680 1402 724; x_wconf 91' lang='lat' dir='ltr'><strong>unum</strong></span> <span class='ocrx_word' id='word_1_13' title='bbox 1451 656 1661 724; x_wconf 87' lang='lat' dir='ltr'><strong>filium</strong></span> <span class='ocrx_word' id='word_1_14' title='bbox 1687 708 1702 735; x_wconf 91' lang='lat'><em>,</em></span> <span class='ocrx_word' id='word_1_15' title='bbox 1755 657 2142 744; x_wconf 79' lang='lat' dir='ltr'><strong>Oedipodem</strong></span> <span class='ocrx_word' id='word_1_16' title='bbox 2163 707 2180 737; x_wconf 87' lang='lat'>‚</span> <span class='ocrx_word' id='word_1_17' title='bbox 2231 660 2635 743; x_wconf 76' lang='lat' dir='ltr'><strong>superstitem</strong></span> <span class='ocrx_word' id='word_1_18' title='bbox 2685 658 2934 725; x_wconf 85' lang='lat' dir='ltr'><strong>haberet</strong></span> 
     </span>
     <span class='ocr_line' id='line_1_5' title="bbox 563 761 2206 832; baseline -0.001 -1"><span class='ocrx_word' id='word_1_19' title='bbox 563 773 629 831; x_wconf 89' lang='lat' dir='ltr'><strong>et</strong></span> <span class='ocrx_word' id='word_1_20' title='bbox 674 766 831 832; x_wconf 88' lang='lat' dir='ltr'><strong>duas</strong></span> <span class='ocrx_word' id='word_1_21' title='bbox 876 761 1082 831; x_wconf 80' lang='lat' dir='ltr'><strong>filias?</strong></span> <span class='ocrx_word' id='word_1_22' title='bbox 1129 764 1495 830; x_wconf 82' lang='lat' dir='ltr'><strong>Eandemne</strong></span> <span class='ocrx_word' id='word_1_23' title='bbox 1542 765 1846 830; x_wconf 90' lang='lat' dir='ltr'><strong>audimus</strong></span> <span class='ocrx_word' id='word_1_24' title='bbox 1895 787 1986 831; x_wconf 86' lang='lat' dir='ltr'><strong>vs.</strong></span> <span class='ocrx_word' id='word_1_25' title='bbox 2040 765 2206 830; x_wconf 83' lang='lat'><strong>955:</strong></span> 
     </span>
    </p>

    <p class='ocr_par' dir='ltr' id='par_1_4' title="bbox 1107 870 2064 956">
     <span class='ocr_line' id='line_1_6' title="bbox 1107 870 2064 956; baseline 0.001 -20"><span class='ocrx_word' id='word_1_26' title='bbox 1107 872 1309 937; x_wconf 81' lang='grc' dir='ltr'><strong><em>οὐκέτ’</em></strong></span> <span class='ocrx_word' id='word_1_27' title='bbox 1356 870 1674 956; x_wconf 81' lang='grc' dir='ltr'><strong><em>εὔτεκνος,</em></strong></span> <span class='ocrx_word' id='word_1_28' title='bbox 1723 872 1921 937; x_wconf 80' lang='grc' dir='ltr'><strong><em>οὐκέτ’</em></strong></span> <span class='ocrx_word' id='word_1_29' title='bbox 1968 872 2064 938; x_wconf 79' lang='grc' dir='ltr'><strong>εὖ·</strong></span> 
     </span>
    </p>

    <p class='ocr_par' dir='ltr' id='par_1_5' title="bbox 1114 977 2020 1063">
     <span class='ocr_line' id='line_1_7' title="bbox 1114 977 2020 1063; baseline 0 -20"><span class='ocrx_word' id='word_1_30' title='bbox 1114 1001 1298 1063; x_wconf 75' lang='grc' dir='ltr'><strong><em>παις,</em></strong></span> <span class='ocrx_word' id='word_1_31' title='bbox 1346 979 1469 1044; x_wconf 77' lang='grc' dir='ltr'><strong><em>οὐδ’</em></strong></span> <span class='ocrx_word' id='word_1_32' title='bbox 1516 980 1821 1060; x_wconf 79' lang='grc' dir='ltr'><strong>εὐτυχίας</strong></span> <span class='ocrx_word' id='word_1_33' title='bbox 1868 977 2020 1057; x_wconf 81' lang='grc' dir='ltr'><strong><em>μέτ-</em></strong></span> 
     </span>
    </p>

    <p class='ocr_par' dir='ltr' id='par_1_6' title="bbox 564 1085 2945 1383">
     <span class='ocr_line' id='line_1_8' title="bbox 1110 1085 2332 1165; baseline 0 -15"><span class='ocrx_word' id='word_1_34' title='bbox 1110 1086 1239 1154; x_wconf 74' lang='grc' dir='ltr'><strong>εςίν</strong></span> <span class='ocrx_word' id='word_1_35' title='bbox 1285 1108 1390 1163; x_wconf 89' lang='grc' dir='ltr'><strong>μοι</strong></span> <span class='ocrx_word' id='word_1_36' title='bbox 1439 1086 1803 1165; x_wconf 77' lang='grc' dir='ltr'><strong><em>κουροτόκοις</em></strong></span> <span class='ocrx_word' id='word_1_37' title='bbox 1856 1086 1916 1150; x_wconf 82' lang='grc' dir='ltr'><strong>ἐν</strong></span> <span class='ocrx_word' id='word_1_38' title='bbox 1965 1085 2332 1165; x_wconf 73' lang='grc' dir='ltr'><strong><em>’ΛργεΙαις.,</em></strong></span> 
     </span>
     <span class='ocr_line' id='line_1_9' title="bbox 564 1187 2945 1279; baseline -0.002 -20"><span class='ocrx_word' id='word_1_39' title='bbox 564 1212 728 1279; x_wconf 90' lang='lat' dir='ltr'><strong>quae</strong></span> <span class='ocrx_word' id='word_1_40' title='bbox 772 1212 975 1277; x_wconf 89' lang='lat' dir='ltr'><strong>neque</strong></span> <span class='ocrx_word' id='word_1_41' title='bbox 1020 1190 1299 1263; x_wconf 75' lang='grc' dir='ltr'><strong><em>εὔτεκνος</em></strong></span> <span class='ocrx_word' id='word_1_42' title='bbox 1348 1212 1659 1276; x_wconf 90' lang='lat' dir='ltr'><strong>umquam</strong></span> <span class='ocrx_word' id='word_1_43' title='bbox 1705 1193 1865 1276; x_wconf 85' lang='lat' dir='ltr'><strong>fuit,</strong></span> <span class='ocrx_word' id='word_1_44' title='bbox 1908 1213 2110 1277; x_wconf 90' lang='lat' dir='ltr'><strong>neque</strong></span> <span class='ocrx_word' id='word_1_45' title='bbox 2151 1187 2461 1271; x_wconf 69' lang='grc' dir='ltr'><strong><em>Ἀργείαῖ</em></strong></span> <span class='ocrx_word' id='word_1_46' title='bbox 2499 1191 2792 1276; x_wconf 88' lang='lat' dir='ltr'><strong>Denique</strong></span> <span class='ocrx_word' id='word_1_47' title='bbox 2833 1210 2945 1255; x_wconf 87' lang='lat' dir='ltr'><strong>non</strong></span> 
     </span>
     <span class='ocr_line' id='line_1_10' title="bbox 565 1297 2698 1383; baseline 0 -19"><span class='ocrx_word' id='word_1_48' title='bbox 565 1298 876 1364; x_wconf 89' lang='lat' dir='ltr'><strong>Iocastam</strong></span> <span class='ocrx_word' id='word_1_49' title='bbox 925 1299 1148 1376; x_wconf 86' lang='lat' dir='ltr'><strong>audio,</strong></span> <span class='ocrx_word' id='word_1_50' title='bbox 1199 1298 1307 1363; x_wconf 90' lang='lat' dir='ltr'><strong>sed</strong></span> <span class='ocrx_word' id='word_1_51' title='bbox 1355 1297 1653 1383; x_wconf 81' lang='lat' dir='ltr'><strong>quamvis</strong></span> <span class='ocrx_word' id='word_1_52' title='bbox 1699 1297 1896 1363; x_wconf 88' lang='lat' dir='ltr'><strong>aliam</strong></span> <span class='ocrx_word' id='word_1_53' title='bbox 1945 1297 2283 1363; x_wconf 89' lang='lat' dir='ltr'><strong>mulierem</strong></span> <span class='ocrx_word' id='word_1_54' title='bbox 2331 1319 2425 1363; x_wconf 83' lang='lat' dir='ltr'><strong>vs.</strong></span> <span class='ocrx_word' id='word_1_55' title='bbox 2481 1297 2698 1365; x_wconf 77' lang='lat'>1120:</span> 
     </span>
    </p>

    <p class='ocr_par' dir='ltr' id='par_1_7' title="bbox 1111 1401 2373 1484">
     <span class='ocr_line' id='line_1_11' title="bbox 1111 1401 2373 1484; baseline -0.002 -15"><span class='ocrx_word' id='word_1_56' title='bbox 1111 1404 1176 1469; x_wconf 85' lang='grc' dir='ltr'><strong>τΙ</strong></span> <span class='ocrx_word' id='word_1_57' title='bbox 1220 1403 1346 1484; x_wconf 67' lang='grc' dir='ltr'><strong>γὰρ</strong></span> <span class='ocrx_word' id='word_1_58' title='bbox 1394 1403 1472 1468; x_wconf 72' lang='grc' dir='ltr'><strong>ἂν</strong></span> <span class='ocrx_word' id='word_1_59' title='bbox 1515 1403 1723 1483; x_wconf 81' lang='grc' dir='ltr'><strong><em>μεῖζον</em></strong></span> <span class='ocrx_word' id='word_1_60' title='bbox 1769 1404 1937 1469; x_wconf 74' lang='grc' dir='ltr'><strong><em>τοῦδ’</em></strong></span> <span class='ocrx_word' id='word_1_61' title='bbox 1982 1403 2070 1469; x_wconf 83' lang='grc' dir='ltr'><strong>ἔτι</strong></span> <span class='ocrx_word' id='word_1_62' title='bbox 2120 1401 2373 1475; x_wconf 82' lang='grc' dir='ltr'><strong><em>θνατοῖς</em></strong></span> 
     </span>
    </p>

    <p class='ocr_par' dir='ltr' id='par_1_8' title="bbox 1111 1506 1631 1590">
     <span class='ocr_line' id='line_1_12' title="bbox 1111 1506 1631 1590; baseline 0.002 -16"><span class='ocrx_word' id='word_1_63' title='bbox 1111 1506 1317 1582; x_wconf 71' lang='grc' dir='ltr'><strong><em>πάθος</em></strong></span> <span class='ocrx_word' id='word_1_64' title='bbox 1375 1507 1631 1590; x_wconf 72' lang='grc' dir='ltr'><strong>ἐξεύροις</strong></span> 
     </span>
    </p>

    <p class='ocr_par' dir='ltr' id='par_1_9' title="bbox 560 1613 2953 2763">
     <span class='ocr_line' id='line_1_13' title="bbox 1110 1613 2083 1702; baseline -0.001 -21"><span class='ocrx_word' id='word_1_65' title='bbox 1110 1617 1144 1690; x_wconf 75' lang='grc' dir='ltr'>ἣ</span> <span class='ocrx_word' id='word_1_66' title='bbox 1192 1617 1382 1681; x_wconf 81' lang='grc' dir='ltr'><strong><em>τέκνα</em></strong></span> <span class='ocrx_word' id='word_1_67' title='bbox 1429 1613 1683 1682; x_wconf 79' lang='grc' dir='ltr'><strong><em>θανόντ’</em></strong></span> <span class='ocrx_word' id='word_1_68' title='bbox 1732 1614 2083 1702; x_wconf 71' lang='grc' dir='ltr'><strong><em>ἐσιδέσθαις</em></strong></span> 
     </span>
     <span class='ocr_line' id='line_1_14' title="bbox 565 1720 2952 1808; baseline 0 -18"><span class='ocrx_word' id='word_1_69' title='bbox 565 1723 719 1790; x_wconf 79' lang='lat' dir='ltr'><strong>Fuit</strong></span> <span class='ocrx_word' id='word_1_70' title='bbox 779 1729 999 1788; x_wconf 87' lang='lat' dir='ltr'><strong>autem</strong></span> <span class='ocrx_word' id='word_1_71' title='bbox 1061 1720 1305 1789; x_wconf 75' lang='lat' dir='ltr'><strong>Iocasta</strong></span> <span class='ocrx_word' id='word_1_72' title='bbox 1360 1720 1694 1800; x_wconf 80' lang='lat' dir='ltr'><strong>Thebana,</strong></span> <span class='ocrx_word' id='word_1_73' title='bbox 1744 1725 1986 1808; x_wconf 87' lang='lat' dir='ltr'>opinor,</span> <span class='ocrx_word' id='word_1_74' title='bbox 2038 1723 2147 1788; x_wconf 89' lang='lat' dir='ltr'><strong>sed</strong></span> <span class='ocrx_word' id='word_1_75' title='bbox 2193 1722 2495 1789; x_wconf 87' lang='lat' dir='ltr'><strong>mulieres</strong></span> <span class='ocrx_word' id='word_1_76' title='bbox 2541 1723 2695 1791; x_wconf 89' lang='lat' dir='ltr'><strong>illae</strong></span> <span class='ocrx_word' id='word_1_77' title='bbox 2743 1744 2952 1791; x_wconf 83' lang='lat' dir='ltr'><strong>omnes</strong></span> 
     </span>
     <span class='ocr_line' id='line_1_15' title="bbox 563 1827 2950 1918; baseline -0 -22"><span class='ocrx_word' id='word_1_78' title='bbox 563 1832 845 1918; x_wconf 84' lang='lat' dir='ltr'><strong>Argivae</strong></span> <span class='ocrx_word' id='word_1_79' title='bbox 915 1834 1098 1912; x_wconf 86' lang='lat' dir='ltr'><strong>sunt,</strong></span> <span class='ocrx_word' id='word_1_80' title='bbox 1169 1828 1264 1894; x_wconf 84' lang='lat' dir='ltr'><strong>cff.</strong></span> <span class='ocrx_word' id='word_1_81' title='bbox 1329 1849 1457 1895; x_wconf 82' lang='lat' dir='ltr'><strong>vss.</strong></span> <span class='ocrx_word' id='word_1_82' title='bbox 1520 1827 1583 1914; x_wconf 90' lang='lat'><strong>9,</strong></span> <span class='ocrx_word' id='word_1_83' title='bbox 1655 1827 1808 1904; x_wconf 75' lang='lat'><strong>126,</strong></span> <span class='ocrx_word' id='word_1_84' title='bbox 1875 1829 2032 1903; x_wconf 79' lang='lat'><strong>263.</strong></span> <span class='ocrx_word' id='word_1_85' title='bbox 2098 1827 2252 1913; x_wconf 83' lang='lat'><strong>365,</strong></span> <span class='ocrx_word' id='word_1_86' title='bbox 2320 1829 2493 1916; x_wconf 76' lang='lat'><strong>8913</strong></span> <span class='ocrx_word' id='word_1_87' title='bbox 2541 1832 2710 1897; x_wconf 89' lang='lat' dir='ltr'><strong>unde</strong></span> <span class='ocrx_word' id='word_1_88' title='bbox 2757 1831 2950 1897; x_wconf 86' lang='lat' dir='ltr'><strong>efficio</strong></span> 
     </span>
     <span class='ocr_line' id='line_1_16' title="bbox 572 1932 2951 2021; baseline -0 -21"><span class='ocrx_word' id='word_1_89' title='bbox 572 1936 828 2021; x_wconf 74' lang='lat' dir='ltr'><strong>quinque</strong></span> <span class='ocrx_word' id='word_1_90' title='bbox 887 1940 1126 2000; x_wconf 89' lang='lat' dir='ltr'><strong>matres</strong></span> <span class='ocrx_word' id='word_1_91' title='bbox 1186 1934 1437 2011; x_wconf 79' lang='lat' dir='ltr'><strong>adesse,</strong></span> <span class='ocrx_word' id='word_1_92' title='bbox 1502 1937 1694 1999; x_wconf 82' lang='lat' dir='ltr'><strong>sicuti</strong></span> <span class='ocrx_word' id='word_1_93' title='bbox 1755 1933 2086 2018; x_wconf 76' lang='lat' dir='ltr'><strong>sepultura</strong></span> <span class='ocrx_word' id='word_1_94' title='bbox 2131 1932 2205 1998; x_wconf 80' lang='lat' dir='ltr'><strong>fit</strong></span> <span class='ocrx_word' id='word_1_95' title='bbox 2251 1941 2506 2020; x_wconf 76' lang='lat' dir='ltr'><strong>quinque</strong></span> <span class='ocrx_word' id='word_1_96' title='bbox 2550 1937 2951 2004; x_wconf 87' lang='lat' dir='ltr'><strong>cadaverum.</strong></span> 
     </span>
     <span class='ocr_line' id='line_1_17' title="bbox 571 2041 2951 2129; baseline -0 -21"><span class='ocrx_word' id='word_1_97' title='bbox 571 2042 801 2108; x_wconf 80' lang='lat' dir='ltr'><strong>Itidem</strong></span> <span class='ocrx_word' id='word_1_98' title='bbox 852 2048 1004 2107; x_wconf 90' lang='lat' dir='ltr'><strong>sunt</strong></span> <span class='ocrx_word' id='word_1_99' title='bbox 1052 2041 1307 2126; x_wconf 74' lang='lat' dir='ltr'><strong>quinque</strong></span> <span class='ocrx_word' id='word_1_100' title='bbox 1352 2043 1572 2125; x_wconf 87' lang='lat' dir='ltr'><strong>pueri,</strong></span> <span class='ocrx_word' id='word_1_101' title='bbox 1625 2060 1897 2124; x_wconf 89' lang='lat' dir='ltr'><strong>quorum</strong></span> <span class='ocrx_word' id='word_1_102' title='bbox 1946 2062 2177 2128; x_wconf 83' lang='lat' dir='ltr'><strong>agmen</strong></span> <span class='ocrx_word' id='word_1_103' title='bbox 2228 2041 2406 2107; x_wconf 88' lang='lat' dir='ltr'><strong>ducit</strong></span> <span class='ocrx_word' id='word_1_104' title='bbox 2445 2043 2794 2129; x_wconf 90' lang='lat' dir='ltr'><strong>Aegialeus</strong></span> <span class='ocrx_word' id='word_1_105' title='bbox 2834 2042 2951 2109; x_wconf 86' lang='lat' dir='ltr'><strong>Ad·</strong></span> 
     </span>
     <span class='ocr_line' id='line_1_18' title="bbox 564 2144 2952 2233; baseline -0 -19"><span class='ocrx_word' id='word_1_106' title='bbox 564 2151 720 2214; x_wconf 90' lang='lat' dir='ltr'><strong>rasti</strong></span> <span class='ocrx_word' id='word_1_107' title='bbox 784 2148 955 2213; x_wconf 84' lang='lat' dir='ltr'><strong>filius</strong></span> <span class='ocrx_word' id='word_1_108' title='bbox 1004 2168 1096 2214; x_wconf 86' lang='lat' dir='ltr'><strong>vs.</strong></span> <span class='ocrx_word' id='word_1_109' title='bbox 1150 2144 1347 2211; x_wconf 81' lang='lat'>1216.</span> <span class='ocrx_word' id='word_1_110' title='bbox 1395 2147 1587 2211; x_wconf 85' lang='lat' dir='ltr'><strong>sicuti</strong></span> <span class='ocrx_word' id='word_1_111' title='bbox 1633 2153 1814 2230; x_wconf 82' lang='lat' dir='ltr'><strong>pater</strong></span> <span class='ocrx_word' id='word_1_112' title='bbox 1859 2148 1995 2231; x_wconf 89' lang='lat' dir='ltr'><strong>ipse</strong></span> <span class='ocrx_word' id='word_1_113' title='bbox 2043 2149 2321 2233; x_wconf 86' lang='lat' dir='ltr'><strong>quinque</strong></span> <span class='ocrx_word' id='word_1_114' title='bbox 2369 2154 2607 2213; x_wconf 86' lang='lat' dir='ltr'><strong>matres</strong></span> <span class='ocrx_word' id='word_1_115' title='bbox 2652 2148 2952 2215; x_wconf 85' lang='lat' dir='ltr'><strong>Eleusina</strong></span> 
     </span>
     <span class='ocr_line' id='line_1_19' title="bbox 560 2252 2952 2339; baseline -0 -19"><span class='ocrx_word' id='word_1_116' title='bbox 560 2254 904 2321; x_wconf 81' lang='lat' dir='ltr'><strong>comitatus</strong></span> <span class='ocrx_word' id='word_1_117' title='bbox 961 2260 1080 2320; x_wconf 87' lang='lat' dir='ltr'><strong>est.</strong></span> <span class='ocrx_word' id='word_1_118' title='bbox 1172 2252 1266 2317; x_wconf 88' lang='lat' dir='ltr'><strong>Ut</strong></span> <span class='ocrx_word' id='word_1_119' title='bbox 1313 2252 1681 2336; x_wconf 90' lang='lat' dir='ltr'><strong>quindecim</strong></span> <span class='ocrx_word' id='word_1_120' title='bbox 1728 2253 2176 2318; x_wconf 79' lang='lat' dir='ltr'><strong>choreutarum</strong></span> <span class='ocrx_word' id='word_1_121' title='bbox 2225 2275 2531 2320; x_wconf 87' lang='lat' dir='ltr'><strong>numerus</strong></span> <span class='ocrx_word' id='word_1_122' title='bbox 2578 2254 2952 2339; x_wconf 85' lang='lat' dir='ltr'><strong>expleatur¹,</strong></span> 
     </span>
     <span class='ocr_line' id='line_1_20' title="bbox 564 2359 2951 2443; baseline -0.002 -15"><span class='ocrx_word' id='word_1_123' title='bbox 564 2364 722 2428; x_wconf 86' lang='lat' dir='ltr'><strong>satis</strong></span> <span class='ocrx_word' id='word_1_124' title='bbox 766 2367 865 2428; x_wconf 87' lang='lat' dir='ltr'><strong>est</strong></span> <span class='ocrx_word' id='word_1_125' title='bbox 910 2359 1213 2427; x_wconf 80' lang='lat' dir='ltr'><strong>credibile</strong></span> <span class='ocrx_word' id='word_1_126' title='bbox 1255 2379 1774 2443; x_wconf 80' lang='lat' dir='ltr'><strong>unamquamque</strong></span> <span class='ocrx_word' id='word_1_127' title='bbox 1815 2366 2086 2423; x_wconf 87' lang='lat' dir='ltr'><strong>matrem</strong></span> <span class='ocrx_word' id='word_1_128' title='bbox 2129 2360 2299 2423; x_wconf 74' lang='lat' dir='ltr'><strong>binas</strong></span> <span class='ocrx_word' id='word_1_129' title='bbox 2340 2361 2636 2426; x_wconf 85' lang='lat' dir='ltr'><strong>habuisse</strong></span> <span class='ocrx_word' id='word_1_130' title='bbox 2661 2361 2951 2440; x_wconf 77' lang='grc' dir='ltr'><strong><em>θεραπαί-</em></strong></span> 
     </span>
     <span class='ocr_line' id='line_1_21' title="bbox 568 2462 2949 2551; baseline 0 -18"><span class='ocrx_word' id='word_1_131' title='bbox 568 2492 699 2540; x_wconf 89' lang='grc' dir='ltr'><strong><em>νας.</em></strong></span> <span class='ocrx_word' id='word_1_132' title='bbox 793 2465 915 2534; x_wconf 84' lang='lat' dir='ltr'><strong>Sed</strong></span> <span class='ocrx_word' id='word_1_133' title='bbox 981 2486 1245 2531; x_wconf 87' lang='lat' dir='ltr'><strong>manum</strong></span> <span class='ocrx_word' id='word_1_134' title='bbox 1309 2463 1386 2528; x_wconf 92' lang='lat' dir='ltr'><strong>de</strong></span> <span class='ocrx_word' id='word_1_135' title='bbox 1448 2462 1706 2540; x_wconf 85' lang='lat' dir='ltr'><strong>tabula,</strong></span> <span class='ocrx_word' id='word_1_136' title='bbox 1776 2485 1853 2529; x_wconf 93' lang='lat' dir='ltr'><strong>ne</strong></span> <span class='ocrx_word' id='word_1_137' title='bbox 1917 2464 2232 2551; x_wconf 84' lang='lat' dir='ltr'><strong>Elmsleyi</strong></span> <span class='ocrx_word' id='word_1_138' title='bbox 2281 2486 2499 2531; x_wconf 87' lang='lat' dir='ltr'><strong>manes</strong></span> <span class='ocrx_word' id='word_1_139' title='bbox 2546 2469 2739 2533; x_wconf 88' lang='lat' dir='ltr'><strong>sicuti</strong></span> <span class='ocrx_word' id='word_1_140' title='bbox 2787 2466 2949 2533; x_wconf 86' lang='lat' dir='ltr'><strong>Her-</strong></span> 
     </span>
     <span class='ocr_line' id='line_1_22' title="bbox 564 2569 2953 2656; baseline -0 -16"><span class='ocrx_word' id='word_1_141' title='bbox 564 2594 871 2639; x_wconf 89' lang='lat' dir='ltr'><strong>mannum</strong></span> <span class='ocrx_word' id='word_1_142' title='bbox 932 2592 1037 2637; x_wconf 91' lang='lat' dir='ltr'><strong>me</strong></span> <span class='ocrx_word' id='word_1_143' title='bbox 1098 2590 1349 2656; x_wconf 90' lang='lat' dir='ltr'><strong>quoque</strong></span> <span class='ocrx_word' id='word_1_144' title='bbox 1390 2571 1817 2647; x_wconf 82' lang='lat' dir='ltr'><strong>insectentur,</strong></span> <span class='ocrx_word' id='word_1_145' title='bbox 1866 2572 1976 2653; x_wconf 87' lang='lat' dir='ltr'><strong>qui</strong></span> <span class='ocrx_word' id='word_1_146' title='bbox 2024 2569 2233 2635; x_wconf 86' lang='lat' dir='ltr'><strong>levem</strong></span> <span class='ocrx_word' id='word_1_147' title='bbox 2285 2573 2840 2655; x_wconf 84' lang='lat' dir='ltr'><strong>quaestiunculam</strong></span> <span class='ocrx_word' id='word_1_148' title='bbox 2888 2593 2953 2639; x_wconf 87' lang='lat' dir='ltr'><strong>ac</strong></span> 
     </span>
     <span class='ocr_line' id='line_1_23' title="bbox 563 2674 2869 2763; baseline -0.001 -16"><span class='ocrx_word' id='word_1_149' title='bbox 563 2682 677 2747; x_wconf 79' lang='lat' dir='ltr'><strong>vix</strong></span> <span class='ocrx_word' id='word_1_150' title='bbox 733 2685 912 2747; x_wconf 78' lang='lat' dir='ltr'><strong>tanto</strong></span> <span class='ocrx_word' id='word_1_151' title='bbox 960 2677 1293 2743; x_wconf 85' lang='lat' dir='ltr'><strong>molimine</strong></span> <span class='ocrx_word' id='word_1_152' title='bbox 1341 2674 1601 2762; x_wconf 81' lang='lat' dir='ltr'><strong>dignam</strong></span> <span class='ocrx_word' id='word_1_153' title='bbox 1624 2724 1644 2759; x_wconf 86' lang='lat'>‚</span> <span class='ocrx_word' id='word_1_154' title='bbox 1692 2676 1830 2739; x_wconf 72' lang='lat' dir='ltr'><strong>with</strong></span> <span class='ocrx_word' id='word_1_155' title='bbox 1870 2677 2109 2762; x_wconf 73' lang='lat' dir='ltr'><strong>perfect</strong></span> <span class='ocrx_word' id='word_1_156' title='bbox 2151 2678 2390 2763; x_wconf 70' lang='lat' dir='ltr'><strong>yravity</strong></span> <span class='ocrx_word' id='word_1_157' title='bbox 2434 2681 2869 2744; x_wconf 78' lang='lat' dir='ltr'><strong>tractaverim.</strong></span> 
     </span>
    </p>
   </div>
   <div class='ocr_carea' id='block_1_3' title="bbox 562 2886 2954 3179">
    <p class='ocr_par' dir='ltr' id='par_1_10' title="bbox 562 2886 2954 3179">
     <span class='ocr_line' id='line_1_24' title="bbox 652 2886 2954 2977; baseline -0.001 -19"><span class='ocrx_word' id='word_1_158' title='bbox 652 2892 874 2977; x_wconf 84' lang='lat' dir='ltr'><strong>Neque</strong></span> <span class='ocrx_word' id='word_1_159' title='bbox 954 2886 1323 2953; x_wconf 86' lang='lat' dir='ltr'><strong>Dindorfius</strong></span> <span class='ocrx_word' id='word_1_160' title='bbox 1407 2907 1613 2971; x_wconf 90' lang='lat' dir='ltr'><strong>neque</strong></span> <span class='ocrx_word' id='word_1_161' title='bbox 1682 2886 2154 2973; x_wconf 85' lang='lat' dir='ltr'><strong>Kirchhoffius,</strong></span> <span class='ocrx_word' id='word_1_162' title='bbox 2227 2908 2496 2974; x_wconf 86' lang='lat' dir='ltr'><strong>quorum</strong></span> <span class='ocrx_word' id='word_1_163' title='bbox 2569 2889 2954 2957; x_wconf 87' lang='lat' dir='ltr'><strong>editionibus</strong></span> 
     </span>
     <span class='ocr_line' id='line_1_25' title="bbox 562 2992 2249 3081; baseline -0.004 -16"><span class='ocrx_word' id='word_1_164' title='bbox 562 3004 748 3074; x_wconf 85' lang='lat' dir='ltr'><strong>utor,</strong></span> <span class='ocrx_word' id='word_1_165' title='bbox 798 3002 1084 3081; x_wconf 91' lang='lat' dir='ltr'><strong>tempore</strong></span> <span class='ocrx_word' id='word_1_166' title='bbox 1130 2994 1442 3059; x_wconf 83' lang='lat' dir='ltr'><strong>recordati</strong></span> <span class='ocrx_word' id='word_1_167' title='bbox 1490 3001 1642 3057; x_wconf 86' lang='lat' dir='ltr'><strong>sunt</strong></span> <span class='ocrx_word' id='word_1_168' title='bbox 1685 2996 1753 3058; x_wconf 92' lang='lat' dir='ltr'><strong>in</strong></span> <span class='ocrx_word' id='word_1_169' title='bbox 1804 2992 2030 3078; x_wconf 84' lang='lat' dir='ltr'><strong>Suppl.</strong></span> <span class='ocrx_word' id='word_1_170' title='bbox 2087 2992 2249 3058; x_wconf 82' lang='lat'>120:</span> 
     </span>
     <span class='ocr_line' id='line_1_26' title="bbox 1021 3096 2501 3179; baseline 0.001 -15"><span class='ocrx_word' id='word_1_171' title='bbox 1021 3097 1270 3171; x_wconf 79' lang='grc' dir='ltr'><strong><em>τούτους</em></strong></span> <span class='ocrx_word' id='word_1_172' title='bbox 1320 3097 1634 3164; x_wconf 80' lang='grc' dir='ltr'><strong><em>θανόντας</em></strong></span> <span class='ocrx_word' id='word_1_173' title='bbox 1683 3096 1873 3172; x_wconf 77' lang='grc' dir='ltr'><strong><em>ἦλθον</em></strong></span> <span class='ocrx_word' id='word_1_174' title='bbox 1921 3096 2175 3174; x_wconf 78' lang='grc' dir='ltr'><strong><em>ἐξαιτῶν</em></strong></span> <span class='ocrx_word' id='word_1_175' title='bbox 2224 3098 2501 3179; x_wconf 78' lang='grc' dir='ltr'><strong><em>πόλιν,</em></strong></span> 
     </span>
    </p>
   </div>
   <div class='ocr_carea' id='block_1_4' title="bbox 565 3202 2949 3292">
    <p class='ocr_par' dir='ltr' id='par_1_11' title="bbox 565 3202 2949 3292">
     <span class='ocr_line' id='line_1_27' title="bbox 565 3202 2949 3292; baseline 0 -16"><span class='ocrx_word' id='word_1_176' title='bbox 565 3210 709 3278; x_wconf 91' lang='lat' dir='ltr'><strong>coll.</strong></span> <span class='ocrx_word' id='word_1_177' title='bbox 774 3208 1001 3275; x_wconf 88' lang='lat' dir='ltr'><strong>Aesch.</strong></span> <span class='ocrx_word' id='word_1_178' title='bbox 1060 3204 1280 3291; x_wconf 80' lang='lat' dir='ltr'><strong>Suppl.</strong></span> <span class='ocrx_word' id='word_1_179' title='bbox 1335 3202 1465 3269; x_wconf 83' lang='lat'><strong>345</strong></span> <span class='ocrx_word' id='word_1_180' title='bbox 1514 3225 1732 3270; x_wconf 78' lang='lat' dir='ltr'><strong>veram</strong></span> <span class='ocrx_word' id='word_1_181' title='bbox 1781 3206 2161 3289; x_wconf 82' lang='lat' dir='ltr'><strong>scripturam</strong></span> <span class='ocrx_word' id='word_1_182' title='bbox 2201 3207 2337 3290; x_wconf 88' lang='lat' dir='ltr'><strong>jam</strong></span> <span class='ocrx_word' id='word_1_183' title='bbox 2391 3213 2704 3292; x_wconf 85' lang='lat' dir='ltr'><strong>repertam</strong></span> <span class='ocrx_word' id='word_1_184' title='bbox 2759 3211 2949 3276; x_wconf 76' lang='lat' dir='ltr'><strong>fuisse</strong></span> 
     </span>
    </p>
   </div>
   <div class='ocr_carea' id='block_1_5' title="bbox 461 3311 2948 3399">
    <p class='ocr_par' dir='ltr' id='par_1_12' title="bbox 461 3311 2948 3399">
     <span class='ocr_line' id='line_1_28' title="bbox 461 3311 2948 3399; baseline -0.002 -15"><span class='ocrx_word' id='word_1_185' title='bbox 461 3316 466 3321; x_wconf 72' lang='grc'>’</span> <span class='ocrx_word' id='word_1_186' title='bbox 563 3318 644 3384; x_wconf 89' lang='lat' dir='ltr'><strong>ab</strong></span> <span class='ocrx_word' id='word_1_187' title='bbox 713 3313 1080 3399; x_wconf 84' lang='lat' dir='ltr'><strong>Elmsleyo,</strong></span> <span class='ocrx_word' id='word_1_188' title='bbox 1141 3331 1370 3396; x_wconf 88' lang='lat' dir='ltr'><strong>nempe</strong></span> <span class='ocrx_word' id='word_1_189' title='bbox 1434 3311 1704 3376; x_wconf 69' lang='grc' dir='ltr'><strong><em>πάλιν.</em></strong></span> <span class='ocrx_word' id='word_1_190' title='bbox 1799 3311 2039 3376; x_wconf 88' lang='lat' dir='ltr'><strong>Eodem</strong></span> <span class='ocrx_word' id='word_1_191' title='bbox 2103 3312 2293 3377; x_wconf 92' lang='lat' dir='ltr'><strong>modo</strong></span> <span class='ocrx_word' id='word_1_192' title='bbox 2355 3317 2605 3399; x_wconf 84' lang='lat' dir='ltr'><strong>saepius</strong></span> <span class='ocrx_word' id='word_1_193' title='bbox 2670 3328 2948 3382; x_wconf 86' lang='lat' dir='ltr'><strong>erratum</strong></span> 
     </span>
    </p>
   </div>
   <div class='ocr_carea' id='block_1_6' title="bbox 561 3414 2945 3717">
    <p class='ocr_par' dir='ltr' id='par_1_13' title="bbox 561 3414 2945 3717">
     <span class='ocr_line' id='line_1_29' title="bbox 562 3414 2945 3506; baseline -0.001 -18"><span class='ocrx_word' id='word_1_194' title='bbox 562 3425 719 3506; x_wconf 82' lang='lat' dir='ltr'><strong>fuit3</strong></span> <span class='ocrx_word' id='word_1_195' title='bbox 770 3420 850 3486; x_wconf 86' lang='lat' dir='ltr'><strong>cf.</strong></span> <span class='ocrx_word' id='word_1_196' title='bbox 898 3417 1183 3505; x_wconf 81' lang='lat' dir='ltr'><strong>Scaliger</strong></span> <span class='ocrx_word' id='word_1_197' title='bbox 1228 3417 1307 3481; x_wconf 90' lang='lat' dir='ltr'><strong>ad</strong></span> <span class='ocrx_word' id='word_1_198' title='bbox 1354 3416 1545 3481; x_wconf 86' lang='lat' dir='ltr'><strong>Herc.</strong></span> <span class='ocrx_word' id='word_1_199' title='bbox 1594 3416 1718 3481; x_wconf 85' lang='lat' dir='ltr'><strong>fur.</strong></span> <span class='ocrx_word' id='word_1_200' title='bbox 1771 3415 1925 3492; x_wconf 87' lang='grc'><strong>946,</strong></span> <span class='ocrx_word' id='word_1_201' title='bbox 1977 3414 2196 3483; x_wconf 88' lang='lat' dir='ltr'><strong>Cobet.</strong></span> <span class='ocrx_word' id='word_1_202' title='bbox 2250 3421 2316 3483; x_wconf 92' lang='lat' dir='ltr'><strong>in</strong></span> <span class='ocrx_word' id='word_1_203' title='bbox 2367 3417 2577 3486; x_wconf 88' lang='lat' dir='ltr'><strong>Variis</strong></span> <span class='ocrx_word' id='word_1_204' title='bbox 2626 3420 2945 3489; x_wconf 90' lang='lat' dir='ltr'><strong>Lectioni-</strong></span> 
     </span>
     <span class='ocr_line' id='line_1_30' title="bbox 561 3522 2945 3613; baseline -0.001 -17"><span class='ocrx_word' id='word_1_205' title='bbox 561 3536 680 3596; x_wconf 90' lang='lat' dir='ltr'><strong>bus</strong></span> <span class='ocrx_word' id='word_1_206' title='bbox 726 3549 787 3613; x_wconf 87' lang='lat' dir='ltr'><strong>p.</strong></span> <span class='ocrx_word' id='word_1_207' title='bbox 838 3523 970 3591; x_wconf 80' lang='lat'><strong>583</strong></span> <span class='ocrx_word' id='word_1_208' title='bbox 1018 3524 1096 3591; x_wconf 85' lang='lat' dir='ltr'><strong>ad</strong></span> <span class='ocrx_word' id='word_1_209' title='bbox 1143 3522 1338 3588; x_wconf 87' lang='lat' dir='ltr'><strong>Rhes.</strong></span> <span class='ocrx_word' id='word_1_210' title='bbox 1396 3523 1523 3587; x_wconf 85' lang='lat'><strong>115</strong></span> <span class='ocrx_word' id='word_1_211' title='bbox 1572 3527 1638 3587; x_wconf 88' lang='lat' dir='ltr'><strong>et</strong></span> <span class='ocrx_word' id='word_1_212' title='bbox 1684 3522 1975 3610; x_wconf 78' lang='lat' dir='ltr'><strong>Madvig.</strong></span> <span class='ocrx_word' id='word_1_213' title='bbox 2015 3526 2082 3587; x_wconf 90' lang='lat' dir='ltr'><strong>in</strong></span> <span class='ocrx_word' id='word_1_214' title='bbox 2124 3522 2393 3590; x_wconf 83' lang='lat' dir='ltr'><strong>Advers.</strong></span> <span class='ocrx_word' id='word_1_215' title='bbox 2433 3547 2495 3610; x_wconf 87' lang='lat' dir='ltr'><strong>p.</strong></span> <span class='ocrx_word' id='word_1_216' title='bbox 2540 3525 2622 3591; x_wconf 88' lang='lat'><strong>19</strong></span> <span class='ocrx_word' id='word_1_217' title='bbox 2664 3529 2745 3594; x_wconf 89' lang='lat' dir='ltr'><strong>ad</strong></span> <span class='ocrx_word' id='word_1_218' title='bbox 2787 3528 2945 3596; x_wconf 85' lang='lat' dir='ltr'><strong>Xen.</strong></span> 
     </span>
     <span class='ocr_line' id='line_1_31' title="bbox 563 3626 2781 3717; baseline -0.001 -14"><span class='ocrx_word' id='word_1_219' title='bbox 563 3634 735 3703; x_wconf 78' lang='lat' dir='ltr'><strong>Heli.</strong></span> <span class='ocrx_word' id='word_1_220' title='bbox 786 3630 895 3697; x_wconf 85' lang='lat' dir='ltr'><strong>VI.</strong></span> <span class='ocrx_word' id='word_1_221' title='bbox 946 3632 1004 3694; x_wconf 83' lang='lat'><strong>5.</strong></span> <span class='ocrx_word' id='word_1_222' title='bbox 1061 3629 1122 3694; x_wconf 83' lang='lat'><strong>3.</strong></span> <span class='ocrx_word' id='word_1_223' title='bbox 1170 3628 1376 3694; x_wconf 69' lang='lat' dir='ltr'><strong>Miror</strong></span> <span class='ocrx_word' id='word_1_224' title='bbox 1419 3626 1877 3694; x_wconf 87' lang='lat' dir='ltr'><strong>Blomfieldum</strong></span> <span class='ocrx_word' id='word_1_225' title='bbox 1925 3629 2255 3717; x_wconf 82' lang='lat' dir='ltr'><strong>Elmsleyo</strong></span> <span class='ocrx_word' id='word_1_226' title='bbox 2301 3633 2781 3700; x_wconf 86' lang='lat' dir='ltr'><strong>contradixisse.</strong></span> 
     </span>
    </p>
   </div>
   <div class='ocr_carea' id='block_1_7' title="bbox 650 3844 977 3913">
    <p class='ocr_par' dir='ltr' id='par_1_14' title="bbox 650 3844 977 3913">
     <span class='ocr_line' id='line_1_32' title="bbox 650 3844 977 3913; baseline -0.009 0"><span class='ocrx_word' id='word_1_227' title='bbox 650 3846 755 3913; x_wconf 85' lang='lat' dir='ltr'><strong>Vs.</strong></span> <span class='ocrx_word' id='word_1_228' title='bbox 812 3844 944 3911; x_wconf 82' lang='grc'><strong>322</strong></span> <span class='ocrx_word' id='word_1_229' title='bbox 964 3872 977 3910; x_wconf 77' lang='lat' dir='ltr'><strong><em>z</em></strong></span> 
     </span>
    </p>
   </div>
   <div class='ocr_carea' id='block_1_8' title="bbox 555 3950 2481 4245">
    <p class='ocr_par' dir='ltr' id='par_1_15' title="bbox 555 3950 2481 4245">
     <span class='ocr_line' id='line_1_33' title="bbox 1014 3950 2183 4036; baseline 0.005 -20"><span class='ocrx_word' id='word_1_230' title='bbox 1014 3952 1153 4035; x_wconf 75' lang='grc' dir='ltr'><strong><em>δρᾷς</em></strong></span> <span class='ocrx_word' id='word_1_231' title='bbox 1172 4002 1191 4027; x_wconf 82' lang='grc'>,</span> <span class='ocrx_word' id='word_1_232' title='bbox 1241 3950 1513 4032; x_wconf 75' lang='grc' dir='ltr'><strong><em>ἄβουλος</em></strong></span> <span class='ocrx_word' id='word_1_233' title='bbox 1563 3950 1639 4026; x_wconf 74' lang='grc' dir='ltr'><strong>ὣς</strong></span> <span class='ocrx_word' id='word_1_234' title='bbox 1689 3955 2183 4036; x_wconf 73' lang='grc' dir='ltr'><strong><em>κεκερτομημένη</em></strong></span> 
     </span>
     <span class='ocr_line' id='line_1_34' title="bbox 1009 4062 2481 4141; baseline 0.003 -19"><span class='ocrx_word' id='word_1_235' title='bbox 1009 4065 1137 4130; x_wconf 78' lang='grc' dir='ltr'><strong><em>τοῖς</em></strong></span> <span class='ocrx_word' id='word_1_236' title='bbox 1184 4065 1539 4139; x_wconf 79' lang='grc' dir='ltr'><strong><em>κερτομοῦσι</em></strong></span> <span class='ocrx_word' id='word_1_237' title='bbox 1586 4062 1813 4141; x_wconf 67' lang='grc' dir='ltr'><strong><em>γοργὸν</em></strong></span> <span class='ocrx_word' id='word_1_238' title='bbox 1860 4065 1938 4133; x_wconf 76' lang='grc' dir='ltr'><strong>ὡς</strong></span> <span class='ocrx_word' id='word_1_239' title='bbox 1985 4066 2028 4128; x_wconf 73' lang='grc' dir='ltr'><em>ἆ</em></span> <span class='ocrx_word' id='word_1_240' title='bbox 2047 4088 2076 4128; x_wconf 92' lang='grc' dir='ltr'><strong><em>ν</em></strong></span> <span class='ocrx_word' id='word_1_241' title='bbox 2095 4087 2137 4128; x_wconf 88' lang='grc' dir='ltr'><strong><em>α</em></strong></span> <span class='ocrx_word' id='word_1_242' title='bbox 2153 4063 2203 4140; x_wconf 84' lang='grc' dir='ltr'><strong><em>β</em></strong></span> <span class='ocrx_word' id='word_1_243' title='bbox 2221 4078 2261 4128; x_wconf 80' lang='grc' dir='ltr'><strong>λ</strong></span> <span class='ocrx_word' id='word_1_244' title='bbox 2279 4064 2307 4129; x_wconf 77' lang='grc' dir='ltr'><strong><em>ἑ</em></strong></span> <span class='ocrx_word' id='word_1_245' title='bbox 2328 4088 2376 4128; x_wconf 75' lang='grc' dir='ltr'><strong><em>π</em></strong></span> <span class='ocrx_word' id='word_1_246' title='bbox 2394 4088 2424 4128; x_wconf 81' lang='grc' dir='ltr'><strong><em>ε</em></strong></span> <span class='ocrx_word' id='word_1_247' title='bbox 2441 4088 2481 4128; x_wconf 90' lang='grc' dir='ltr'><strong>ι.</strong></span> 
     </span>
     <span class='ocr_line' id='line_1_35' title="bbox 555 4167 2035 4245; baseline -0.002 -9"><span class='ocrx_word' id='word_1_248' title='bbox 555 4169 716 4236; x_wconf 89' lang='lat' dir='ltr'><strong>Vide</strong></span> <span class='ocrx_word' id='word_1_249' title='bbox 761 4188 841 4234; x_wconf 87' lang='lat' dir='ltr'><strong>an</strong></span> <span class='ocrx_word' id='word_1_250' title='bbox 886 4186 1011 4232; x_wconf 91' lang='lat' dir='ltr'><strong>non</strong></span> <span class='ocrx_word' id='word_1_251' title='bbox 1048 4167 1286 4233; x_wconf 85' lang='lat' dir='ltr'><strong>rectius</strong></span> <span class='ocrx_word' id='word_1_252' title='bbox 1334 4169 1449 4232; x_wconf 85' lang='lat' dir='ltr'><strong>sit:</strong></span> <span class='ocrx_word' id='word_1_253' title='bbox 1499 4168 1680 4233; x_wconf 70' lang='grc' dir='ltr'><strong><em>ἀντι</em></strong></span> <span class='ocrx_word' id='word_1_254' title='bbox 1701 4167 1970 4245; x_wconf 75' lang='grc' dir='ltr'><strong><em>βλέπε</em></strong></span> <span class='ocrx_word' id='word_1_255' title='bbox 1991 4193 2035 4234; x_wconf 88' lang='grc' dir='ltr'><strong>ι.</strong></span> 
     </span>
    </p>
   </div>
   <div class='ocr_carea' id='block_1_9' title="bbox 640 4377 2308 4460">
    <p class='ocr_par' dir='ltr' id='par_1_16' title="bbox 640 4377 2308 4460">
     <span class='ocr_line' id='line_1_36' title="bbox 640 4377 2308 4460; baseline -0.002 -14"><span class='ocrx_word' id='word_1_256' title='bbox 640 4379 895 4446; x_wconf 84' lang='lat' dir='ltr'><strong>Soloece</strong></span> <span class='ocrx_word' id='word_1_257' title='bbox 941 4378 1107 4442; x_wconf 90' lang='lat' dir='ltr'><strong>mihi</strong></span> <span class='ocrx_word' id='word_1_258' title='bbox 1157 4377 1412 4443; x_wconf 83' lang='lat' dir='ltr'><strong>videtur</strong></span> <span class='ocrx_word' id='word_1_259' title='bbox 1458 4379 1771 4460; x_wconf 85' lang='lat' dir='ltr'><strong>scriptum</strong></span> <span class='ocrx_word' id='word_1_260' title='bbox 1820 4398 1953 4444; x_wconf 91' lang='lat' dir='ltr'><strong>esse</strong></span> <span class='ocrx_word' id='word_1_261' title='bbox 2002 4400 2094 4446; x_wconf 81' lang='lat' dir='ltr'><strong>vs.</strong></span> <span class='ocrx_word' id='word_1_262' title='bbox 2147 4377 2276 4445; x_wconf 85' lang='grc'><strong>487</strong></span> <span class='ocrx_word' id='word_1_263' title='bbox 2293 4401 2308 4443; x_wconf 78' lang='lat'>2</span> 
     </span>
    </p>
   </div>
  </div>
 </body>
</html>
