3192 5017
1340 303 1580 362 comet.
2573 289 2657 359 69

274 495 548 554 evertere.
643 487 810 553 Nam
878 485 1030 552 licet
1098 485 1217 551 hoc
1281 487 1711 571 compositum
1775 504 2091 569 nusquam
2153 484 2418 549 fortasse
2471 482 2658 548 hodie

270 598 650 681 reperiatur,
721 594 1202 679 praepositionis
1266 601 1359 661 ΕΞ
1417 613 1490 657 ea
1551 592 1716 656 ratio
1765 597 1860 657 est
1879 639 1894 670 ‚
1945 596 2020 655 ut
2066 589 2366 676 plurimis
2410 590 2624 656 verbis
2643 636 2660 666 ,

273 702 478 767 sicubi
524 699 908 766 intendenda
953 702 1040 765 sit
1086 719 1305 765 eorum
1355 700 1532 764 notio
1550 747 1569 782 ,
1619 698 1780 763 hanc
1830 696 2259 785 coniungendi
2321 696 2408 762 sit
2459 695 2661 761 libera

273 810 619 894 unicuique
673 812 971 893 potestas.

367 1018 640 1086 Caum
685 1021 917 1108 frag-m.
968 1019 1100 1087 222

548 1125 746 1206 ἔγειρε
795 1127 865 1202 δὴ
915 1134 1053 1205 νῦν,
1106 1131 1374 1211 Μοῦσαι,
1425 1128 1717 1207 Κρητικὸν
1763 1127 1970 1206 μέλος.

546 1241 734 1315 χαῖρε
782 1232 879 1311 δὴ,
929 1238 1193 1298 Μοῦσαι·
1245 1236 1463 1315 χρονία
1511 1234 1627 1312 μὲν
1674 1235 1869 1312 ἥκεις,
1926 1231 2088 1312 ὅμως
2136 1236 2187 1300 δ’

549 1336 725 1415 ἦλθες
775 1342 855 1404 οὐ
908 1341 1084 1421 πρὶν
1135 1342 1444 1418 ἐλθεῖν,
1496 1340 1614 1406 ἴσθι
1666 1341 1910 1421 σαφές,
1962 1340 2114 1407 ἀλλ’
2158 1336 2429 1413 ὅπως-

278 1443 569 1512 Calidius
637 1452 964 1532 receptum
1036 1453 1132 1512 est
1202 1447 1368 1533 quod
1441 1446 1600 1513 olim
1673 1449 2026 1526 Porsonus,
2100 1449 2387 1513 numeris
2452 1448 2664 1534 magis

280 1571 474 1637 quam
545 1555 896 1618 sententiae
965 1555 1341 1638 providens,
1408 1556 1675 1619 coniecit
1723 1544 1899 1627 ἦλθες
1951 1557 2026 1620 οὖ
2090 1555 2271 1635 πρίν
2333 1576 2429 1630 γε
2477 1553 2663 1617 δεῖν.

279 1657 456 1739 Quae
502 1660 675 1724 enim
725 1665 822 1725 est
866 1680 1097 1745 quaeso
1143 1662 1270 1726 ista
1316 1662 1666 1746 oppositio:
1710 1668 1844 1744 post
1889 1661 2122 1744 lonqum
2167 1660 2400 1746 quidem
2445 1666 2667 1742 tempu«

278 1766 496 1830 venisti
517 1814 533 1842 ,
605 1787 725 1830 non
793 1773 987 1831 tamen
1054 1775 1365 1853 antequam
1435 1767 1604 1851 opus*
1648 1779 1735 1830 est
1751 1766 1787 1830 ?
1848 1761 2161 1854 'Intellegi
2224 1771 2434 1851 potest
2498 1785 2665 1843 „non

279 1881 495 1940 tamen
565 1879 906 1958 antequam
975 1895 1105 1937 sero
1169 1873 1310 1938 est”
1374 1871 1479 1937 vel
1544 1877 1873 1951 „attamen
1920 1880 2106 1959 grata
2151 1873 2335 1938 nobis
2380 1870 2665 1940 venisti”.

279 1979 406 2047 Sed
455 1999 579 2065 quo
625 1984 811 2064 pacto
858 1978 959 2044 his
1007 1980 1218 2044 verbis
1264 1977 1392 2045 leni
1438 1999 1635 2044 manu
1685 1977 2089 2057 subveniam,
2138 1998 2263 2044 non
2308 1981 2572 2064 reperio,

374 2191 647 2260 Onnum
693 2193 770 2258 fr.
818 2189 954 2258 288

555 2298 857 2381 μακάριος
910 2292 977 2373 ἦν
1023 2300 1053 2364 ὃ
1102 2300 1213 2380 πρὸ
1261 2303 1371 2366 τοῦ
1416 2299 1555 2380 βίος

555 2406 826 2487 βροτοῖσι
876 2405 1021 2486 πρὸς
1069 2406 1155 2472 τὰ
1204 2412 1339 2483 νῦν,
1389 2399 1452 2472 ὃν
1499 2403 1731 2488 εἶχον
1778 2407 1985 2490 ἄνδρες

554 2512 979 2594 ὥγανόφρονες
1030 2514 1310 2594 &summ
1359 2517 1553 2597 σοφίᾳ
1600 2514 1890 2595 βροτῶν
1938 2525 2467 2596 περισσοκοιλλεῒς.

282 2619 557 2685 Moleste
617 2639 743 2685 non
804 2619 936 2684 fero
1000 2621 1232 2686 editori
1290 2620 1461 2686 haud
1509 2620 1757 2705 placere
1803 2624 2231 2687 coniecturam
2278 2645 2492 2689 meam
2540 2626 2669 2703 τρό-

283 2751 432 2804 πων,
485 2747 679 2812 quam
726 2726 915 2792 hodie
962 2727 1231 2792 minime
1278 2727 1613 2793 defendam
1634 2775 1651 2806 ,
1702 2727 1810 2792 sed
1858 2727 2137 2813 profecto
2176 2748 2302 2794 non
2337 2729 2669 2795 meliorem

281 2835 418 2919 ipse
441 2835 791 2919 proposuit,
817 2834 1029 2899 dicens
1054 2833 1455 2899 scribendum
1482 2854 1615 2898 esse
1640 2833 1941 2912 ἠδυλόγου
1976 2834 2203 2914 σοφίας
2240 2832 2413 2916 πόθῳ
2432 2884 2451 2918 ,
2491 2836 2671 2919 quasi

281 2959 432 3007 vero
495 2938 766 3005 alicuius
828 2940 921 3005 rei
985 2939 1365 3005 desiderium
1412 2940 1635 3004 reddat
1680 2939 1970 3005 homines
2015 2961 2137 3006 non
2184 2940 2481 3026 pulchros
2528 2946 2670 3004 tan-

282 3049 425 3110 tum
443 3094 461 3125 ,
528 3046 638 3112 sed
691 3068 876 3130 supra
935 3047 1164 3110 modwm
1207 3046 1513 3130 pulchros.
1606 3046 1733 3111 Pro
1794 3041 1963 3127 εἶχον
2010 3049 2374 3112 etiamnunc
2420 3049 2671 3131 requiro

285 3147 426 3231 ἦγο
446 3177 497 3219 v.
546 3152 690 3220 Non
738 3151 990 3218 felicius
1035 3152 1324 3218 Kockius
1372 3152 1648 3218 tentavit
1690 3153 1769 3218 fr.
1818 3150 1977 3218 280.

377 3363 648 3435 onum
694 3367 769 3433 fr.
820 3366 952 3435 275
1005 3368 1128 3455 (ap.
1177 3366 1426 3433 Polluc.
1476 3366 1596 3433 vn
1643 3365 1779 3455 38).

967 3484 1044 3559 τῇ
1093 3471 1330 3553 ads-tyn
1378 3472 1638 3557 κνῶψειν
1687 3471 1754 3541 εὖ
1803 3473 1988 3552 μάλα

972 3581 1630 3659 &evum-avietae.

381 3687 857 3775 „Temporum”
923 3691 1014 3755 ait
1061 3690 1266 3754 editor
1323 3689 1595 3773 „quibus
1643 3687 1880 3755 Pollux
1927 3710 2084 3756 usus
2129 3695 2226 3756 est
2270 3693 2433 3757 ratio
2478 3690 2676 3758 simul

283 3802 350 3862 et
420 3796 613 3862 verba
684 3797 888 3880 ipsius
955 3818 1144 3878 paene
1206 3804 1422 3877 coquat
1482 3796 1758 3861 scribere
1821 3796 2005 3877 πρὶν
2066 3797 2676 3878 evan-xristau?

285 3902 457 3985 Quid
503 3900 782 3968 Pollux?
829 3909 985 3968 Τοῦ
1037 3902 1100 3968 δὲ
1150 3903 1447 3967 zuein-recu
1492 3904 1744 3981 ἡγεῖται
1787 3904 1871 3968 τὸ
1914 3911 2235 3980 πατῆσαι,
2279 3907 2355 3978 ὥς
2383 3911 2673 3984 Κρατῖνος

284 4009 583 4084 ὑποδηλοῖ
623 4008 891 4087 παίζων·
949 4019 1023 4092 τῇ
1075 4007 1307 4089 mis-tyn
1357 4010 1487 4074 κτὲ.
1542 4006 1767 4094 Itaque
1814 4016 2024 4076 vestes
2072 4013 2356 4095 primum
2405 4031 2442 4077 a
2487 4010 2676 4078 fullo-

282 4118 476 4184 nibus
524 4115 1078 4192 conculcabantur,
1130 4121 1270 4180 tum
1319 4115 1755 4200 pectebantur.
1806 4116 1975 4183 unde
2011 4118 2300 4201 sequitur
2341 4113 2676 4182 Cratinum

287 4222 560 4289 scribere
619 4243 738 4284 non
784 4221 1057 4303 potuisse
1119 4222 1255 4301 πρὶν
1318 4230 1734 4299 συμπατῆσοιι
1754 4268 1773 4299 ,
1841 4242 2001 4306 quae
2062 4221 2252 4288 lectio
2315 4227 2675 4310 ceteroquin

290 4329 561 4393 minime
623 4326 876 4392 Kockio
941 4327 1225 4409 debetur,
1289 4328 1398 4395 sed
1463 4329 1729 4395 totidem
1793 4325 2029 4394 litteris
2078 4330 2312 4414 scripta
2358 4336 2566 4396 exstat
2610 4334 2675 4397 in

290 4430 575 4501 Pollucis
634 4434 910 4500 editione
956 4432 1359 4502 Bekkeriana
1404 4435 1613 4502 Berol.
1664 4456 1722 4500 a.
1774 4433 1966 4501 1846.
2016 4434 2345 4504 Dobraeus
2381 4439 2461 4504 ad
2500 4436 2680 4509 Pluti
