3192 5017
580 276 712 342 370
1524 294 2026 345 saffirormnns.

579 468 801 533 utitur.
908 467 1002 532 Ea
1085 467 1402 552 quomodo
1488 466 1728 533 Graece
1813 466 2154 533 dicuntur?
2223 469 2456 537 Confer
2525 471 2942 538 Demosthenis

576 572 945 639 Orationem
1016 575 1083 637 in
1152 572 1429 639 deiam
1499 574 1538 658 ἕ
1588 571 1709 639 '792
1783 576 1894 649 τὴν
1956 574 2200 656 μητέρα
2260 578 2416 657 ῥητοὶ
2478 579 2587 644 καὶ
2660 577 2944 660 ἄρρητα

575 684 744 745 κακὰ
794 678 1029 755 ἐξεῖπον
1078 685 1143 745 et
1190 680 1267 745 de
1314 677 1557 746 Corona
1604 682 1643 765 5
1697 679 1860 746 122:
1909 682 2068 766 βοᾷς
2117 684 2274 763 ῥητὰ
2319 685 2424 749 καὶ
2473 684 2711 766 ἄρρητα
2749 686 2947 763 ὀνομά-

574 786 709 867 ζων.
802 786 973 851 Hinc
1018 788 1415 871 scripserim:
1464 786 1493 850 ὃ
1541 786 1745 864 λέγων
1792 786 2000 868 ἄρρητ’
2052 788 2085 861 ἦ
2133 788 2452 873 βακτηρίᾳ
2499 792 2763 870 τύπτει,
2807 813 2951 878 quae

573 895 850 958 mutatio
896 894 965 956 in
1011 894 1232 978 paucis
1282 891 1443 956 lenis
1488 897 1608 957 est.

529 986 544 997 ⁶
662 1000 877 1066 Etiam
924 999 1161 1064 leniore
1207 997 1525 1063 medicina
1569 1003 1830 1063 utemur
1875 1002 2168 1084 sequenti
2216 1002 2552 1069 versiculo.
2651 1004 2823 1080 Quid
2865 1012 2954 1071 est

568 1105 890 1188 ἀφανίζων
929 1104 1158 1185 πονηροὶ
1205 1102 1603 1183 σκώμματαῖ
1649 1107 1762 1170 Ait
1801 1104 2128 1175 Kockius:
2187 1109 2567 1187 verhilleud,
2609 1113 2959 1177 verdeckoed

566 1217 783 1300 itaque
845 1215 904 1279 ei
969 1214 1263 1278 convenit
1326 1231 1474 1275 cum
1542 1210 1874 1277 Wielando
1936 1214 2049 1297 qui
2099 1216 2195 1279 ita
2242 1217 2466 1282 vertit:
2517 1239 2616 1280 uu
2662 1219 2763 1281 die
2794 1220 2954 1302 plat·

566 1328 753 1386 teuton
813 1321 998 1383 Zoten
1054 1328 1167 1400 qut
1228 1318 1500 1381 dadurch
1544 1340 1621 1381 zu
1665 1318 1907 1382 macheu
1922 1346 1951 1395 5
2001 1340 2224 1385 verum
2273 1321 2392 1386 hoc
2438 1328 2536 1387 est
2583 1322 2755 1389 illud
2802 1324 2954 1409 quod

572 1425 903 1513 proverbio
964 1426 1199 1509 dicitur
1261 1431 1534 1487 κακοῖσιν
1596 1424 1807 1487 ἰᾶσθαι
1869 1426 2073 1502 κακά,
2124 1429 2178 1490 si
2228 1429 2443 1513 inepta
2480 1430 2622 1494 ioca
2667 1428 2956 1518 plag-osus

572 1553 762 1598 senex
832 1531 1084 1597 condire
1153 1529 1408 1595 debebit
1481 1536 1546 1594 et
1612 1527 1912 1595 inficetiis
1981 1532 2356 1620 adspergere
2425 1533 2590 1599 sales
2663 1534 2954 1602 inficetas.

574 1637 835 1704 Reiskio
906 1636 999 1702 nil
1064 1635 1193 1702 tale
1253 1635 1616 1722 persuaderi
1680 1639 1895 1721 potuit
1955 1638 2146 1722 idque
2210 1641 2478 1705 minime
2542 1643 2784 1707 mirum
2834 1650 2953 1721 est,

574 1746 683 1812 sed
731 1744 898 1830 quod
943 1745 1226 1830 reposuit
1270 1740 1552 1823 βαΰζων,
1603 1742 1776 1808 haud
1821 1745 1976 1808 satis
2024 1743 2294 1810 feliciter
2339 1749 2780 1833 excogitatum
2819 1750 2954 1814 fuit.

573 1851 779 1917 Unius
825 1849 1120 1916 literulae
1166 1852 1442 1914 mutatio
1488 1848 1699 1914 lucem
1747 1849 1961 1914 dabit:

846 1956 981 2022 οὐδὲ
1023 1956 1380 2036 πρεσβύτης
1420 1955 1447 2019 ὁ
1495 1954 1697 2033 λέγων
1744 1952 2009 2036 ἄρρητ’
2065 1956 2098 2031 ἢ
2146 1956 2466 2043 βακτηρία

839 2063 1063 2129 τύπτει
1113 2061 1215 2126 τὸν
1265 2061 1544 2141 παρόντα
1593 2060 1866 2143 φατίζ
1879 2087 1969 2127 ων
2015 2065 2246 2143 πονηρὰ
2292 2069 2681 2143 σκώμματα.

565 2171 643 2237 Id
706 2175 959 2237 tantum
998 2168 1421 2235 ‘incommode
1486 2168 1751 2253 accidit,
1798 2169 1968 2253 quod
2017 2177 2296 2235 ceterum
2348 2172 2620 2238 verbum
2670 2175 2958 2256 φατίζειν

564 2297 881 2362 nusquam
924 2278 994 2340 in
1040 2274 1366 2341 comoedia
1411 2273 1672 2361 legitur.

656 2489 755 2554 De
814 2509 905 2554 vs.
974 2485 1105 2552 583
1177 2485 1342 2551 nihil
1402 2486 1668 2551 fortasse
1730 2486 2006 2572 proferre
2067 2493 2284 2573 potero
2342 2496 2590 2575 praeter
2650 2494 2954 2560 incertam

563 2597 987 2682 suspicionem
1009 2643 1026 2678 ,
1112 2614 1228 2658 nec
1295 2600 1509 2658 tamen
1582 2592 1748 2657 mihi
1815 2594 2160 2678 persuadeo
2230 2602 2305 2660 ut
2374 2598 2716 2684 reticeam,
2792 2600 2955 2685 quod

565 2705 819 2769 etiamsi
895 2703 1112 2766 minus
1182 2697 1441 2765 evidens
1509 2701 1627 2776 sit,
1703 2701 1979 2784 speciem
2051 2706 2266 2766 tamen
2338 2702 2632 2769 videatur
2701 2707 2952 2774 habete.

567 2807 904 2892 Cleonem,
951 2809 1197 2891 inquit,

839 2914 1007 2997 ἡνίχ’
1055 2913 1285 2997 ᾑρεῖσθε
1330 2911 1675 2993 ςρατηγόν,
1725 2912 1842 2984 τὰς
1890 2913 2079 2994 ὀφρῦς
2123 2913 2468 2994 συνήγομεν

836 3023 1211 3098 κάποιοῦμεν
1259 3019 1444 3097 δεινοὶ,
1494 3020 1720 3098 βροντὴ
1767 3019 1818 3083 δ’
1867 3019 2092 3100 ἐρράγη
2140 3021 2214 3085 δι’
2261 3023 2681 3103 deputa-554·

838 3131 871 3204 ἦ
920 3127 1141 3202 σελήνη
1190 3124 1244 3192 δ’
1295 3124 1574 3201 ἐξέλειπε
1621 3126 1741 3196 τὰς
1789 3127 1990 3198 ὁδούς·
2040 3127 2068 3191 ὅ
2115 3128 2166 3191 δ’
2217 3126 2379 3202 ἥλιος

838 3236 903 3300 οὐ
948 3243 1174 3310 φανεῖν
1221 3231 1496 3314 ἔφασκεν
1550 3232 1732 3311 ὑμῖν,
1785 3233 1835 3298 εἶ
1886 3235 2402 3313 ςρατηγήσει
2451 3237 2674 3302 Κλέων.

561 3345 860 3409 Primum
926 3341 1068 3408 leve
1114 3345 1210 3406 est
1255 3340 1518 3405 fortasse
1563 3359 1862 3425 reponere
1910 3343 2458 3420 ςρατηγήσοι,
2509 3346 2620 3410 sod
2667 3348 2828 3431 quid
2871 3347 2946 3412 ss-

563 3450 678 3515 lud
724 3456 819 3515 est
856 3448 1113 3529 βροντὴν
1153 3450 1419 3527 ῥαγῆναι
1462 3444 1540 3510 δι’
1584 3444 1917 3526 depavit?
1965 3445 2160 3513 Video
2201 3448 2462 3532 quidem
2504 3471 2583 3515 ex
2624 3450 2951 3536 Sophoclis

450 3649 454 3652 Α
562 3556 805 3623 Teucro
852 3555 931 3620 ab
980 3553 1336 3620 Scholiasta
1384 3552 1655 3618 adscribi
1701 3552 1949 3618 locum:

1858 3660 2133 3740 Οὐρανοῦ
2185 3659 2236 3722 δ’
2284 3658 2410 3725 ἄπο

1019 3767 1302 3846 ἤςραψε,
1353 3764 1577 3846 βροντὴ
1626 3764 1677 3828 δ’
1727 3764 1954 3843 ἐρράγη
2003 3767 2076 3829 δι’
2122 3766 2445 3850 &epau-51⁸4,

563 3880 674 3945 sed
718 3877 1057 3961 utrobique
1103 3874 1277 3940 idem
1331 3875 1565 3939 vitium
1614 3870 1812 3936 latere
1853 3874 2170 3937 existimo.
2221 3872 2636 3941 Proverbium
2674 3883 2770 3942 est
2808 3874 2948 3942 ὅταν

560 3986 819 4067 ἀςροὶψῃ
883 3983 956 4048 δι’
1015 3980 1374 4063 Ἅρματος,
1424 3978 1592 4063 quod
1639 3976 1869 4043 Suidas
1917 3984 2293 4064 usurpatum
2343 3981 2540 4047 fuisse
2584 3982 2803 4048 scribit
2849 3982 2942 4046 ἐπὶ

553 4099 670 4158 τῶν
717 4091 966 4171 χρονίως
1012 4086 1359 4167 γινομένων,
1404 4084 1782 4150 Eustathius
1817 4092 2031 4150 autem
2073 4107 2134 4172 p.
2160 4083 2315 4151 266.
2344 4086 2431 4152 35
2455 4089 2939 4173 interpretatur:

559 4199 675 4277 ὀψέ
748 4221 899 4263 ποτε
974 4194 1078 4259 καὶ
1150 4194 1252 4259 διὰ
1318 4193 1535 4274 χρόνον
1600 4190 1849 4264 ἀδήλου.
1921 4190 2206 4257 Conferri
2271 4199 2596 4278 praeterea
2653 4200 2939 4280 poterunt

560 4303 927 4390 Hesychius
994 4303 1060 4365 in
1134 4321 1286 4367 voce
1354 4298 1640 4376 Ἀςρατὺ
1711 4296 1786 4361 δι’
1845 4299 2165 4378 Ἅρματος
2227 4306 2293 4364 et
2354 4303 2814 4385 grammaticus
2873 4304 2938 4364 in

559 4412 799 4478 Anecd.
864 4410 982 4474 Bk.
1051 4429 1109 4491 p.
1176 4406 1327 4471 5212.
1385 4405 1481 4469 16.
1546 4404 1788 4470 Ceteris
1836 4415 2047 4468 autem
2102 4408 2418 4489 copiosius
2466 4406 2691 4473 Strabo
2737 4406 2826 4471 lx
2873 4427 2928 4491 p.
