<?xml version="1.0" encoding="UTF-8"?>
<!DOCTYPE html PUBLIC "-//W3C//DTD XHTML 1.0 Transitional//EN"
    "http://www.w3.org/TR/xhtml1/DTD/xhtml1-transitional.dtd">
<html xmlns="http://www.w3.org/1999/xhtml" xml:lang="en" lang="en">
 <head>
  <title>
</title>
<meta http-equiv="Content-Type" content="text/html;charset=utf-8" />
  <meta name='ocr-system' content='tesseract 3.04.00' />
  <meta name='ocr-capabilities' content='ocr_page ocr_carea ocr_par ocr_line ocrx_word'/>
</head>
<body>
  <div class='ocr_page' id='page_1' title='image "./mnemosynebiblio14servgoog_0232.png"; bbox 0 0 3192 5017; ppageno 0'>
   <div class='ocr_carea' id='block_1_1' title="bbox 627 292 2015 364">
    <p class='ocr_par' dir='ltr' id='par_1_1' title="bbox 627 292 2015 364">
     <span class='ocr_line' id='line_1_1' title="bbox 627 292 2015 364; baseline 0.003 -4"><span class='ocrx_word' id='word_1_1' title='bbox 627 292 761 361; x_wconf 81' lang='lat'>228</span> <span class='ocrx_word' id='word_1_2' title='bbox 1625 315 2015 364; x_wconf 69' lang='lat' dir='ltr'>sornocmu.</span> 
     </span>
    </p>
   </div>
   <div class='ocr_carea' id='block_1_2' title="bbox 626 483 2990 1205">
    <p class='ocr_par' dir='ltr' id='par_1_2' title="bbox 626 483 2990 1205">
     <span class='ocr_line' id='line_1_2' title="bbox 1042 483 2577 566; baseline 0.003 -18"><span class='ocrx_word' id='word_1_3' title='bbox 1042 483 1214 550; x_wconf 74' lang='grc' dir='ltr'><strong><em>τίνων</em></strong></span> <span class='ocrx_word' id='word_1_4' title='bbox 1258 487 1328 552; x_wconf 77' lang='grc' dir='ltr'>τὸ</span> <span class='ocrx_word' id='word_1_5' title='bbox 1377 487 1595 564; x_wconf 82' lang='grc' dir='ltr'><strong><em>σεμνὸν</em></strong></span> <span class='ocrx_word' id='word_1_6' title='bbox 1643 486 1806 565; x_wconf 77' lang='grc' dir='ltr'><strong><em>ὄνομ’</em></strong></span> <span class='ocrx_word' id='word_1_7' title='bbox 1853 486 1929 552; x_wconf 71' lang='grc' dir='ltr'><strong><em>ἂν</em></strong></span> <span class='ocrx_word' id='word_1_8' title='bbox 1979 485 2280 566; x_wconf 74' lang='grc' dir='ltr'>εὐξαίμην</span> <span class='ocrx_word' id='word_1_9' title='bbox 2325 488 2524 555; x_wconf 80' lang='grc' dir='ltr'><strong><em>κλύων</em></strong></span> <span class='ocrx_word' id='word_1_10' title='bbox 2559 510 2577 564; x_wconf 90' lang='grc'><strong>;</strong></span> 
     </span>
     <span class='ocr_line' id='line_1_3' title="bbox 626 590 2989 672; baseline -0.001 -15"><span class='ocrx_word' id='word_1_11' title='bbox 626 591 845 658; x_wconf 87' lang='lat' dir='ltr'>Vertit</span> <span class='ocrx_word' id='word_1_12' title='bbox 903 590 968 656; x_wconf 84' lang='lat' dir='ltr'>N</span> <span class='ocrx_word' id='word_1_13' title='bbox 970 591 1270 657; x_wconf 86' lang='lat' dir='ltr'>auckius:</span> <span class='ocrx_word' id='word_1_14' title='bbox 1339 592 1821 672; x_wconf 82' lang='lat' dir='ltr'>„Quarumnam</span> <span class='ocrx_word' id='word_1_15' title='bbox 1869 601 2087 661; x_wconf 90' lang='lat' dir='ltr'>sancto</span> <span class='ocrx_word' id='word_1_16' title='bbox 2133 596 2355 662; x_wconf 89' lang='lat' dir='ltr'>audito</span> <span class='ocrx_word' id='word_1_17' title='bbox 2399 597 2657 661; x_wconf 91' lang='lat' dir='ltr'>nomine</span> <span class='ocrx_word' id='word_1_18' title='bbox 2702 591 2989 657; x_wconf 80' lang='lat' dir='ltr'>invocabo</span> 
     </span>
     <span class='ocr_line' id='line_1_4' title="bbox 633 693 2989 788; baseline -0.001 -26"><span class='ocrx_word' id='word_1_19' title='bbox 633 696 866 785; x_wconf 87' lang='lat' dir='ltr'>(illas)&#39;&#39;</span> <span class='ocrx_word' id='word_1_20' title='bbox 912 704 978 762; x_wconf 91' lang='lat' dir='ltr'>et</span> <span class='ocrx_word' id='word_1_21' title='bbox 1020 697 1141 762; x_wconf 89' lang='lat' dir='ltr'>hoc</span> <span class='ocrx_word' id='word_1_22' title='bbox 1185 705 1260 763; x_wconf 91' lang='lat' dir='ltr'>ut</span> <span class='ocrx_word' id='word_1_23' title='bbox 1307 699 1564 784; x_wconf 90' lang='lat' dir='ltr'>probet,</span> <span class='ocrx_word' id='word_1_24' title='bbox 1615 699 1794 765; x_wconf 84' lang='lat' dir='ltr'>affert</span> <span class='ocrx_word' id='word_1_25' title='bbox 1840 699 1993 766; x_wconf 90' lang='lat' dir='ltr'>Oed.</span> <span class='ocrx_word' id='word_1_26' title='bbox 2043 700 2194 788; x_wconf 80' lang='lat' dir='ltr'>Tyr.</span> <span class='ocrx_word' id='word_1_27' title='bbox 2252 701 2412 769; x_wconf 84' lang='lat'>11¹7:</span> <span class='ocrx_word' id='word_1_28' title='bbox 2456 698 2547 765; x_wconf 75' lang='grc' dir='ltr'>ὅτι</span> <span class='ocrx_word' id='word_1_29' title='bbox 2586 724 2679 771; x_wconf 78' lang='grc' dir='ltr'>τις</span> <span class='ocrx_word' id='word_1_30' title='bbox 2720 693 2989 773; x_wconf 69' lang='grc' dir='ltr'><strong><em>ἐκμαθὼν</em></strong></span> 
     </span>
     <span class='ocr_line' id='line_1_5' title="bbox 628 802 2989 891; baseline 0 -24"><span class='ocrx_word' id='word_1_31' title='bbox 628 803 928 885; x_wconf 74' lang='grc' dir='ltr'><strong><em>ἐχρήσατ’</em></strong></span> <span class='ocrx_word' id='word_1_32' title='bbox 974 802 1072 868; x_wconf 75' lang='grc' dir='ltr'><strong><em>ἄν.</em></strong></span> <span class='ocrx_word' id='word_1_33' title='bbox 1164 803 1389 891; x_wconf 87' lang='lat' dir='ltr'>Itaque</span> <span class='ocrx_word' id='word_1_34' title='bbox 1434 826 1558 870; x_wconf 92' lang='lat' dir='ltr'>non</span> <span class='ocrx_word' id='word_1_35' title='bbox 1607 805 1863 871; x_wconf 83' lang='lat' dir='ltr'>videtur</span> <span class='ocrx_word' id='word_1_36' title='bbox 1907 809 2433 874; x_wconf 85' lang='lat' dir='ltr'>animadvertisse</span> <span class='ocrx_word' id='word_1_37' title='bbox 2479 806 2676 872; x_wconf 78' lang='grc' dir='ltr'><strong><em>κλύων</em></strong></span> <span class='ocrx_word' id='word_1_38' title='bbox 2726 824 2989 890; x_wconf 83' lang='lat' dir='ltr'>praesen·</span> 
     </span>
     <span class='ocr_line' id='line_1_6' title="bbox 627 907 2990 996; baseline -0.001 -22"><span class='ocrx_word' id='word_1_39' title='bbox 627 913 711 975; x_wconf 90' lang='lat' dir='ltr'>tis</span> <span class='ocrx_word' id='word_1_40' title='bbox 760 912 1064 995; x_wconf 90' lang='lat' dir='ltr'>temporis</span> <span class='ocrx_word' id='word_1_41' title='bbox 1108 931 1242 975; x_wconf 88' lang='lat' dir='ltr'>esse</span> <span class='ocrx_word' id='word_1_42' title='bbox 1290 917 1355 976; x_wconf 92' lang='lat' dir='ltr'>et</span> <span class='ocrx_word' id='word_1_43' title='bbox 1401 931 1476 976; x_wconf 90' lang='lat' dir='ltr'>ea</span> <span class='ocrx_word' id='word_1_44' title='bbox 1520 918 1834 996; x_wconf 80' lang='lat' dir='ltr'><strong>potestate</strong></span> <span class='ocrx_word' id='word_1_45' title='bbox 1883 912 2068 979; x_wconf 88' lang='lat' dir='ltr'>facile</span> <span class='ocrx_word' id='word_1_46' title='bbox 2115 916 2423 980; x_wconf 90' lang='lat' dir='ltr'>ferremus</span> <span class='ocrx_word' id='word_1_47' title='bbox 2465 913 2776 979; x_wconf 84' lang='lat' dir='ltr'>aoristnm</span> <span class='ocrx_word' id='word_1_48' title='bbox 2832 907 2990 972; x_wconf 71' lang='grc' dir='ltr'><strong><em>ἀκού-</em></strong></span> 
     </span>
     <span class='ocr_line' id='line_1_7' title="bbox 627 1015 2988 1103; baseline -0.001 -23"><span class='ocrx_word' id='word_1_49' title='bbox 627 1041 779 1095; x_wconf 80' lang='grc' dir='ltr'><strong>σαις,</strong></span> <span class='ocrx_word' id='word_1_50' title='bbox 849 1017 959 1082; x_wconf 88' lang='lat' dir='ltr'>sed</span> <span class='ocrx_word' id='word_1_51' title='bbox 1005 1017 1314 1082; x_wconf 88' lang='lat' dir='ltr'>absonum</span> <span class='ocrx_word' id='word_1_52' title='bbox 1360 1024 1458 1082; x_wconf 87' lang='lat' dir='ltr'>est</span> <span class='ocrx_word' id='word_1_53' title='bbox 1502 1039 1796 1103; x_wconf 88' lang='lat' dir='ltr'>praesens</span> <span class='ocrx_word' id='word_1_54' title='bbox 1843 1018 2095 1083; x_wconf 69' lang='grc' dir='ltr'><strong><em>ἀκούων.</em></strong></span> <span class='ocrx_word' id='word_1_55' title='bbox 2189 1019 2376 1085; x_wconf 89' lang='lat' dir='ltr'>Nihil</span> <span class='ocrx_word' id='word_1_56' title='bbox 2422 1018 2598 1085; x_wconf 91' lang='lat' dir='ltr'>aliud</span> <span class='ocrx_word' id='word_1_57' title='bbox 2646 1017 2806 1083; x_wconf 90' lang='lat' dir='ltr'>latet</span> <span class='ocrx_word' id='word_1_58' title='bbox 2848 1015 2988 1079; x_wconf 86' lang='lat' dir='ltr'>nisi:</span> 
     </span>
     <span class='ocr_line' id='line_1_8' title="bbox 1032 1123 2614 1205; baseline 0.001 -18"><span class='ocrx_word' id='word_1_59' title='bbox 1032 1123 1206 1187; x_wconf 77' lang='grc' dir='ltr'><strong><em>τίνων</em></strong></span> <span class='ocrx_word' id='word_1_60' title='bbox 1251 1123 1321 1188; x_wconf 80' lang='grc' dir='ltr'>τὸ</span> <span class='ocrx_word' id='word_1_61' title='bbox 1370 1128 1589 1200; x_wconf 81' lang='grc' dir='ltr'><strong><em>σεμνὸν</em></strong></span> <span class='ocrx_word' id='word_1_62' title='bbox 1636 1123 1800 1203; x_wconf 74' lang='grc' dir='ltr'><strong><em>ὄνομ’</em></strong></span> <span class='ocrx_word' id='word_1_63' title='bbox 1846 1125 1923 1191; x_wconf 76' lang='grc' dir='ltr'><strong><em>ἂν</em></strong></span> <span class='ocrx_word' id='word_1_64' title='bbox 1968 1123 2271 1205; x_wconf 71' lang='grc' dir='ltr'><strong><em>εὐξαίμην</em></strong></span> <span class='ocrx_word' id='word_1_65' title='bbox 2317 1125 2614 1204; x_wconf 51' lang='lat' dir='ltr'>libycum</span> 
     </span>
    </p>
   </div>
   <div class='ocr_carea' id='block_1_3' title="bbox 623 1332 2987 2161">
    <p class='ocr_par' dir='ltr' id='par_1_3' title="bbox 713 1332 2143 1420">
     <span class='ocr_line' id='line_1_9' title="bbox 713 1332 2143 1420; baseline -0.002 -20"><span class='ocrx_word' id='word_1_66' title='bbox 713 1334 857 1400; x_wconf 87' lang='lat' dir='ltr'>Non</span> <span class='ocrx_word' id='word_1_67' title='bbox 905 1332 1201 1420; x_wconf 79' lang='lat' dir='ltr'>intelligo</span> <span class='ocrx_word' id='word_1_68' title='bbox 1246 1336 1778 1399; x_wconf 80' lang='lat' dir='ltr'>constructionem</span> <span class='ocrx_word' id='word_1_69' title='bbox 1826 1356 1922 1401; x_wconf 83' lang='grc' dir='ltr'><strong><em>νε.</em></strong></span> <span class='ocrx_word' id='word_1_70' title='bbox 1973 1333 2143 1399; x_wconf 85' lang='lat'>368:</span> 
     </span>
    </p>

    <p class='ocr_par' dir='ltr' id='par_1_4' title="bbox 1077 1438 2500 1520">
     <span class='ocr_line' id='line_1_10' title="bbox 1077 1438 2500 1520; baseline 0.002 -18"><span class='ocrx_word' id='word_1_71' title='bbox 1077 1438 1214 1517; x_wconf 77' lang='grc' dir='ltr'><strong><em>πρὶν</em></strong></span> <span class='ocrx_word' id='word_1_72' title='bbox 1260 1438 1374 1514; x_wconf 77' lang='grc' dir='ltr'><strong><em>μὲν</em></strong></span> <span class='ocrx_word' id='word_1_73' title='bbox 1421 1441 1547 1519; x_wconf 69' lang='grc' dir='ltr'>γὰρ</span> <span class='ocrx_word' id='word_1_74' title='bbox 1594 1441 1808 1514; x_wconf 73' lang='grc' dir='ltr'><strong><em>αὐτοῖς</em></strong></span> <span class='ocrx_word' id='word_1_75' title='bbox 1858 1439 1926 1514; x_wconf 76' lang='grc' dir='ltr'><strong><em>ἦν</em></strong></span> <span class='ocrx_word' id='word_1_76' title='bbox 1974 1439 2088 1520; x_wconf 76' lang='grc' dir='ltr'>ἔρις</span> <span class='ocrx_word' id='word_1_77' title='bbox 2136 1438 2385 1519; x_wconf 78' lang='grc' dir='ltr'><strong><em>Κρέοντί</em></strong></span> <span class='ocrx_word' id='word_1_78' title='bbox 2430 1465 2500 1505; x_wconf 85' lang='grc' dir='ltr'>τε</span> 
     </span>
    </p>

    <p class='ocr_par' dir='ltr' id='par_1_5' title="bbox 623 1544 2987 2161">
     <span class='ocr_line' id='line_1_11' title="bbox 1073 1544 2549 1625; baseline 0.001 -16"><span class='ocrx_word' id='word_1_79' title='bbox 1073 1544 1300 1624; x_wconf 80' lang='grc' dir='ltr'><strong><em>θρόνους</em></strong></span> <span class='ocrx_word' id='word_1_80' title='bbox 1350 1544 1655 1611; x_wconf 67' lang='grc' dir='ltr'>ἐᾶσθαι</span> <span class='ocrx_word' id='word_1_81' title='bbox 1704 1547 1858 1623; x_wconf 74' lang='grc' dir='ltr'>μηδὲ</span> <span class='ocrx_word' id='word_1_82' title='bbox 1905 1544 2280 1625; x_wconf 62' lang='grc' dir='ltr'><strong><em>χραίνειν-θαι</em></strong></span> <span class='ocrx_word' id='word_1_83' title='bbox 2327 1547 2549 1622; x_wconf 58' lang='grc' dir='ltr'>πάλαι,</span> 
     </span>
     <span class='ocr_line' id='line_1_12' title="bbox 624 1645 2985 1738; baseline -0.003 -20"><span class='ocrx_word' id='word_1_84' title='bbox 624 1654 691 1718; x_wconf 92' lang='lat' dir='ltr'>in</span> <span class='ocrx_word' id='word_1_85' title='bbox 737 1652 970 1736; x_wconf 90' lang='lat' dir='ltr'>quibus</span> <span class='ocrx_word' id='word_1_86' title='bbox 1015 1653 1290 1735; x_wconf 90' lang='lat' dir='ltr'>speciem</span> <span class='ocrx_word' id='word_1_87' title='bbox 1338 1651 1531 1717; x_wconf 90' lang='lat' dir='ltr'>habet</span> <span class='ocrx_word' id='word_1_88' title='bbox 1577 1653 1744 1738; x_wconf 84' lang='lat' dir='ltr'>quod</span> <span class='ocrx_word' id='word_1_89' title='bbox 1785 1653 2151 1718; x_wconf 88' lang='lat' dir='ltr'>Nitzschius</span> <span class='ocrx_word' id='word_1_90' title='bbox 2190 1654 2459 1718; x_wconf 88' lang='lat' dir='ltr'>coniecit</span> <span class='ocrx_word' id='word_1_91' title='bbox 2499 1653 2712 1725; x_wconf 72' lang='grc' dir='ltr'>αὐτοῖς</span> <span class='ocrx_word' id='word_1_92' title='bbox 2754 1648 2820 1723; x_wconf 73' lang='grc' dir='ltr'>ἦν</span> <span class='ocrx_word' id='word_1_93' title='bbox 2859 1645 2985 1728; x_wconf 74' lang='grc' dir='ltr'>ὅρος,</span> 
     </span>
     <span class='ocr_line' id='line_1_13' title="bbox 624 1757 2984 1843; baseline -0.002 -20"><span class='ocrx_word' id='word_1_94' title='bbox 624 1759 732 1823; x_wconf 86' lang='lat' dir='ltr'>sed</span> <span class='ocrx_word' id='word_1_95' title='bbox 794 1759 1215 1822; x_wconf 81' lang='lat' dir='ltr'>necessarium</span> <span class='ocrx_word' id='word_1_96' title='bbox 1258 1758 1476 1843; x_wconf 89' lang='lat' dir='ltr'>judico</span> <span class='ocrx_word' id='word_1_97' title='bbox 1523 1762 1810 1823; x_wconf 82' lang='lat' dir='ltr'>activum</span> <span class='ocrx_word' id='word_1_98' title='bbox 1859 1759 2124 1823; x_wconf 79' lang='lat' dir='ltr'>verbum</span> <span class='ocrx_word' id='word_1_99' title='bbox 2177 1758 2445 1827; x_wconf 68' lang='grc' dir='ltr'><strong><em>ἐᾶσαι.</em></strong></span> <span class='ocrx_word' id='word_1_100' title='bbox 2499 1758 2670 1843; x_wconf 91' lang='lat' dir='ltr'>quod</span> <span class='ocrx_word' id='word_1_101' title='bbox 2717 1757 2984 1841; x_wconf 79' lang='lat' dir='ltr'>imperite</span> 
     </span>
     <span class='ocr_line' id='line_1_14' title="bbox 623 1862 2987 1948; baseline -0.002 -20"><span class='ocrx_word' id='word_1_102' title='bbox 623 1869 951 1928; x_wconf 89' lang='lat' dir='ltr'>mutatum</span> <span class='ocrx_word' id='word_1_103' title='bbox 1012 1863 1139 1927; x_wconf 83' lang='lat' dir='ltr'>fuit</span> <span class='ocrx_word' id='word_1_104' title='bbox 1185 1869 1442 1948; x_wconf 91' lang='lat' dir='ltr'>propter</span> <span class='ocrx_word' id='word_1_105' title='bbox 1486 1884 1751 1948; x_wconf 89' lang='lat' dir='ltr'>sequens</span> <span class='ocrx_word' id='word_1_106' title='bbox 1797 1863 2195 1942; x_wconf 68' lang='grc' dir='ltr'><strong><em>χραίνεσῗτωι.</em></strong></span> <span class='ocrx_word' id='word_1_107' title='bbox 2288 1864 2540 1929; x_wconf 80' lang='lat' dir='ltr'>Fratres</span> <span class='ocrx_word' id='word_1_108' title='bbox 2587 1866 2759 1928; x_wconf 90' lang='lat' dir='ltr'>inter</span> <span class='ocrx_word' id='word_1_109' title='bbox 2808 1883 2871 1926; x_wconf 91' lang='lat' dir='ltr'>se</span> <span class='ocrx_word' id='word_1_110' title='bbox 2909 1862 2987 1924; x_wconf 85' lang='lat' dir='ltr'>ita</span> 
     </span>
     <span class='ocr_line' id='line_1_15' title="bbox 625 1967 2985 2054; baseline -0.002 -20"><span class='ocrx_word' id='word_1_111' title='bbox 625 1971 954 2034; x_wconf 77' lang='lat' dir='ltr'>dixerunt:</span> <span class='ocrx_word' id='word_1_112' title='bbox 1014 1967 1248 2047; x_wconf 81' lang='grc' dir='ltr'>’θρόνους</span> <span class='ocrx_word' id='word_1_113' title='bbox 1307 1969 1499 2044; x_wconf 80' lang='grc' dir='ltr'><strong><em>ἐῶμεν</em></strong></span> <span class='ocrx_word' id='word_1_114' title='bbox 1545 1969 1701 2047; x_wconf 72' lang='grc' dir='ltr'>μηδὲ</span> <span class='ocrx_word' id='word_1_115' title='bbox 1747 1968 2098 2049; x_wconf 74' lang='grc' dir='ltr'><strong><em>χρωη·έσθω</em></strong></span> <span class='ocrx_word' id='word_1_116' title='bbox 2148 1968 2362 2045; x_wconf 74' lang='grc' dir='ltr'>πόλις,</span> <span class='ocrx_word' id='word_1_117' title='bbox 2391 1970 2580 2054; x_wconf 84' lang='lat' dir='ltr'>-quod</span> <span class='ocrx_word' id='word_1_118' title='bbox 2630 1972 2699 2033; x_wconf 87' lang='lat' dir='ltr'>in</span> <span class='ocrx_word' id='word_1_119' title='bbox 2747 1967 2985 2033; x_wconf 84' lang='lat' dir='ltr'>indirec-</span> 
     </span>
     <span class='ocr_line' id='line_1_16' title="bbox 626 2072 2983 2161; baseline -0.003 -19"><span class='ocrx_word' id='word_1_120' title='bbox 626 2082 759 2142; x_wconf 88' lang='lat' dir='ltr'>tam</span> <span class='ocrx_word' id='word_1_121' title='bbox 827 2076 1175 2140; x_wconf 85' lang='lat' dir='ltr'>orationem</span> <span class='ocrx_word' id='word_1_122' title='bbox 1244 2095 1618 2141; x_wconf 84' lang='lat' dir='ltr'>conversum</span> <span class='ocrx_word' id='word_1_123' title='bbox 1636 2124 1650 2152; x_wconf 93' lang='lat'>,</span> <span class='ocrx_word' id='word_1_124' title='bbox 1705 2097 1843 2141; x_wconf 81' lang='lat' dir='ltr'>eam</span> <span class='ocrx_word' id='word_1_125' title='bbox 1893 2077 2165 2141; x_wconf 90' lang='lat' dir='ltr'>formam</span> <span class='ocrx_word' id='word_1_126' title='bbox 2212 2076 2507 2153; x_wconf 85' lang='lat' dir='ltr'>habebit,</span> <span class='ocrx_word' id='word_1_127' title='bbox 2556 2096 2751 2161; x_wconf 87' lang='lat' dir='ltr'>quam</span> <span class='ocrx_word' id='word_1_128' title='bbox 2809 2072 2983 2138; x_wconf 85' lang='lat' dir='ltr'>vides.</span> 
     </span>
    </p>
   </div>
   <div class='ocr_carea' id='block_1_4' title="bbox 612 2278 3092 3219">
    <p class='ocr_par' dir='ltr' id='par_1_6' title="bbox 612 2278 3096 3219">
     <span class='ocr_line' id='line_1_17' title="bbox 713 2278 2980 2369; baseline -0.002 -19"><span class='ocrx_word' id='word_1_129' title='bbox 713 2280 988 2350; x_wconf 80' lang='lat' dir='ltr'>Gravior</span> <span class='ocrx_word' id='word_1_130' title='bbox 1051 2283 1408 2369; x_wconf 80' lang='lat' dir='ltr'>corruptela</span> <span class='ocrx_word' id='word_1_131' title='bbox 1467 2289 1564 2348; x_wconf 90' lang='lat' dir='ltr'>est</span> <span class='ocrx_word' id='word_1_132' title='bbox 1627 2304 1723 2349; x_wconf 87' lang='lat' dir='ltr'>vs.</span> <span class='ocrx_word' id='word_1_133' title='bbox 1791 2281 1943 2359; x_wconf 86' lang='grc'><strong>570,</strong></span> <span class='ocrx_word' id='word_1_134' title='bbox 1992 2284 2106 2348; x_wconf 91' lang='lat' dir='ltr'>ubi</span> <span class='ocrx_word' id='word_1_135' title='bbox 2153 2285 2423 2351; x_wconf 83' lang='lat' dir='ltr'>verbum</span> <span class='ocrx_word' id='word_1_136' title='bbox 2469 2282 2722 2348; x_wconf 74' lang='grc' dir='ltr'>δεῖσθαι</span> <span class='ocrx_word' id='word_1_137' title='bbox 2766 2278 2980 2348; x_wconf 87' lang='lat' dir='ltr'>nemini</span> 
     </span>
     <span class='ocr_line' id='line_1_18' title="bbox 621 2390 1233 2456; baseline -0.002 -1"><span class='ocrx_word' id='word_1_138' title='bbox 621 2390 1023 2456; x_wconf 89' lang='lat' dir='ltr'>intellectum</span> <span class='ocrx_word' id='word_1_139' title='bbox 1071 2390 1233 2455; x_wconf 79' lang='lat' dir='ltr'>fuit:</span> 
     </span>
     <span class='ocr_line' id='line_1_19' title="bbox 983 2497 2422 2578; baseline -0.001 -16"><span class='ocrx_word' id='word_1_140' title='bbox 983 2501 1220 2574; x_wconf 79' lang='grc' dir='ltr'>Θησεῦ,</span> <span class='ocrx_word' id='word_1_141' title='bbox 1274 2497 1345 2561; x_wconf 82' lang='grc' dir='ltr'>τὸ</span> <span class='ocrx_word' id='word_1_142' title='bbox 1392 2497 1495 2560; x_wconf 84' lang='grc' dir='ltr'>σὸν</span> <span class='ocrx_word' id='word_1_143' title='bbox 1539 2503 1821 2574; x_wconf 72' lang='grc' dir='ltr'><strong><em>γενναῖον</em></strong></span> <span class='ocrx_word' id='word_1_144' title='bbox 1870 2497 1928 2559; x_wconf 76' lang='grc' dir='ltr'><strong><em>ἐν</em></strong></span> <span class='ocrx_word' id='word_1_145' title='bbox 1976 2498 2207 2575; x_wconf 79' lang='grc' dir='ltr'><strong><em>σμικρῷ</em></strong></span> <span class='ocrx_word' id='word_1_146' title='bbox 2256 2497 2422 2578; x_wconf 73' lang='grc' dir='ltr'>λόγῳ</span> 
     </span>
     <span class='ocr_line' id='line_1_20' title="bbox 983 2600 2628 2683; baseline 0 -16"><span class='ocrx_word' id='word_1_147' title='bbox 983 2611 1251 2682; x_wconf 72' lang='grc' dir='ltr'><strong><em>παρῆκεν</em></strong></span> <span class='ocrx_word' id='word_1_148' title='bbox 1304 2600 1418 2671; x_wconf 61' lang='lat' dir='ltr'>cb&#39;ce</span> <span class='ocrx_word' id='word_1_149' title='bbox 1466 2602 1703 2683; x_wconf 78' lang='grc' dir='ltr'><strong><em>βραχέ’</em></strong></span> <span class='ocrx_word' id='word_1_150' title='bbox 1753 2603 1931 2679; x_wconf 78' lang='grc' dir='ltr'>ἐμοὶ</span> <span class='ocrx_word' id='word_1_151' title='bbox 1982 2600 2317 2668; x_wconf 69' lang='grc' dir='ltr'>δεῖσθαι</span> <span class='ocrx_word' id='word_1_152' title='bbox 2363 2603 2628 2683; x_wconf 68' lang='grc' dir='ltr'><strong><em>Φράσαι.</em></strong></span> 
     </span>
     <span class='ocr_line' id='line_1_21' title="bbox 616 2700 2976 2790; baseline -0.006 -10"><span class='ocrx_word' id='word_1_153' title='bbox 616 2711 903 2780; x_wconf 86' lang='lat' dir='ltr'>Coniecit</span> <span class='ocrx_word' id='word_1_154' title='bbox 972 2710 1251 2776; x_wconf 89' lang='lat' dir='ltr'>Hensius</span> <span class='ocrx_word' id='word_1_155' title='bbox 1312 2709 1545 2790; x_wconf 70' lang='grc' dir='ltr'><strong><em>βραχέ’</em></strong></span> <span class='ocrx_word' id='word_1_156' title='bbox 1613 2710 1745 2785; x_wconf 76' lang='grc' dir='ltr'>ἐμοὶ</span> <span class='ocrx_word' id='word_1_157' title='bbox 1806 2709 2049 2788; x_wconf 52' lang='lat' dir='ltr'>&amp;pio-au</span> <span class='ocrx_word' id='word_1_158' title='bbox 2114 2708 2319 2788; x_wconf 69' lang='grc' dir='ltr'>πάρα,</span> <span class='ocrx_word' id='word_1_159' title='bbox 2389 2709 2858 2774; x_wconf 85' lang='lat' dir='ltr'>accommodate</span> <span class='ocrx_word' id='word_1_160' title='bbox 2913 2700 2976 2766; x_wconf 84' lang='lat' dir='ltr'>ad</span> 
     </span>
     <span class='ocr_line' id='line_1_22' title="bbox 612 2810 2976 2902; baseline -0.006 -18"><span class='ocrx_word' id='word_1_161' title='bbox 612 2818 737 2884; x_wconf 89' lang='lat' dir='ltr'>loci</span> <span class='ocrx_word' id='word_1_162' title='bbox 804 2820 1185 2882; x_wconf 75' lang='lat' dir='ltr'>sententiam</span> <span class='ocrx_word' id='word_1_163' title='bbox 1210 2866 1227 2893; x_wconf 90' lang='lat'>,</span> <span class='ocrx_word' id='word_1_164' title='bbox 1296 2816 1406 2881; x_wconf 90' lang='lat' dir='ltr'>sed</span> <span class='ocrx_word' id='word_1_165' title='bbox 1470 2836 1593 2880; x_wconf 91' lang='lat' dir='ltr'>non</span> <span class='ocrx_word' id='word_1_166' title='bbox 1655 2815 2076 2902; x_wconf 80' lang='lat' dir='ltr'>intelligitur,</span> <span class='ocrx_word' id='word_1_167' title='bbox 2140 2815 2307 2881; x_wconf 91' lang='lat' dir='ltr'>unde</span> <span class='ocrx_word' id='word_1_168' title='bbox 2365 2812 2614 2880; x_wconf 63' lang='lat' dir='ltr'>Bere-&amp;xe</span> <span class='ocrx_word' id='word_1_169' title='bbox 2663 2813 2832 2880; x_wconf 90' lang='lat' dir='ltr'>male</span> <span class='ocrx_word' id='word_1_170' title='bbox 2873 2810 2976 2875; x_wconf 82' lang='lat' dir='ltr'>huc</span> 
     </span>
     <span class='ocr_line' id='line_1_23' title="bbox 614 2917 3092 3010; baseline -0.004 -20"><span class='ocrx_word' id='word_1_171' title='bbox 614 2926 838 3010; x_wconf 83' lang='lat' dir='ltr'>pedem</span> <span class='ocrx_word' id='word_1_172' title='bbox 903 2922 1215 2988; x_wconf 84' lang='lat' dir='ltr'>intulerit.</span> <span class='ocrx_word' id='word_1_173' title='bbox 1310 2922 1443 2988; x_wconf 84' lang='lat' dir='ltr'>Sub</span> <span class='ocrx_word' id='word_1_174' title='bbox 1509 2923 1641 2997; x_wconf 78' lang='grc' dir='ltr'>ἐμοὶ</span> <span class='ocrx_word' id='word_1_175' title='bbox 1693 2923 1941 2987; x_wconf 72' lang='grc' dir='ltr'>δεῖσθαι</span> <span class='ocrx_word' id='word_1_176' title='bbox 1989 2921 2162 2987; x_wconf 79' lang='lat' dir='ltr'>latet·</span> <span class='ocrx_word' id='word_1_177' title='bbox 2192 2923 2318 2986; x_wconf 83' lang='lat' dir='ltr'>nisi</span> <span class='ocrx_word' id='word_1_178' title='bbox 2366 2921 2550 2987; x_wconf 84' lang='lat' dir='ltr'>fallor</span> <span class='ocrx_word' id='word_1_179' title='bbox 2609 2919 2812 2997; x_wconf 74' lang='grc' dir='ltr'><strong><em>ἆμεί</em></strong></span> <span class='ocrx_word' id='word_1_180' title='bbox 2824 2917 2870 2996; x_wconf 85' lang='grc' dir='ltr'>β</span> <span class='ocrx_word' id='word_1_181' title='bbox 2883 2937 2974 2979; x_wconf 68' lang='lat' dir='ltr'>ec·</span> <span class='ocrx_word' id='word_1_182' title='bbox 3091 3006 3092 3009; x_wconf 8' lang='lat'>¹</span> 
     </span>
     <span class='ocr_line' id='line_1_24' title="bbox 614 3014 3092 3117; baseline -0.004 -21"><span class='ocrx_word' id='word_1_183' title='bbox 614 3030 795 3113; x_wconf 68' lang='grc' dir='ltr'>θαι,</span> <span class='ocrx_word' id='word_1_184' title='bbox 864 3029 970 3095; x_wconf 88' lang='lat' dir='ltr'>sed</span> <span class='ocrx_word' id='word_1_185' title='bbox 1035 3029 1314 3111; x_wconf 69' lang='grc' dir='ltr'>φράσαι,</span> <span class='ocrx_word' id='word_1_186' title='bbox 1378 3030 1488 3113; x_wconf 89' lang='lat' dir='ltr'>qui</span> <span class='ocrx_word' id='word_1_187' title='bbox 1550 3047 1771 3093; x_wconf 81' lang='lat' dir='ltr'>versus</span> <span class='ocrx_word' id='word_1_188' title='bbox 1835 3034 2159 3093; x_wconf 84' lang='lat' dir='ltr'>extremus</span> <span class='ocrx_word' id='word_1_189' title='bbox 2221 3023 2332 3112; x_wconf 86' lang='lat' dir='ltr'>pes</span> <span class='ocrx_word' id='word_1_190' title='bbox 2379 3035 2507 3106; x_wconf 85' lang='lat' dir='ltr'>est,</span> <span class='ocrx_word' id='word_1_191' title='bbox 2558 3024 2974 3117; x_wconf 80' lang='lat' dir='ltr'>corrigendum</span> <span class='ocrx_word' id='word_1_192' title='bbox 3091 3014 3092 3069; x_wconf 56' lang='lat' dir='ltr'>l</span> 
     </span>
     <span class='ocr_line' id='line_1_25' title="bbox 612 3129 2966 3219; baseline -0.004 -17"><span class='ocrx_word' id='word_1_193' title='bbox 612 3142 867 3215; x_wconf 81' lang='lat' dir='ltr'>manet3</span> <span class='ocrx_word' id='word_1_194' title='bbox 940 3141 1091 3200; x_wconf 91' lang='lat' dir='ltr'>sunt</span> <span class='ocrx_word' id='word_1_195' title='bbox 1146 3133 1508 3219; x_wconf 86' lang='lat' dir='ltr'>complures</span> <span class='ocrx_word' id='word_1_196' title='bbox 1570 3135 1713 3199; x_wconf 84' lang='lat' dir='ltr'>viae</span> <span class='ocrx_word' id='word_1_197' title='bbox 1760 3154 1916 3218; x_wconf 92' lang='lat' dir='ltr'>quas</span> <span class='ocrx_word' id='word_1_198' title='bbox 1961 3136 2124 3198; x_wconf 81' lang='lat' dir='ltr'>inire</span> <span class='ocrx_word' id='word_1_199' title='bbox 2169 3136 2549 3218; x_wconf 87' lang='lat' dir='ltr'>poterimus,</span> <span class='ocrx_word' id='word_1_200' title='bbox 2599 3134 2710 3199; x_wconf 88' lang='lat' dir='ltr'>sed</span> <span class='ocrx_word' id='word_1_201' title='bbox 2755 3129 2966 3198; x_wconf 86' lang='lat' dir='ltr'>nullam</span> 
     </span>
    </p>
   </div>
   <div class='ocr_carea' id='block_1_5' title="bbox 612 3212 3090 3327">
    <p class='ocr_par' dir='ltr' id='par_1_7' title="bbox 612 3212 3090 3327">
     <span class='ocr_line' id='line_1_26' title="bbox 612 3212 3090 3327; baseline -0.003 -19"><span class='ocrx_word' id='word_1_202' title='bbox 612 3242 798 3308; x_wconf 85' lang='lat' dir='ltr'>video</span> <span class='ocrx_word' id='word_1_203' title='bbox 846 3244 1001 3307; x_wconf 90' lang='lat' dir='ltr'>satis</span> <span class='ocrx_word' id='word_1_204' title='bbox 1047 3248 1279 3306; x_wconf 88' lang='lat' dir='ltr'>tutam.</span> <span class='ocrx_word' id='word_1_205' title='bbox 1374 3238 1550 3305; x_wconf 86' lang='lat' dir='ltr'>Malo</span> <span class='ocrx_word' id='word_1_206' title='bbox 1597 3242 1804 3327; x_wconf 83' lang='lat' dir='ltr'>igitur</span> <span class='ocrx_word' id='word_1_207' title='bbox 1847 3260 1982 3304; x_wconf 90' lang='lat' dir='ltr'>rem</span> <span class='ocrx_word' id='word_1_208' title='bbox 2032 3237 2177 3303; x_wconf 89' lang='lat' dir='ltr'>aliis</span> <span class='ocrx_word' id='word_1_209' title='bbox 2222 3237 2596 3324; x_wconf 88' lang='lat' dir='ltr'>relinquere.</span> <span class='ocrx_word' id='word_1_210' title='bbox 3089 3212 3090 3283; x_wconf 55' lang='grc' dir='ltr'>Ῑ</span> 
     </span>
    </p>
   </div>
   <div class='ocr_carea' id='block_1_6' title="bbox 595 3448 2958 4493">
    <p class='ocr_par' dir='ltr' id='par_1_8' title="bbox 702 3448 1526 3518">
     <span class='ocr_line' id='line_1_27' title="bbox 702 3448 1526 3518; baseline -0.002 -1"><span class='ocrx_word' id='word_1_211' title='bbox 702 3451 914 3518; x_wconf 82' lang='lat' dir='ltr'>Stulte</span> <span class='ocrx_word' id='word_1_212' title='bbox 957 3452 1168 3517; x_wconf 91' lang='lat' dir='ltr'>editur</span> <span class='ocrx_word' id='word_1_213' title='bbox 1212 3472 1308 3517; x_wconf 85' lang='grc' dir='ltr'><strong><em>νε.</em></strong></span> <span class='ocrx_word' id='word_1_214' title='bbox 1360 3448 1526 3516; x_wconf 80' lang='lat'>¹727:</span> 
     </span>
    </p>

    <p class='ocr_par' dir='ltr' id='par_1_9' title="bbox 1063 3555 2542 3636">
     <span class='ocr_line' id='line_1_28' title="bbox 1063 3555 2542 3636; baseline 0 -15"><span class='ocrx_word' id='word_1_215' title='bbox 1063 3557 1302 3635; x_wconf 71' lang='grc' dir='ltr'>θάρσει,</span> <span class='ocrx_word' id='word_1_216' title='bbox 1354 3556 1656 3636; x_wconf 54' lang='lat' dir='ltr'>mepte-21·</span> <span class='ocrx_word' id='word_1_217' title='bbox 1706 3557 1813 3620; x_wconf 75' lang='grc' dir='ltr'>καὶ</span> <span class='ocrx_word' id='word_1_218' title='bbox 1861 3556 1990 3635; x_wconf 72' lang='grc' dir='ltr'>γὰρ</span> <span class='ocrx_word' id='word_1_219' title='bbox 2036 3557 2089 3620; x_wconf 78' lang='grc' dir='ltr'>εἰ</span> <span class='ocrx_word' id='word_1_220' title='bbox 2138 3555 2328 3634; x_wconf 74' lang='grc' dir='ltr'><strong><em>γέρων</em></strong></span> <span class='ocrx_word' id='word_1_221' title='bbox 2379 3557 2542 3634; x_wconf 70' lang='grc' dir='ltr'>ἐγώ,</span> 
     </span>
    </p>

    <p class='ocr_par' dir='ltr' id='par_1_10' title="bbox 606 3659 2958 3958">
     <span class='ocr_line' id='line_1_29' title="bbox 1064 3659 2477 3744; baseline -0.001 -17"><span class='ocrx_word' id='word_1_222' title='bbox 1064 3663 1132 3727; x_wconf 81' lang='grc' dir='ltr'>τὸ</span> <span class='ocrx_word' id='word_1_223' title='bbox 1180 3663 1359 3736; x_wconf 79' lang='grc' dir='ltr'><strong><em>τῆςδε</em></strong></span> <span class='ocrx_word' id='word_1_224' title='bbox 1403 3660 1678 3744; x_wconf 73' lang='grc' dir='ltr'><strong><em>χώρας</em></strong></span> <span class='ocrx_word' id='word_1_225' title='bbox 1725 3664 1790 3727; x_wconf 79' lang='grc' dir='ltr'>οὐ</span> <span class='ocrx_word' id='word_1_226' title='bbox 1842 3663 2193 3740; x_wconf 70' lang='grc' dir='ltr'><strong><em>γεγήρακεν</em></strong></span> <span class='ocrx_word' id='word_1_227' title='bbox 2241 3659 2477 3735; x_wconf 64' lang='grc' dir='ltr'><strong><em>σθένες.</em></strong></span> 
     </span>
     <span class='ocr_line' id='line_1_30' title="bbox 609 3768 2958 3857; baseline -0.005 -20"><span class='ocrx_word' id='word_1_228' title='bbox 609 3771 756 3837; x_wconf 88' lang='lat' dir='ltr'>Non</span> <span class='ocrx_word' id='word_1_229' title='bbox 802 3772 921 3835; x_wconf 90' lang='lat' dir='ltr'>hoc</span> <span class='ocrx_word' id='word_1_230' title='bbox 966 3776 1223 3857; x_wconf 81' lang='lat' dir='ltr'>rogarat</span> <span class='ocrx_word' id='word_1_231' title='bbox 1269 3768 1580 3854; x_wconf 85' lang='lat' dir='ltr'>Oedipus,</span> <span class='ocrx_word' id='word_1_232' title='bbox 1633 3772 1744 3854; x_wconf 89' lang='lat' dir='ltr'>qui</span> <span class='ocrx_word' id='word_1_233' title='bbox 1794 3771 2075 3854; x_wconf 90' lang='lat' dir='ltr'>ipsorum</span> <span class='ocrx_word' id='word_1_234' title='bbox 2126 3789 2350 3832; x_wconf 91' lang='lat' dir='ltr'>senum</span> <span class='ocrx_word' id='word_1_235' title='bbox 2373 3817 2389 3845; x_wconf 93' lang='lat'>,</span> <span class='ocrx_word' id='word_1_236' title='bbox 2437 3791 2558 3835; x_wconf 91' lang='lat' dir='ltr'>non</span> <span class='ocrx_word' id='word_1_237' title='bbox 2597 3770 2958 3856; x_wconf 85' lang='lat' dir='ltr'>reliquorum</span> 
     </span>
     <span class='ocr_line' id='line_1_31' title="bbox 606 3873 1957 3958; baseline -0.004 -15"><span class='ocrx_word' id='word_1_238' title='bbox 606 3878 850 3943; x_wconf 86' lang='lat' dir='ltr'>civium</span> <span class='ocrx_word' id='word_1_239' title='bbox 900 3874 1089 3940; x_wconf 85' lang='lat' dir='ltr'>fidem</span> <span class='ocrx_word' id='word_1_240' title='bbox 1138 3874 1593 3958; x_wconf 87' lang='lat' dir='ltr'>imploraverat</span> <span class='ocrx_word' id='word_1_241' title='bbox 1640 3896 1729 3938; x_wconf 85' lang='lat' dir='ltr'>vs.</span> <span class='ocrx_word' id='word_1_242' title='bbox 1787 3873 1957 3939; x_wconf 84' lang='lat'>724:</span> 
     </span>
    </p>

    <p class='ocr_par' dir='ltr' id='par_1_11' title="bbox 1069 3977 2439 4061">
     <span class='ocr_line' id='line_1_32' title="bbox 1069 3977 2439 4061; baseline 0.001 -18"><span class='ocrx_word' id='word_1_243' title='bbox 1069 3977 1110 4043; x_wconf 82' lang='grc' dir='ltr'><strong><em>ὦ</em></strong></span> <span class='ocrx_word' id='word_1_244' title='bbox 1158 3980 1458 4061; x_wconf 69' lang='grc' dir='ltr'>φίλτατοι</span> <span class='ocrx_word' id='word_1_245' title='bbox 1506 3980 1823 4059; x_wconf 74' lang='grc' dir='ltr'><strong><em>γέροντες,</em></strong></span> <span class='ocrx_word' id='word_1_246' title='bbox 1875 3978 1942 4056; x_wconf 74' lang='grc' dir='ltr'>ἐξ</span> <span class='ocrx_word' id='word_1_247' title='bbox 1989 3989 2257 4046; x_wconf 85' lang='grc' dir='ltr'><strong>ΤΜΩΝ</strong></span> <span class='ocrx_word' id='word_1_248' title='bbox 2307 3981 2439 4056; x_wconf 78' lang='grc' dir='ltr'>ἐμοὶ</span> 
     </span>
    </p>

    <p class='ocr_par' dir='ltr' id='par_1_12' title="bbox 595 4085 2954 4493">
     <span class='ocr_line' id='line_1_33' title="bbox 1060 4085 2403 4165; baseline 0.001 -14"><span class='ocrx_word' id='word_1_249' title='bbox 1060 4088 1330 4165; x_wconf 70' lang='grc' dir='ltr'><strong><em>Φαίνοιτ’</em></strong></span> <span class='ocrx_word' id='word_1_250' title='bbox 1380 4085 1454 4149; x_wconf 76' lang='grc' dir='ltr'><strong><em>ἂν</em></strong></span> <span class='ocrx_word' id='word_1_251' title='bbox 1503 4086 1612 4161; x_wconf 65' lang='grc' dir='ltr'>ἤδη</span> <span class='ocrx_word' id='word_1_252' title='bbox 1661 4086 1863 4165; x_wconf 72' lang='grc' dir='ltr'><strong><em>τέρμα</em></strong></span> <span class='ocrx_word' id='word_1_253' title='bbox 1910 4096 2021 4161; x_wconf 76' lang='grc' dir='ltr'>τῆς</span> <span class='ocrx_word' id='word_1_254' title='bbox 2081 4087 2403 4165; x_wconf 74' lang='grc' dir='ltr'><strong><em>σωτηρίοις.</em></strong></span> 
     </span>
     <span class='ocr_line' id='line_1_34' title="bbox 605 4192 2954 4281; baseline -0.003 -18"><span class='ocrx_word' id='word_1_255' title='bbox 605 4198 827 4281; x_wconf 88' lang='lat' dir='ltr'>Neque</span> <span class='ocrx_word' id='word_1_256' title='bbox 874 4194 1113 4260; x_wconf 88' lang='lat' dir='ltr'>debiles</span> <span class='ocrx_word' id='word_1_257' title='bbox 1160 4193 1258 4257; x_wconf 89' lang='lat' dir='ltr'>illi</span> <span class='ocrx_word' id='word_1_258' title='bbox 1305 4213 1482 4258; x_wconf 85' lang='lat' dir='ltr'>senes</span> <span class='ocrx_word' id='word_1_259' title='bbox 1528 4200 1711 4269; x_wconf 87' lang='lat' dir='ltr'>sunt,</span> <span class='ocrx_word' id='word_1_260' title='bbox 1754 4193 1863 4258; x_wconf 89' lang='lat' dir='ltr'>sed</span> <span class='ocrx_word' id='word_1_261' title='bbox 1906 4196 1973 4258; x_wconf 90' lang='lat' dir='ltr'>in</span> <span class='ocrx_word' id='word_1_262' title='bbox 2013 4195 2424 4278; x_wconf 88' lang='lat' dir='ltr'>sequentibus</span> <span class='ocrx_word' id='word_1_263' title='bbox 2464 4195 2596 4259; x_wconf 84' lang='lat' dir='ltr'>vim</span> <span class='ocrx_word' id='word_1_264' title='bbox 2623 4196 2702 4260; x_wconf 87' lang='lat' dir='ltr'>ab</span> <span class='ocrx_word' id='word_1_265' title='bbox 2728 4192 2954 4262; x_wconf 70' lang='lat' dir='ltr'>Creonte</span> 
     </span>
     <span class='ocr_line' id='line_1_35' title="bbox 600 4294 2950 4385; baseline -0.005 -17"><span class='ocrx_word' id='word_1_266' title='bbox 600 4302 852 4367; x_wconf 88' lang='lat' dir='ltr'>illatam</span> <span class='ocrx_word' id='word_1_267' title='bbox 928 4302 991 4365; x_wconf 91' lang='lat' dir='ltr'>vi</span> <span class='ocrx_word' id='word_1_268' title='bbox 1062 4299 1409 4385; x_wconf 89' lang='lat' dir='ltr'>repellunt,</span> <span class='ocrx_word' id='word_1_269' title='bbox 1476 4300 1623 4364; x_wconf 79' lang='lat' dir='ltr'>vide</span> <span class='ocrx_word' id='word_1_270' title='bbox 1683 4301 1873 4384; x_wconf 86' lang='lat' dir='ltr'>modo</span> <span class='ocrx_word' id='word_1_271' title='bbox 1937 4321 2030 4365; x_wconf 83' lang='lat' dir='ltr'>vs.</span> <span class='ocrx_word' id='word_1_272' title='bbox 2096 4298 2248 4376; x_wconf 85' lang='lat'>815,</span> <span class='ocrx_word' id='word_1_273' title='bbox 2317 4299 2471 4377; x_wconf 88' lang='lat'>840,</span> <span class='ocrx_word' id='word_1_274' title='bbox 2521 4299 2677 4385; x_wconf 84' lang='grc'><strong>857,</strong></span> <span class='ocrx_word' id='word_1_275' title='bbox 2725 4299 2861 4366; x_wconf 89' lang='lat' dir='ltr'>alibi</span> <span class='ocrx_word' id='word_1_276' title='bbox 2899 4294 2950 4356; x_wconf 80' lang='lat' dir='ltr'>in</span> 
     </span>
     <span class='ocr_line' id='line_1_36' title="bbox 595 4398 2947 4493; baseline -0.004 -18"><span class='ocrx_word' id='word_1_277' title='bbox 595 4428 817 4493; x_wconf 87' lang='lat' dir='ltr'>scena,</span> <span class='ocrx_word' id='word_1_278' title='bbox 883 4427 1045 4493; x_wconf 87' lang='lat' dir='ltr'>quae</span> <span class='ocrx_word' id='word_1_279' title='bbox 1109 4410 1396 4493; x_wconf 81' lang='lat' dir='ltr'>proxime</span> <span class='ocrx_word' id='word_1_280' title='bbox 1445 4408 1734 4491; x_wconf 87' lang='lat' dir='ltr'>sequitur</span> <span class='ocrx_word' id='word_1_281' title='bbox 1749 4427 1766 4484; x_wconf 88' lang='lat'>;</span> <span class='ocrx_word' id='word_1_282' title='bbox 1817 4410 1883 4471; x_wconf 91' lang='lat' dir='ltr'>et</span> <span class='ocrx_word' id='word_1_283' title='bbox 1936 4407 2191 4472; x_wconf 90' lang='lat' dir='ltr'>etiamsi</span> <span class='ocrx_word' id='word_1_284' title='bbox 2239 4409 2406 4473; x_wconf 82' lang='lat' dir='ltr'>vires</span> <span class='ocrx_word' id='word_1_285' title='bbox 2453 4407 2714 4474; x_wconf 85' lang='lat' dir='ltr'>fortasse</span> <span class='ocrx_word' id='word_1_286' title='bbox 2761 4398 2947 4471; x_wconf 88' lang='lat' dir='ltr'>debili·</span> 
     </span>
    </p>
   </div>
  </div>
 </body>
</html>
