3192 5017
1222 342 1610 396 soruoctu.
2477 322 2611 393 223

310 519 517 605 Supra
573 539 694 585 non
758 519 883 584 tuli
944 519 1312 585 lacrimulas
1369 525 1615 605 septem
1670 519 1907 584 ducum
1970 518 2271 584 adversus
2320 518 2567 585 Thebas
2587 569 2605 602 ‚

223 646 336 690 nee
408 628 609 714 magis
681 626 808 690 fero
870 623 1258 709 Oedipodem
1283 673 1297 702 ‚
1361 628 1467 691 cui
1526 626 1593 689 in
1657 623 2057 689 difficillimis
2120 625 2309 690 rebus
2355 631 2604 710 praeter
2657 660 2664 665 ·

224 732 560 798 muliebria
620 752 799 797 arma
856 730 1019 796 nihil
1066 733 1455 816 suppetebat.
1553 729 1893 816 Scripsisse
1941 730 2219 796 creditur
2267 728 2607 815 Sophocles

229 836 381 902 Oed.
433 836 577 924 Tyr.
627 836 756 903 66:

672 945 823 1008 ἀλλ’
869 942 962 1011 tce
1010 943 1223 1008 πολλὰ
1270 942 1385 1020 μέν
1432 968 1513 1020 με
1563 945 2056 1022 δακρύσαντα
2100 943 2201 1027 δὲ,

676 1051 920 1122 πολλὰς
973 1050 1025 1114 δ’
1075 1050 1240 1121 ὀδοὺς
1291 1048 1563 1115 ἐλθόντα
1611 1050 1924 1130 φροντίδος
1972 1048 2245 1119 πλάνοις.

232 1156 541 1222 Emendat
603 1156 1189 1234 διακρούσαντα.
1255 1155 1349 1221 Cf.
1394 1156 1642 1223 Platon.
1713 1154 1970 1221 Theaet.
2039 1178 2097 1240 p.
2162 1154 2289 1222 179
2337 1154 2430 1219 D:
2503 1156 2611 1229 τὴν

234 1262 559 1340 Φερομένην
620 1262 857 1336 ταύτην
913 1262 1304 1341 ὃιακρούοντα
1370 1261 1497 1327 εἴτε
1562 1262 1730 1340 ὑγιὲς
1776 1261 1898 1327 εἴτε
1947 1258 2174 1341 σαθρὸν
2223 1262 2607 1346 φθέγγεται,

236 1389 490 1452 quorum
564 1370 905 1435 verborum
983 1389 1230 1434 memor
1307 1369 1433 1433 fuit
1498 1368 1816 1434 Lucianus
1877 1388 1944 1431 π’.
2021 1392 2254 1447 παρασ.
2320 1370 2356 1452 ἓ
2403 1370 2468 1445 4,
2536 1369 2613 1434 de

238 1496 366 1560 quo
402 1476 531 1542 loco
574 1497 725 1541 cum
773 1475 1005 1562 agebat
1050 1472 1330 1540 Cobetus
1375 1476 1444 1539 in
1489 1474 1707 1539 Variis
1753 1474 2161 1539 Lectionibus
2201 1496 2261 1559 p.
2286 1474 2444 1549 266,
2484 1494 2610 1539 non

240 1583 585 1649 reeordatus
656 1587 755 1647 est
818 1600 1040 1646 eorum
1103 1600 1265 1665 quae
1326 1580 1570 1665 aliquot
1631 1582 1817 1645 annis
1875 1588 2020 1645 ante
2084 1583 2419 1665 scripserat
2469 1587 2612 1665 post

244 1686 407 1753 Orat.
451 1688 671 1774 Inaug.
720 1709 780 1773 p.
840 1688 987 1751 114.
1038 1683 1336 1753 Ceterum
1388 1688 1609 1753 eadem
1658 1687 1890 1753 chorda
1934 1687 2181 1752 librarii
2242 1690 2614 1753 oberrarunt

244 1796 310 1857 in
355 1793 699 1861 Philocteta
748 1816 843 1861 vs.
898 1792 1063 1859 36¹7:

863 1902 1039 1979 κάγὼ
1087 1900 1394 1979 δακρύσας
1442 1898 1634 1971 εὐθὺς
1684 1898 2059 1976 ἕξανίςαμαι

855 2009 1006 2088 ὀργῆ
1054 2007 1321 2089 βαρείᾳ,

251 2114 351 2180 sed
390 2117 475 2181 ibi
511 2119 643 2202 jam
692 2114 967 2180 Bothius
1012 2119 1185 2180 recte
1230 2115 1539 2199 reposuit:
1589 2113 1842 2193 κᾶγωγ’
1895 2114 2188 2186 ἀκούσας.

336 2322 608 2411 Languet
653 2343 997 2410 pronomen
1052 2325 1223 2396 τινας
1274 2324 1339 2387 in
1389 2324 1602 2400 hisce,
1655 2345 1744 2389 vs.
1803 2323 1965 2389 107:

772 2430 988 2494 τούτου
1036 2427 1329 2502 θανόντος
1380 2435 1480 2492 νῦν
1528 2429 1844 2497 ἐπιςέλλει
1897 2438 2118 2507 σαφῶς

778 2536 919 2606 τοὺς
966 2536 1307 2607 αὐτ-θέντας
1356 2535 1515 2615 χειρὶ
1566 2545 1849 2614 τιμωρεῖν
1897 2561 2135 2607 τινας.

254 2642 465 2708 Parum
523 2649 741 2707 autem
805 2643 1059 2726 prodest
1119 2645 1442 2727 scripsisse
1505 2643 1686 2717 remi,
1751 2663 1911 2727 quae
1959 2644 2272 2728 scriptura
2321 2650 2618 2729 patronos

256 2758 419 2814 nacta
472 2755 566 2814 est
622 2746 1027 2812 Dindorfium
1074 2754 1140 2813 et
1186 2746 1723 2831 Herwerdenum‚
1771 2770 1960 2833 quem
2010 2750 2155 2813 vide
2211 2771 2267 2834 p.
2320 2749 2427 2814 90.
2477 2750 2620 2815 Ele·

259 2859 484 2939 gantius
530 2858 722 2922 foret:
776 2862 1056 2934 τιμωρεῖν
1106 2859 1301 2935 χερί.
2448 2852 2458 2862 ’

331 3064 528 3131 Facile
574 3067 942 3152 agnoscitur
990 3066 1226 3130 vitium
1274 3067 1341 3128 in
1391 3065 1560 3151 regis
1610 3065 1821 3129 verbis
1869 3086 1962 3128 vs.
2015 3064 2187 3132 227:

685 3172 775 3235 κεῖ
825 3171 939 3246 μὲν
985 3169 1285 3249 Φοβεῖται
1313 3219 1329 3245 ,
1381 3169 1756 3245 τοῦπίκλημ·
1811 3168 2118 3246 ὑπεξελὼν

682 3278 868 3347 αὐτὸς
920 3279 1054 3340 καθ’
1109 3277 1320 3353 αὑτοῦ,
1370 3277 1656 3340 πείσεται
1705 3277 1831 3354 γὰρ
1877 3274 2037 3340 ἄλλο
2085 3278 2196 3351 μὲν

687 3384 949 3463 ἆςεργὲς
1000 3383 1199 3460 οὐδὲν,
1248 3392 1369 3459 γῆς
1418 3382 1472 3446 δ’
1521 3380 1768 3445 ἄπεισιν
1816 3384 2142 3461 ἀσφαλής.

251 3485 409 3553 Dicet
463 3490 928 3556 Herwerdenus
991 3511 1102 3553 cur
1150 3491 1418 3553 minime
1466 3488 1858 3553 satisfaciant
1899 3492 2329 3574 conjecturae,
2379 3497 2611 3576 quibus

253 3595 355 3657 viri
399 3596 563 3661 docti
611 3595 959 3679 impeditae
1009 3593 1350 3658 verborum
1398 3601 1754 3658 structurae
1805 3596 2140 3660 subvenire
2188 3601 2393 3662 conati
2445 3608 2611 3664 sunt.

253 3697 407 3777 Quod
469 3722 688 3765 omnes
734 3700 1219 3775 intellexerunt,
1272 3703 1508 3765 vitium
1558 3708 1654 3764 est
1697 3703 1762 3763 in
1810 3703 2146 3786 participio
2195 3703 2503 3778 ὑπεξελών
2554 3716 2616 3770 et

249 3805 403 3872 deest
447 3809 759 3893 apodosis.
854 3805 1017 3870 Mihi
1064 3809 1486 3890 imperativus
1532 3806 1732 3870 latere
1782 3807 2035 3872 videtur
2081 3815 2144 3872 et
2191 3810 2355 3874 nihil
2397 3812 2614 3876 admo-

247 3912 382 3978 dum
428 3915 506 3979 ad
550 3914 678 3978 loci
725 3914 1161 3999 integritatem
1212 3912 1707 3989 desideraretur,
1745 3915 1798 3983 si
1833 3913 2154 4000 legeretur
2191 3916 2615 3992 ἐλεγξάτω.

249 4014 542 4085 Continuo
588 4022 910 4103 sequitur:

705 4127 756 4189 εἰ
806 4126 860 4190 δ’
909 4123 989 4191 αὖ
1034 4149 1126 4197 τις
1176 4123 1369 4189 ἄλλον
1416 4118 1570 4189 οἶδεν
1622 4123 1690 4201 ἐξ
1736 4123 1935 4202 ἄλλης
1985 4123 2212 4206 χθονὸς

683 4232 786 4296 τὸν
836 4228 1207 4312 αὐτόχειρα,
1257 4234 1344 4307 μὴ
1393 4232 1706 4296 ammireo.

252 4334 594 4415 Ἐλεγξατω
665 4345 727 4403 et
797 4337 1089 4401 σιωπατω
1154 4339 1276 4402 sibi
1337 4338 1752 4423 respondent,
1819 4359 2021 4422 neque
2086 4340 2282 4405 nimis
2331 4346 2609 4412 violenta

255 4448 503 4510 mutatio
554 4446 812 4513 videtur
853 4446 1225 4528 praesertim
1274 4447 1342 4508 in
1390 4451 1675 4511 extremo
1720 4448 1953 4510 senarii
2004 4447 2183 4531 pede.
