3192 5017
635 295 768 362 260
1654 312 2019 361 nummus.

637 484 913 551 diderim
960 485 1089 551 fere
1135 505 1352 552 veram
1401 485 1785 570 scripturam
1833 501 2003 549 esse:

958 590 1145 673 τέκνῳ
1192 587 1558 671 προσαψασ’
1608 587 1818 656 ἔλιπεν
1864 589 1938 653 ἐν
1988 612 2027 653 τ·
2041 612 2069 654 ο
2085 597 2152 664 ἴς
2202 614 2240 654 σ
2256 615 2307 656 π
2321 613 2365 655 α
2379 613 2409 671 ρ
2427 615 2474 670 y
2494 591 2537 657 αὶ
2559 616 2589 656 ν
2606 615 2634 655 o
2652 615 2670 656 ι
2691 614 2742 661 ς.

731 799 838 867 Va.
887 799 1009 866 24:
1595 799 1737 867 ὅθεν
1782 799 2214 883 Ἐρεχθείδαις
2265 803 2440 868 ἐκεῖ

1182 906 1358 984 νόμος
1407 907 1502 980 τίς
1551 908 1676 976 ἕςιν
1722 907 1935 989 ὄφεσιν
1983 909 2043 974 ἐν
2088 907 2508 991 χρυσηλάτοις

1179 1014 1427 1096 τρέφειν
1473 1013 1685 1079 τέκνα.

638 1118 805 1188 Cum
852 1118 1153 1185 Barnesio
1200 1120 1388 1187 hodie
1434 1120 1538 1186 edi
1582 1119 1746 1186 solet
1792 1116 1880 1188 ἔτι
1902 1143 1917 1161 ·
1968 1121 2192 1188 malim
2243 1124 2333 1187 αε
2353 1122 2394 1187 ι’.

729 1330 839 1398 Vs.
913 1332 1000 1397 54
1066 1352 1394 1419 perperam
1464 1330 1827 1398 Mercurius
1895 1330 2111 1397 Ionem
2175 1332 2642 1416 χρυσοφύλακα
2707 1335 2809 1398 τοῦ
2862 1328 2971 1394 θεοῦ

637 1437 952 1524 appellat,
1017 1442 1128 1524 qui
1190 1438 1487 1505 aedituus
1548 1442 1683 1502 erat
1746 1436 1851 1503 vel
1912 1438 2199 1516 ἑρμηνεύς
2225 1485 2241 1515 ,
2308 1458 2431 1523 quo
2479 1438 2790 1505 vocabulo
2832 1442 2973 1522 poeti*
3072 1464 3073 1519 γ

635 1546 844 1610 utitur
903 1544 1043 1630 Iph.
1107 1543 1300 1610 Taur.
1374 1541 1566 1609 1302.
1633 1541 1868 1628 Scopas
1928 1543 2118 1609 habet
2163 1544 2394 1629 quibus
2442 1545 2667 1611 aedem
2715 1546 2893 1611 verrit
2929 1548 2973 1604 et

634 1656 887 1716 noctem
958 1649 1110 1717 foris
1180 1648 1392 1737 degit,
1460 1650 1652 1714 sicuti
1713 1657 1972 1734 apparet
2035 1670 2068 1714 e
2133 1670 2320 1715 versu
2382 1649 2515 1715 315
2581 1671 2660 1716 ex
2710 1643 2972 1736 probabili

633 1755 1001 1844 Musgravii
1068 1755 1540 1823 emendatione:
1615 1755 1998 1837 ἁπανταχοῦ
2062 1778 2166 1832 μοι
2227 1755 2379 1835 δῶμ’
2438 1754 2510 1821 ἵν’
2573 1755 2652 1821 ἂν
2716 1754 2879 1834 λάβῃ
2924 1752 2973 1825 μ’

636 1859 838 1935 ὕπνος.
888 1862 1061 1928 Hinc
1108 1863 1304 1928 etiam
1352 1882 1448 1927 vs.
1505 1860 1673 1927 414:
1728 1864 1872 1938 ἡμῖν
1918 1860 2003 1927 τά
2051 1866 2118 1941 γ’
2168 1859 2322 1939 ἔξω,
2370 1869 2488 1927 τῶν
2538 1861 2653 1927 ἔσω
2705 1862 2757 1927 δ’
2803 1859 2973 1927 ἄλλοις

634 1968 837 2047 μέλει.
900 1965 1135 2035 Contra
1180 1968 1589 2049 ἱεροφύλακες
1638 1973 2017 2033 nocturnum
2065 1972 2321 2054 tempus
2368 1969 2612 2057 degunt
2660 1972 2731 2035 in
2780 1968 2976 2055 postica

635 2074 808 2149 aedis
855 2082 1066 2160 parte,
1117 2074 1195 2141 cf.
1245 2073 1382 2161 Iph.
1433 2073 1625 2141 Taur.
1680 2072 1875 2152 1027,
1927 2074 2004 2140 de
2050 2094 2173 2159 quo
2221 2073 2358 2140 loco
2404 2073 2737 2162 Bergkius
2776 2075 2897 2162 egit
2929 2074 2975 2134 in

635 2180 862 2247 Museo
909 2180 1213 2246 Rhenano
1260 2179 1459 2245 XVII.
1515 2179 1669 2245 588.
1718 2180 1811 2246 Hi
1855 2179 2336 2261 χρυσοφύλακες
2383 2188 2533 2247 sunt
2577 2203 2699 2247 nec
2743 2176 2975 2248 thesauri

631 2308 782 2353 cura
852 2288 1375 2353 committebatur
1445 2287 1822 2372 apparitori,
1895 2285 2100 2371 qualis
2170 2286 2285 2352 Ion
2355 2294 2510 2352 erat.
2614 2285 2828 2353 Sensit
2888 2284 2974 2348 hoc

630 2393 991 2477 Nauckius,
1066 2394 1176 2478 qui
1239 2382 1613 2471 ναοφύλακα
1675 2392 2184 2468 commendavit,
2247 2392 2357 2458 sed
2427 2392 2618 2477 paulo
2687 2394 2920 2478 propius
2950 2405 2976 2449 ι

632 2499 872 2565 tradita
918 2501 1231 2584 scriptura
1279 2498 1458 2563 abest
1507 2498 1742 2578 θριγκ
1764 2497 2185 2580 οφύλακα,
2231 2519 2379 2563 nam
2418 2518 2530 2583 pro
2567 2520 2634 2563 re
2677 2506 2825 2565 nata
2862 2492 2977 2561 talia
3078 2526 3079 2549 ι

632 2606 980 2690 composita
1047 2605 1322 2670 formare
1382 2607 1490 2690 jus
1560 2609 1675 2668 est.
1772 2603 2037 2683 Θριγκός
2111 2610 2206 2669 est
2275 2604 2652 2670 deauratum
2731 2610 2973 2688 saeptum

632 2715 801 2777 saxis
869 2715 1221 2787 structum,
1295 2730 1419 2795 quo
1489 2709 1759 2795 adytum
1829 2708 2055 2793 templi
2125 2708 2622 2775 circumclusum
2698 2717 2865 2781 erat,
2918 2704 2973 2770 cf.

633 2817 784 2884 Otto
845 2814 1126 2882 Hensius
1173 2816 1250 2882 ad
1297 2816 1458 2881 hanc
1504 2814 1792 2880 fabulam
1841 2836 1902 2900 p.
1961 2813 2058 2879 10.
2113 2814 2441 2896 Quantum
2493 2815 2679 2881 video
2705 2863 2722 2894 ,
2774 2812 2975 2879 Badha-

634 2944 779 2990 mus
826 2922 905 2988 ad
952 2943 1045 2989 vs.
1102 2920 1273 2988 1325
1323 2932 1388 2987 et
1433 2920 1847 2987 Enthovenus
1894 2942 1956 3006 p.
2007 2919 2093 2985 46
2142 2942 2180 2986 a
2225 2941 2375 2987 vero
2424 2922 2820 2987 aberrarunt.

722 3134 830 3202 Vs.
878 3132 1032 3212 248,
1099 3136 1154 3199 si
1201 3131 1457 3218 quidem
1506 3135 2038 3198 constructionem
2084 3132 2424 3199 verborum
2474 3134 2630 3198 bene
2683 3130 2973 3217 intelligo.

633 3262 746 3327 pro
799 3237 1080 3305 ἐλθεῖν
1126 3237 1556 3324 reponendum
1606 3244 1701 3303 est
1748 3235 1970 3304 ἐλθόνε

1090 3340 1132 3409 ὦ
1178 3342 1353 3428 ξένε,
1400 3344 1471 3408 τὸ
1520 3346 1633 3420 μὲν
1680 3344 1785 3408 σὸν
1830 3345 1938 3410 οὐκ
1986 3345 2376 3418 ἀπαιδεύτως
2426 3343 2561 3425 ἔχει

1088 3452 1148 3525 ἐς
1193 3449 1483 3528 θαύματ’
1532 3449 1771 3515 ἐλθὸν
1819 3449 2087 3533 δακρύων
2135 3452 2293 3531 ἐμῶν
2345 3452 2499 3533 πέρι.

722 3665 902 3730 Licet
973 3662 1436 3728 Herwerdenus
1506 3666 1571 3727 in
1645 3668 1948 3749 perpetuo
2009 3663 2467 3729 commentario
2529 3663 2718 3730 sileat
2737 3714 2755 3748 ,
2818 3664 2977 3728 fateor

632 3794 735 3839 me
784 3772 1156 3855 neutiquam
1206 3769 1500 3854 expedire
1549 3790 1727 3854 posse
1776 3766 2047 3836 Creusae
2094 3771 2287 3836 verba
2334 3791 2428 3836 vs.
2481 3769 2650 3838 276:

994 3874 1061 3940 τί
1104 3873 1305 3956 χρῆμ’
1359 3876 1620 3958 ἐρωτᾷς;
1670 3876 1774 3940 καὶ
1824 3876 1982 3956 γὰρ
2030 3877 2095 3941 οὐ
2143 3875 2425 3953 κάμνω
2473 3886 2718 3960 σχολῇ,

631 3982 791 4049 nihil
850 3984 1019 4047 enim
1080 3982 1424 4047 admodum
1493 3986 1589 4047 est
1611 4030 1625 4058 ,
1689 4003 1801 4048 cur
1865 3984 2121 4047 absente
2169 3985 2402 4049 marito
2451 3985 2671 4071 regina
2718 3984 2971 4049 festinet.

629 4111 775 4155 nam
837 4087 1161 4173 aliquanto
1223 4093 1366 4173 post
1427 4088 1725 4161 demum,
1787 4110 1880 4155 vs.
1935 4086 2088 4165 332,
2135 4091 2312 4154 venit
2352 4091 2412 4153 ei
2460 4092 2527 4154 in
2575 4098 2846 4155 mentem
2891 4101 2974 4169 per

629 4196 841 4261 Ionem
917 4192 1276 4278 Apollinem
1342 4193 1419 4258 de
1473 4195 1798 4259 communi
1858 4193 1988 4260 filio
2050 4197 2462 4282 interrogare.
2555 4194 2680 4261 Sed
2740 4198 2973 4259 miratur

627 4301 1094 4366 adulescentem
1145 4304 1209 4365 in
1259 4308 1469 4366 vetere
1514 4298 1913 4366 Athenarum
1961 4301 2227 4366 historia
2279 4309 2412 4367 tam
2462 4305 2813 4372 curiosum.
2849 4314 2965 4363 cum

621 4427 883 4474 suarum
945 4427 1156 4472 rerum
1220 4413 1473 4494 satagat
1490 4454 1508 4484 ,
1576 4407 1743 4491 quod
1789 4426 2013 4492 scopae
2059 4413 2123 4472 et
2170 4428 2353 4475 arcus
2398 4407 2737 4474 declarant.
2830 4402 2967 4470 Hinc
