3192 5017
1299 323 1515 393 impos.
2460 305 2590 393 31⁵5

321 515 592 584 Absurde
641 517 828 582 lectio
874 521 972 582 est
1016 541 1290 583 sessores.
1339 516 1839 603 Nonnumquam
1886 539 2083 583 sessor
2129 515 2207 583 de
2248 539 2320 584 eo
2357 519 2594 584 dicitur

240 627 334 709 qui
393 625 454 688 in
522 623 737 708 aliquo
806 621 945 687 loco
1012 623 1328 699 consedit,
1394 629 1467 688 ut
1528 646 1724 688 sessor
1782 627 1850 688 in
1913 648 2101 689 vacuo
2158 624 2435 702 theatro,
2484 625 2594 690 sed

237 728 401 817 longe
443 732 691 814 saepius
735 753 933 794 sessor
968 728 1325 814 appellatur
1365 731 1475 814 qui
1514 749 1677 815 equo
1715 729 1948 796 insidet
1985 729 2346 816 diciturque
2386 751 2587 815 equus

237 858 494 901 amorem
577 858 702 901 non
784 837 1110 900 admittere
1129 882 1145 912 ‚
1216 857 1504 900 sessorem
1573 857 1851 901 recusare
1871 884 1886 912 ,
1959 858 2249 902 sessorem
2318 849 2588 903 excutere

237 946 290 1006 et
328 944 461 1007 sim.

311 1049 690 1115 Poseeeeores
710 1097 725 1126 ,
765 1047 932 1134 quod
969 1047 1365 1135 Heerwagen
1392 1049 1794 1133 emendavit,
1820 1070 2022 1135 neque
2047 1049 2592 1116 commendatione

236 1162 357 1242 eget
399 1177 603 1240 neque
649 1156 1035 1220 testimonio.
1130 1154 1487 1239 Adscripsit
1534 1161 1752 1220 tamen
1802 1152 1972 1234 „Cic
2026 1153 2142 1221 Off.
2192 1156 2280 1222 ΙΙ.
2322 1158 2359 1242 ξ
2399 1154 2484 1221 78
2531 1165 2596 1221 et

232 1258 385 1327 Suet.
431 1261 681 1327 Domit.
731 1260 833 1325 9.’'
1946 1322 1956 1332 .

306 1368 377 1432 cf.
450 1368 673 1433 Timol.
723 1366 837 1432 111.
887 1365 967 1430 2:
1036 1368 1262 1432 civibus
1317 1368 1613 1432 veteribus
1668 1391 1781 1431 sua
1843 1372 2148 1446 restituit,
2212 1374 2383 1436 novis
2444 1371 2593 1436 bello

229 1474 591 1560 vacuefactas
630 1475 1038 1562 poeeeesionee
1082 1475 1310 1538 divisit.

308 1682 532 1750 Cimon.
603 1684 729 1749 ΙΙΙ.
798 1683 876 1748 33
925 1685 1026 1749 ille
1070 1686 1237 1771 quod
1283 1684 1549 1772 hospitio
1600 1685 2221 1753 Lacedaemoniorum
2268 1690 2591 1766 utebatur,

222 1794 396 1854 natiue
454 1793 820 1856 existimans
881 1793 1232 1855 contendere
1290 1789 1806 1855 Lacedaemonem
1824 1838 1841 1867 ,
1891 1815 2005 1855 sua
2051 1807 2264 1880 sponte
2309 1808 2398 1860 eet
2437 1819 2595 1884 pro-

218 1897 391 1978 fectus
427 1920 771 1985 pacemque
812 1899 974 1962 inter
1019 1899 1177 1961 duae
1213 1898 1682 1984 potentissimae
1728 1898 2001 1963 civitatee
2046 1899 2411 1966 conciliavit.

295 2002 549 2069 Primus
621 2003 1014 2079 Lambinus,
1083 2023 1247 2067 unus
1317 2002 1609 2067 omnium
1673 2006 2265 2086 praestantissimus
2328 2005 2597 2091 Nepotis

219 2110 508 2195 interpres
547 2115 614 2176 et
655 2108 1045 2192 emendator,
1085 2110 1283 2174 sensit
1324 2110 1490 2173 inter
1523 2111 1720 2173 satius
1756 2111 2118 2175 existimans
2158 2116 2224 2176 et
2246 2115 2597 2177 contendere

221 2235 503 2304 magnam
569 2216 871 2281 lacunam
922 2235 1057 2281 esse
1103 2235 1367 2299 eamque
1413 2214 1667 2299 explere
1714 2221 1977 2280 conatus
2025 2222 2142 2282 est.
2236 2216 2412 2284 Duce
2459 2239 2595 2284 sen-

223 2324 405 2387 tentia
472 2322 692 2388 locum
764 2323 830 2386 in
900 2322 1071 2386 hune
1133 2321 1332 2386 ferme
1392 2321 1659 2386 modum
1725 2321 2330 2410 redintegraverim:
2400 2327 2596 2389 satius

223 2430 564 2495 antimum
631 2425 968 2494 Gnsnoin
1030 2443 1364 2493 01v1‘1'A'1'BS
1422 2445 1506 2492 nn
1552 2443 2048 2495 conrnovnnsne
2095 2445 2234 2496 ems
2280 2447 2474 2495 mue
2521 2446 2598 2496 sn

226 2549 359 2599 lm
441 2551 839 2601 mscnrwsmt
922 2550 1099 2609 QUAM
1182 2549 1379 2598 Akme
1447 2536 1828 2610 contendere,
1896 2534 2409 2602 Lacedaemonem
2481 2561 2594 2602 eua

225 2654 418 2726 cponte
460 2655 552 2707 eet
590 2642 938 2729 profectus.

301 2746 619 2814 Lacunam
679 2767 813 2813 esse
873 2749 1041 2811 inter
1099 2749 1297 2811 satius
1356 2749 1717 2811 existimans
1780 2753 1843 2812 et
1901 2751 2253 2813 contendere
2313 2748 2639 2814 dubitari

225 2869 333 2917 non
389 2860 616 2939 potest.
714 2851 871 2918 Post
928 2854 1126 2917 satius
1187 2854 1593 2938 perspicuum
1657 2859 1752 2918 est
1813 2876 2003 2939 quam
2064 2855 2331 2938 requiri,
2383 2859 2448 2920 et
2503 2857 2596 2921 sic

224 2962 486 3025 nascitur
545 2960 705 3025 haee
766 2960 1112 3043 oppositio:
1160 2961 1357 3023 satius
1402 2971 1491 3025 eet
1534 2976 1687 3023 mnu
1732 2974 2127 3025 msourrsnn
2173 2976 2352 3035 otum
2400 2977 2594 3027 sums

225 3068 591 3142 contendere,
639 3065 810 3130 unde
855 3064 1102 3149 reliqua
1148 3073 1368 3149 sponte
1403 3070 1804 3130 enascuntur.
1855 3062 2166 3150 Compara
2207 3064 2591 3132 Sallustium

225 3166 351 3254 luy.
398 3170 520 3237 21:
587 3174 661 3236 de
716 3173 1140 3236 controversiis
1188 3173 1315 3234 euie
1360 3172 1495 3235 iure
1531 3173 1748 3258 potine
1794 3195 1982 3257 quam
2028 3171 2177 3237 bello
2221 3174 2559 3261 disceptare
2580 3220 2596 3252 ,

224 3273 324 3339 ubi
377 3277 587 3343 multa
646 3276 886 3342 similia
947 3274 1201 3343 cortina
1263 3274 1519 3354 attulit,
1583 3276 1652 3341 in
1714 3278 1817 3342 his
1866 3273 2199 3343 Gaesarem
2246 3281 2321 3343 de
2366 3278 2452 3343 B.
2514 3275 2596 3344 G.

225 3376 321 3445 111.
373 3382 538 3450 107:
589 3386 663 3448 de
707 3385 1129 3448 controvereiie
1173 3386 1308 3448 iure
1355 3385 1530 3471 apud
1571 3405 1634 3448 ee
1670 3386 1886 3471 potius
1931 3407 2122 3470 quam
2165 3386 2327 3450 inter
2372 3407 2433 3450 ee
2493 3410 2597 3450 ar·

228 3489 332 3551 mie
376 3491 731 3578 disceptare.

304 3591 587 3661 Similior
645 3598 842 3661 etiam
904 3601 1000 3660 est
1061 3595 1242 3661 locus
1310 3594 1634 3661 Ciceronis
1685 3620 1812 3683 pro
1866 3595 2123 3662 Caecina
2174 3598 2210 3682 ξ
2263 3597 2335 3662 13
2387 3621 2597 3664 verum

228 3709 276 3760 et
318 3700 469 3766 illud
510 3703 881 3767 considerati
924 3702 1189 3766 hominis
1235 3724 1356 3768 eece
1399 3705 1647 3789 putavit
1692 3726 1817 3788 qua
1863 3705 1937 3768 de
1982 3725 2048 3768 re
2092 3705 2227 3769 iure
2264 3706 2597 3793 disceptari

229 3818 517 3888 oporteret
561 3810 758 3871 armis
802 3830 924 3871 non
970 3810 1343 3873 contendere.

317 4014 547 4090 Cimon.
619 4017 743 4084 111.
809 4017 884 4081 43
968 4017 1247 4104 Cyprum
1319 4056 1399 4065 —
1473 4021 1816 4106 imperator
1899 4022 2122 4085 missus
2192 4043 2329 4083 cum
2403 4019 2596 4103 [eius]

233 4125 504 4188 maiorem
543 4137 791 4212 partem
836 4124 1070 4189 insulae
1114 4126 1422 4189 devicisset
1469 4128 1534 4189 in
1575 4125 1858 4190 morbum
1906 4126 2242 4212 implicitus
2287 4139 2396 4191 eet.

310 4227 643 4295 Mirificam
712 4230 1053 4295 verborum
1116 4229 1639 4314 compositionem
1687 4231 1905 4306 vides,
1951 4231 2060 4296 sed
2102 4229 2243 4298 dele
2281 4234 2439 4297 eius:
2484 4240 2594 4305 τῆς

236 4334 414 4419 νήσου,
461 4358 582 4400 non
630 4336 862 4407 ταύτης
912 4344 1020 4410 τῆς
1071 4337 1265 4410 νήσου,
1313 4340 1390 4400 τὰ
1439 4339 1647 4400 mand:
1693 4340 2251 4418 κατκςρεψὲμενος
2293 4339 2593 4414 ἐνόσησεν.
