3192 5017
1291 348 1514 394 Ρωτο.
2465 325 2595 389 349

196 536 318 600 qua
387 518 641 582 ratione
701 517 875 583 Deus
934 516 1052 589 τὰς
1115 519 1317 589 κακὰς
1383 516 1634 596 προέξεις
1688 514 2059 601 prohibeat?
2114 516 2295 582 Hanc
2344 520 2596 583 animae

195 627 259 686 et
303 622 593 707 corporis
644 624 1010 689 societatem
1051 621 1452 689 dirimendo?
1492 628 1580 690 At
1619 623 1685 688 id
1724 623 1983 707 quidem
2025 622 2160 688 fieri
2197 644 2322 689 non
2368 628 2595 708 potest,

195 747 342 791 nam
407 726 604 792 illam
665 734 999 814 postquam
1053 730 1252 796 semel
1298 731 1466 796 facta
1514 737 1610 795 est
1662 727 2041 815 (γενόμενον)
2092 729 2416 807 ἀνώλεθρον
2463 750 2597 795 esse

199 833 438 910 voluit,
527 834 814 919 alioquin
894 856 1098 922 genus
1169 835 1548 901 animalium
1622 837 1881 901 omnino
1951 856 2089 900 esse
2154 856 2278 900 non
2349 842 2597 921 posset:

194 940 620 1023 quamobrem
674 943 848 1006 viam
895 941 1042 1006 iniit
1088 939 1243 1007 cet.”
1338 940 1810 1026 Disputationis
1859 942 2170 1007 rationem
2218 941 2598 1006 adumbravi

195 1052 268 1110 ut
333 1052 676 1132 appareret
736 1067 927 1130 quam
993 1048 1215 1134 putide
1280 1051 1629 1114 orationem
1695 1050 2229 1133 interrumperent
2276 1047 2391 1113 illa
2439 1067 2600 1132 quae

197 1151 531 1236 hucusque
584 1159 715 1217 tam
766 1155 1079 1237 patienter
1127 1153 1429 1230 tulimus,
1482 1156 1632 1218 ἀλλ’
1681 1155 1789 1219 οὐκ
1835 1155 2064 1219 αἰώνιον
2109 1160 2173 1219 et
2219 1152 2498 1233 καθάπερ
2548 1154 2598 1218 οἱ

195 1258 368 1323 κατὰ
442 1258 628 1335 νόμον
689 1257 853 1331 ὄντες
922 1259 1059 1324 θεοί.
1131 1257 1465 1347 Coniunge
1528 1281 1691 1344 quae
1754 1280 1789 1325 a
1837 1260 2046 1325 scriba
2092 1265 2156 1324 et
2203 1264 2489 1344 separata
2535 1264 2601 1324 et

196 1363 364 1430 male
412 1363 592 1430 lecta
635 1371 784 1429 sunt
829 1371 894 1429 et
945 1365 1108 1429 unde
1156 1366 1436 1451 profecta
1482 1370 1613 1432 sint
1659 1366 1940 1431 videbis:
2010 1367 2182 1451 [ἀλλ’
2223 1366 2330 1430 οὐκ
2371 1363 2600 1431 αἰώνιον

195 1470 481 1547 καθάπερ
531 1471 586 1535 οἱ
636 1468 784 1535 κατ’
834 1471 997 1534 οὕΰὸν
1046 1470 1211 1541 ὄντες
1253 1472 1424 1556 θεοί].

286 1574 584 1641 Vixdum
658 1597 736 1641 ex
805 1577 905 1641 his
966 1579 1207 1653 arenis,
1267 1597 1430 1663 quae
1489 1576 1727 1641 flumen
1788 1576 2193 1643 Platonicum
2260 1579 2598 1644 obstruunt

198 1702 453 1765 proram
531 1681 906 1759 evellimus,
980 1703 1129 1747 cum
1195 1679 1370 1748 ecce!
1437 1682 1517 1748 ad
1577 1703 1802 1767 rupem
1866 1685 2325 1771 impingimus:
2373 1684 2479 1748 καὶ
2530 1684 2598 1747 τὸ

201 1790 312 1863 μὲν
370 1791 649 1868 ὠφελεῖν
707 1787 804 1852 ἀεὶ
869 1787 1185 1868 πεφυκός,
1248 1786 1383 1853 ὅσον
1442 1788 1682 1866 ἀγαθὸν
1749 1795 2006 1870 ψυχῆς,
2053 1789 2332 1864 διενοήθη.
2433 1791 2601 1870 Quid
2660 1790 2663 1791 ⁷

203 1894 357 1959 haec
448 1895 580 1960 sibi
654 1894 858 1961 velint
928 1915 1116 1960 nemo
1184 1893 1373 1961 facile
1442 1893 1704 1971 dixerit3
1782 1895 1937 1978 quid
2004 1894 2192 1960 Plato
2263 1896 2601 1961 dicendum

203 1999 506 2066 habuerit
567 2021 645 2065 ex
708 2003 1073 2086 argumenti
1137 2007 1350 2065 tenore
1397 2002 1611 2084 quivis
1659 1998 1925 2087 colligat
1972 2037 2057 2048 —
2106 2021 2334 2086 nempe
2382 2000 2485 2066 καὶ
2535 2001 2604 2065 τὸ

207 2106 321 2181 μὲν
368 2108 645 2188 ὠφελεῖν
692 2106 789 2170 ἀεὶ
839 2107 1117 2186 πεφυκὸς
1169 2098 1197 2169 ὃ
1239 2105 1315 2171 ἂν
1352 2105 1592 2183 ἀγαθὸν
1630 2106 1813 2186 ψυχὴ
1853 2107 2147 2184 διανοηθῇ.
2195 2106 2353 2173 Mox
2377 2107 2602 2193 supple

209 2217 468 2276 νικῶσαν
543 2212 712 2297 (μὲν)
781 2213 1036 2296 ἀρετήν,
1088 2251 1171 2301 -.
1221 2217 1285 2277 et
1352 2220 1463 2288 τῆς
1537 2211 1599 2277 δὲ
1670 2212 1963 2288 γενέσεως
2036 2216 2172 2299 (τῆς
2235 2215 2367 2302 τοῦ)
2434 2215 2605 2279 ποίου

208 2317 388 2391 τινός.
445 2356 530 2368 -
583 2318 795 2383 Verba
842 2314 960 2398 ὅπη
1007 2320 1132 2399 γὰρ
1181 2317 1568 2401 ἂν.ἐπιθυμῇ
1608 2319 1713 2382 καὶ
1755 2319 1952 2393 ὁποῖός
1987 2344 2080 2392 τις
2115 2321 2193 2386 ὧν
2232 2323 2342 2394 τὴν
2365 2321 2604 2402 ψυχήν,

216 2425 417 2506 ταύτῃ
490 2424 722 2505 σχεδὸν
793 2423 1049 2492 ἑκῶςοτε
1109 2425 1214 2490 καὶ
1276 2430 1539 2497 τοιοῦτος
1605 2425 1898 2502 γίγνεται
1958 2423 2133 2498 ἅπας
2197 2429 2363 2504 ἡμῶν
2409 2428 2485 2498 ὦς
2533 2428 2605 2492 τὸ

213 2532 373 2596 πολύ
395 2578 412 2608 ,
491 2529 641 2616 plus
702 2550 892 2615 quam
959 2551 1160 2595 unum
1221 2532 1461 2596 vitium
1522 2530 1725 2596 alunt.
1818 2530 1891 2596 Si
1937 2553 2123 2618 quem
2174 2554 2466 2620 rogares,
2518 2544 2605 2616 πῇ·

216 2637 574 2714 ἐπιθυμεῖς,
640 2645 753 2701 aut
815 2638 870 2701 si
934 2639 1037 2701 cui
1087 2636 1325 2701 diceres
1369 2636 1570 2716 ταύτῃ
1617 2636 1954 2716 γίγνομαι,
2002 2637 2227 2725 lingua
2273 2642 2492 2727 ignota
2542 2647 2606 2705 te

215 2745 313 2806 uti
379 2747 662 2829 putaret.
761 2741 1058 2827 Suspicor
1127 2740 1460 2806 Platonem
1517 2762 1553 2806 a
1623 2745 1829 2827 po'e'tis
1901 2744 2166 2809 verbum
2233 2752 2604 2810 mutuatum

214 2867 346 2914 esse
409 2858 475 2916 et
540 2849 895 2934 scripsisse:
944 2845 1063 2928 ὅπη
1106 2849 1232 2926 γὰρ
1281 2846 1357 2912 ἂν
1407 2849 1651 2927 {mom
1698 2849 1801 2912 καὶ
1852 2849 2052 2922 ὁποῖός
2100 2874 2195 2922 τις
2243 2853 2319 2915 ὧν
2366 2854 2602 2932 ψυχήν.

216 2954 369 3020 Post
440 2954 704 3024 ἑκάς-ατε
775 2954 939 3019 nihil
1016 2955 1249 3020 melius
1319 2957 1681 3042 excogitare
1751 2957 1931 3040 potui
2000 2977 2192 3040 quam
2259 2959 2602 3037 πορεύεται.

217 3060 396 3135 Quae
441 3067 514 3127 in
562 3063 849 3148 proxima
895 3062 1060 3140 ῥήσει
1107 3061 1480 3147 corrigenda
1520 3064 1651 3126 sint
1691 3061 1968 3127 breviter
2000 3063 2325 3129 indicabo:
2377 3064 2481 3128 καὶ
2524 3067 2607 3129 τὰ

214 3168 324 3243 μὲν
387 3167 763 3248 σμικρότερα
814 3205 897 3216 -
951 3169 1096 3253 [τῶν
1158 3166 1499 3250 ὀνομάτων]
1551 3205 1636 3216 --
1684 3169 2115 3242 ἀπολυθέντες.
2168 3171 2278 3236 sed
2326 3174 2607 3237 etiamne

216 3280 504 3341 mortuos
565 3275 955 3356 ὀνειροπολεῖν
1020 3270 1271 3338 censet?
1364 3273 1662 3358 Suspicor
1720 3274 2027 3339 excidisse
2091 3275 2335 3361 aliquid
2391 3277 2611 3343 huius·

218 3382 420 3447 modi:
478 3381 909 3460 ὄνειροπολοῦσι
957 3378 1244 3455 (δεδιότες
1286 3377 1322 3443 δ’
1359 3404 1417 3443 τι
1469 3380 1620 3444 ποτὲ
1658 3381 2001 3465 πείσονται)
2041 3383 2449 3455 ἀπολυθέντες
2491 3390 2607 3448 τῶν

219 3486 544 3564 σωμάτων.
599 3524 679 3534 -
731 3486 953 3566 μείζων
1023 3485 1082 3549 δὲ
1141 3485 1322 3564 ψυχή
1392 3492 1577 3570 (quae
1641 3494 1767 3558 τοῖς
1832 3487 2237 3567 σμικροτέροις
2299 3490 2417 3554 τῶν
2466 3493 2611 3565 ἠθῶν

221 3594 586 3679 opponitur)
643 3629 721 3640 -—-
769 3593 1068 3670 γενομένη
1108 3590 1341 3673 ἰσχυροί
1379 3629 1463 3640 -
1507 3592 1882 3672 διαφέροντα
1924 3593 2028 3657 καὶ
2069 3595 2395 3673 μετέβαλε
2437 3597 2528 3682 (h.
2555 3619 2615 3663 e.

221 3698 630 3780 διαφερούσας
707 3701 807 3763 καὶ
874 3698 988 3770 τὰς
1056 3698 1430 3775 μεταβολὰς
1495 3695 1691 3779 ἔσχε,
1759 3709 1830 3764 ut
1890 3721 2083 3786 supra
2144 3702 2612 3780 μεταβαλόντα

224 3805 494 3883 ἐλάττω)
566 3806 846 3884 οὐρανίαν
921 3802 1050 3869 ὁδὸν
1122 3806 1675 3882 μετακομισθεῖσα.
1746 3808 1812 3870 in
1879 3809 2111 3890 quibus
2170 3812 2348 3894 prius
2408 3810 2611 3875 factae

224 3914 617 3978 coniecturae
684 3917 926 3997 partem
993 3913 1260 3989 retinui,
1330 3918 1574 3995 partem
1639 3914 1854 3977 reieci:
1923 3915 2157 3997 quippe
2220 3915 2449 3990 οὲγιίιινΑ
2484 3916 2612 3980 ὁδόν

224 4037 345 4081 non
395 4039 517 4084 uno
562 4020 820 4083 nomine
868 4016 1191 4100 displicet,
1252 4023 1316 4082 et
1363 4020 1669 4101 quoniam
1721 4038 1913 4102 supra
1959 4019 2068 4092 τὴν
2118 4018 2285 4083 κάτω
2338 4019 2466 4085 ὀδόν
2516 4024 2610 4085 in·

225 4118 409 4189 iustis
455 4124 826 4189 hominibus
874 4124 1260 4209 assignavit,
1311 4124 1418 4195 τὴν
1470 4122 1592 4187 ἄνω
1643 4123 1773 4187 ὀδόν
1822 4122 2076 4189 silentio
2121 4129 2461 4209 praeterire
2504 4130 2610 4194 vix

230 4233 452 4310 potuit.
509 4268 588 4278 —
636 4225 677 4292 ὦ
750 4236 876 4292 παῖ
939 4229 1041 4292 καὶ
1117 4229 1394 4293 νεανίσκε
1449 4266 1530 4277 —-
1580 4232 1636 4293 si
1708 4234 1804 4294 est
1872 4237 2061 4313 παῖς,
2129 4252 2241 4296 cur
2303 4235 2610 4299 νεανίσκον

231 4342 442 4409 vocat,
504 4342 570 4401 et
630 4357 663 4400 e
725 4331 1081 4401 contrario?
1134 4335 1346 4411 „idem
1412 4342 1507 4400 est
1572 4344 1723 4405 ταῖς
1790 4335 1959 4420 quod
2023 4338 2388 4411 νεανίσκος.”
2481 4338 2613 4407 Cur

235 4438 430 4523 igitur
496 4441 582 4514 δὶς
659 4438 930 4506 ταῦτόνῗ
1003 4439 1295 4505 Eundem
1360 4462 1549 4524 quem
1614 4450 1828 4526 postea
1894 4443 2139 4507 πάντων
2192 4444 2613 4526 ἀνδρειότατον

240 4548 543 4630 appellat,
594 4549 700 4614 hic
751 4553 823 4611 ut
870 4550 1178 4612 νεανίσκον
1223 4545 1591 4631 alloquitur.
1644 4585 1726 4597 —
