3192 5017
1272 312 1514 365 cmnno.
2467 285 2604 357 253

251 482 361 548 rint
398 485 829 569 persecutique
872 487 1003 551 sint
1019 532 1037 563 ,
1085 492 1260 551 unta
1296 507 1393 551 eos
1413 486 1629 572 fuisse
1662 484 1928 550 ειυὶιίἰία
1958 491 2026 549 nt
2075 486 2259 570 [nam
2304 483 2427 550 hoo
2473 482 2605 549 fere

250 584 481 672 excidit]
516 589 635 656 hoo
671 611 880 678 genus
919 613 1122 658 unum
1162 592 1269 659 vel
1310 595 1668 658 maximum
1711 591 2293 677 praetermitterent
2305 587 2377 655 ‘l”
2469 589 2606 656 Neo

249 692 501 761 solebant
557 694 736 761 aliud
797 697 1184 764 voeabulum
1246 701 1314 764 in
1377 697 1657 764 formula
1717 698 2106 763 substituere
2149 698 2186 781 ξ
2235 695 2354 761 36:
2406 695 2606 781 „quid

251 811 312 866 tu
354 838 429 850 —
471 800 862 887 postulabis?
925 804 1135 882 „unde
1195 806 1267 871 vi
1312 805 1674 890 prohibitus
1687 800 1757 869 P’
1806 803 1899 868 sio
1944 823 2131 869 nemo
2177 821 2462 886 unquam
2508 803 2607 867 in·

252 907 514 983 tei-dixin
548 929 792 974 novum
838 916 970 995 est,
1018 931 1145 977 non
1193 909 1337 977 dioo
1382 912 1792 988 inusitatum,
1844 929 2070 976 verum
2115 908 2377 975 omnino
2424 908 2607 973 inau-

213 1013 497 1079 ·ditum.”
543 1012 669 1079 Sed
712 1017 991 1081 aarum
1034 1016 1191 1083 olim
1242 1024 1377 1083 erat
1422 1017 1459 1101 ἓ
1494 1015 1603 1091 49,
1650 1016 1863 1081 nescio
1910 1036 2044 1081 our.
2092 1013 2162 1079 Si
2207 1033 2369 1099 quae
2414 1012 2610 1079 verba

251 1124 404 1184 erant
469 1126 534 1185 et
601 1123 935 1188 iuncturae
951 1171 968 1206 ‚
1040 1142 1201 1208 quae
1264 1143 1301 1188 a
1363 1130 1528 1189 terso
1591 1128 1658 1187 et
1717 1120 1998 1210 eleganti
2058 1140 2346 1187 sermone
2399 1117 2611 1184 aliena

249 1231 409 1302 sunt,
454 1246 577 1292 non
623 1225 859 1293 licebat
904 1236 1177 1304 mutare,
1226 1248 1342 1294 nec
1386 1229 1600 1316 magis
1646 1246 1750 1302 ea,
1797 1248 1959 1313 quae
1981 1247 2178 1312 prava
2216 1224 2606 1293 consuetudo

246 1330 611 1415 probaverat.
681 1330 908 1398 Veluti
954 1335 1022 1398 in
1066 1333 1188 1400 hae
1229 1336 1371 1420 ipsa
1416 1353 1607 1400 causa
1650 1332 1818 1398 illud
1863 1334 2139 1398 deductio
2185 1336 2443 1397 moribus
2488 1348 2606 1415 pro

246 1456 308 1502 eo
359 1438 520 1522 quod
579 1444 678 1504 est
738 1439 1036 1506 deductio
1099 1460 1263 1526 quae
1306 1460 1484 1507 more
1531 1438 1641 1517 fit,
1687 1459 1813 1505 non
1861 1438 2129 1505 dixisset
2176 1436 2397 1505 Cicero
2445 1439 2503 1502 si
2550 1437 2610 1502 ei

246 1540 499 1608 liberum
540 1543 769 1610 fuisset
799 1548 935 1612 suis
968 1547 1179 1612 verbis
1215 1549 1335 1612 uti.
1381 1545 1722 1613 Perrarum
1757 1550 1856 1613 est
1893 1547 2153 1611 moribus
2191 1564 2305 1632 pro
2342 1546 2417 1610 de
2455 1563 2613 1608 more

249 1648 370 1732 (pro
426 1648 586 1716 Sest.
650 1649 739 1715 88
804 1653 899 1735 ,si
958 1654 1250 1719 moribus
1308 1653 1622 1741 ageret''),
1672 1673 1788 1719 neo
1833 1653 2020 1739 iungi
2065 1651 2254 1718 debet
2301 1662 2610 1736 tanquam

246 1754 608 1821 attributum
667 1756 1070 1825 substantivo
1131 1758 1330 1825 ablati
1338 1780 1455 1826 vus
1500 1761 1627 1824 nisi
1673 1761 1761 1825 sit
1805 1758 2123 1844 qualitatis
2170 1778 2362 1844 quem
2407 1755 2612 1844 vulgo

246 1859 515 1927 dicimus.
574 1860 796 1929 Etiam
842 1863 1146 1931 adverbia
1187 1882 1303 1951 pro
1350 1866 1688 1932 adieetivis
1733 1884 1876 1930 rara
1920 1869 2095 1931 sunt.
2163 1863 2611 1949 „Exprobran-

246 1967 321 2030 tis
373 1987 552 2033 suam
613 1970 883 2054 quisque
944 1969 1111 2037 alius
1172 1969 1328 2038 alibi
1377 1970 1762 2049 militiam,”
1815 1969 1959 2037 Liv.
2008 1968 2090 2035 11.
2138 1968 2248 2036 23.
2315 1968 2615 2056 „Ingenti

249 2074 417 2139 oaede
460 2076 786 2161 utrimque
803 2075 857 2151 ,”
894 2076 985 2142 II.
1030 2075 1138 2144 64.
1183 2076 1244 2143 5.
1293 2076 1666 2161 „Quondam
1703 2075 2051 2163 postulatio
2085 2076 2345 2143 vestra''
2369 2072 2612 2140 XXIII.

252 2175 304 2242 ⁶·
365 2179 475 2262 „11¹
534 2181 655 2246 hae
713 2201 907 2268 prope
953 2182 1376 2268 aequalitate”
1439 2180 1574 2249 Cio.
1622 2181 1767 2271 Lig.
1817 2181 1924 2249 34.
1982 2181 2181 2265 „Heri
2227 2201 2480 2267 semper
2524 2179 2615 2246 le·
2713 2216 2730 2233 κ

249 2286 426 2351 nitss'’
462 2285 602 2352 Ter.
645 2286 848 2354 Andr.
878 2285 1031 2355 175.
1077 2289 1255 2356 Haeo
1288 2291 1515 2377 igitur,
1554 2291 1677 2355 etsi
1702 2295 2075 2375 aspernatur
2096 2287 2324 2376 lingua
2345 2287 2612 2370 Latina,

249 2395 442 2458 tamen
488 2413 568 2459 ex
613 2395 976 2460 imitatione
1021 2392 1414 2462 Graecorum
1462 2401 1613 2461 nata
1657 2401 1808 2461 sunt
1855 2402 1919 2461 et
1956 2394 2241 2461 tolerata.
2340 2391 2464 2460 Sed
2506 2392 2615 2458 ab·

249 2494 415 2563 lativi
466 2499 643 2565 modi
689 2498 895 2589 veluti
940 2501 1179 2578 ordine,
1227 2506 1360 2566 inre
1381 2551 1397 2577 ,
1446 2502 1614 2566 modo
1630 2548 1648 2579 ‚
1696 2520 1859 2587 quae
1905 2509 2132 2566 natura
2178 2506 2243 2565 et
2288 2498 2614 2589 signifiea-

252 2604 404 2670 tione
439 2605 756 2671 adverbiis
801 2613 1063 2692 possunt
1107 2607 1525 2694 aequiperari,
1574 2626 1701 2671 non
1747 2612 1898 2673 sunt
1944 2626 2227 2692 unquam
2274 2626 2396 2692 pro.
2435 2605 2618 2670 attri-

254 2707 409 2775 buto.
458 2748 539 2760 —
588 2709 1008 2777 'I'ralatioium
1049 2717 1144 2778 est
1183 2712 1498 2779 ablativos
1539 2712 1872 2798 qualitatis
1909 2712 2050 2797 (qui
2090 2718 2241 2777 sunt
2280 2711 2617 2797 attributa)

253 2833 363 2879 non
423 2819 713 2902 usurpari
781 2816 948 2883 solos
966 2864 984 2895 ,
1049 2818 1159 2883 sed
1223 2818 1538 2884 adieetiva
1599 2818 1832 2884 babere
1894 2821 2116 2883 iuncta
2131 2837 2149 2895 ;
2210 2816 2623 2902 restringitur

255 2927 553 3004 praeterea
588 2924 694 2988 bio
728 2943 882 2989 usus
928 2943 1002 2989 eo
1046 2924 1215 3009 quod
1234 2972 1254 3008 ,
1303 2923 1380 2989 de
1427 2923 1800 2990 hominibus
1848 2943 1996 2988 oum
2043 2925 2299 3010 agitur,
2349 2920 2621 2988 ablativi

254 3035 385 3094 sunt
427 3049 645 3095 eorum
691 3029 1022 3095 nominum
1043 3079 1060 3114 ‚
1109 3051 1270 3116 quae
1319 3030 1452 3115 ipsa
1499 3029 1874 3115 qualitatem
1928 3026 2313 3117 significant.
2385 3024 2624 3093 Confir-

255 3140 478 3199 matum
529 3135 651 3201 hoe
697 3134 948 3201 videbis
993 3155 1229 3223 magno
1275 3156 1544 3201 numero
1589 3134 2029 3223 exemplorum
2052 3182 2070 3212 ,
2120 3154 2308 3219 quem
2356 3132 2626 3199 Kiibner

254 3235 310 3302 in
351 3261 620 3328 gramm.
672 3240 757 3307 II.
804 3263 865 3327 p.
917 3239 1049 3306 334
1097 3241 1306 3326 affert,
1354 3240 1565 3307 multo
1612 3240 1724 3306 ille
1770 3243 1839 3306 in
1884 3240 2004 3306 hoo
2049 3246 2431 3328 argumento
2492 3238 2626 3325 ple-

253 3347 378 3411 nior
432 3367 628 3432 quam
672 3346 1140 3435 Reisig-Haase
1164 3398 1178 3420 ‚
1232 3347 1310 3413 of.
1359 3347 1553 3413 huius
1597 3368 1662 3433 p.
1714 3344 1844 3412 392
1906 3367 2054 3412 oum
2115 3344 2295 3411 illius
2353 3368 2415 3433 p.
2470 3343 2621 3411 165.

252 3449 491 3519 Dicitur
548 3454 873 3518 multarum
922 3454 1264 3537 palmarum
1325 3459 1512 3520 vetus
1555 3452 1878 3541 gladiator
1923 3450 2085 3538 (Cic.
2136 3472 2248 3538 pro
2291 3451 2372 3518 R.
2423 3454 2502 3518 A.
2554 3450 2621 3538 6)

252 3557 350 3623 sod
378 3581 634 3643 procera
678 3566 914 3624 statura
930 3607 948 3636 ,
998 3560 1230 3642 ingenti
1274 3565 1522 3637 robor-e,-
1582 3578 1772 3625 nemo
1821 3558 1991 3624 dicet
2030 3581 2182 3642 puer
2227 3560 2475 3624 sedecim
2519 3581 2629 3623 an-

252 3664 376 3741 na),-
441 3685 606 3743 „non
668 3664 862 3731 multi
923 3666 1050 3731 cibi
1112 3667 1338 3752 hospes
1359 3717 1375 3742 ,
1444 3665 1641 3731 multi
1698 3664 1867 3731 ioei'’
1916 3661 2047 3730 Cio.
2101 3664 2283 3731 Fam.
2332 3663 2446 3730 IX.
2500 3664 2623 3743 26,

259 3771 634 3845 „multarum
697 3771 1056 3837 orationum
1124 3778 1333 3837 orator
1350 3773 1414 3856 ,'’
1483 3770 1878 3855 ,multarum
1926 3772 2297 3856 nuptiarum
2345 3769 2624 3836 mulier’'

252 3873 441 3954 idem3
509 3878 590 3943 ef.
654 3877 735 3943 ad
795 3876 980 3943 Brut.
1045 3875 1201 3955 286,
1273 3878 1579 3961 „formica
1644 3879 1867 3964 magni
1915 3875 2187 3942 laboris''
2235 3877 2345 3942 sed
2392 3896 2630 3964 magna

254 3980 581 4061 industria3
652 3983 861 4062 „muli
906 3986 1127 4071 magni
1176 3982 1425 4048 oneris'’
1474 3981 1691 4049 Plaut.
1737 3982 1914 4048 Most
1964 3982 2116 4067 769,
2164 3983 2627 4050 Menaechmus

256 4091 342 4152 est
407 4109 625 4168 „escae
686 4089 1053 4155 maximae”
1115 4088 1292 4156 Men.
1362 4086 1517 4167 100,
1580 4088 1877 4154 Damalis
1939 4087 2177 4167 „multi
2224 4087 2424 4154 meri'’
2469 4086 2630 4156 Hor.

257 4188 322 4259 O.
377 4193 426 4259 L
492 4193 598 4261 36.
667 4193 771 4260 13.
862 4194 938 4260 In
997 4195 1104 4261 his
1136 4195 1450 4262 omnibus
1496 4192 1820 4261 ablativus
1865 4192 2164 4260 oollooari
2208 4214 2333 4260 non
2380 4200 2625 4281 potest3

255 4302 495 4367 nomina
538 4302 712 4369 enim
754 4322 881 4368 non
927 4307 1062 4388 ipsa
1111 4300 1494 4388 qualitatem
1541 4298 1945 4390 signifioant3
1991 4302 2336 4389 genetivus
2375 4307 2593 4369 eontra
2606 4351 2626 4383 ‚

250 4399 479 4473 latioris
520 4428 676 4474 usus
720 4428 872 4474 oum
918 4409 1042 4493 sit,
1089 4412 1157 4475 et
1203 4413 1579 4495 perpetuam
1628 4407 2087 4494 proprietatem
2136 4410 2202 4474 et
2237 4430 2334 4475 ree
2370 4407 2631 4497 loquen-
