3192 5017
602 286 738 358 284
1350 300 1440 358 ab
1484 298 1710 360 novun
1755 304 2245 364 trasumenum.

594 483 811 569 magis
867 483 953 547 sit
998 481 1353 567 placiturus
1399 484 1456 548 si
1500 487 1915 570 rescripsero:
1966 485 2115 566 ὕδωρ
2166 509 2269 563 μοι
2316 485 2421 550 ἐπὶ
2470 484 2672 558 πόδας
2721 484 2935 558 ἔδωκας
2951 501 2967 523 ·
3087 574 3088 577 ¹

600 586 764 662 αὕτη
828 586 891 651 δὲ
936 596 1064 659 τοῖς
1112 586 1399 667 δάκρυσιν
1446 588 1664 668 ἔβρεξέ
1709 615 1829 669 μου
1875 592 2016 664 τοὺς
2067 592 2262 664 πόδας
2309 590 2417 656 καὶ
2464 600 2609 664 ταῖς
2658 590 2835 671 θριξὶν
2875 592 2970 654 αὖ·
3087 634 3088 685 3

597 705 713 769 τῆς
782 691 1118 771 ἐξέμαξεν·
1183 694 1446 776 φίλημά
1506 718 1610 771 μοι
1660 696 1926 768 ἔδωκας·
1975 695 2136 771 αὕτη
2186 697 2251 763 δὲ
2296 696 2423 779 ἀφ’
2471 696 2537 773 ἧς
2589 694 2873 771 εἰσῆλθον
2912 697 2968 760 οὐ
3087 694 3088 751 ἐ

599 802 836 867 διέλιπε
906 803 1357 880 καταφιλοῦσά
1426 825 1544 881 μου
1608 804 1750 876 τοὺς
1816 804 2047 876 πόδας·
2114 803 2301 884 ἐλαίῳ
2362 810 2473 878 τὴν
2536 804 2829 886 κεφαλήν
2867 826 2968 881 μου
3087 798 3088 801 “

597 908 903 985 ἤλειψας·
978 905 1138 981 αὕτη
1199 906 1264 971 δὲ
1324 907 1493 989 μύρῳ
1555 910 1779 989 ἤλειψε
1833 911 1974 983 τοὺς
2039 911 2231 983 πόδας
2296 934 2438 987 μου.
2534 911 2755 976 Etiam
2804 929 2971 975 causa

598 1018 893 1099 apparet,
946 1034 1061 1077 cur
1106 1015 1364 1100 negatio
1412 1019 1511 1078 ter
1552 1035 1885 1101 perperam
1932 1017 2169 1083 inserta
2215 1019 2336 1093 sit3
2383 1018 2496 1101 qui
2542 1018 2846 1089 inseruit,
2887 1015 2972 1078 in·

598 1121 983 1205 tempestive
1043 1139 1293 1184 memor
1352 1119 1479 1184 fuit
1525 1140 1747 1186 eorum
1797 1143 1958 1207 quae
2002 1122 2309 1210 leguntur
2350 1121 2507 1187 Luc.
2563 1121 2673 1186 11.
2724 1119 2830 1205 37,
2869 1120 2972 1185 ubi
3087 1142 3088 1153 ¹

594 1224 982 1290 Pharisaeus
1052 1224 1310 1308 quidam
1375 1228 1650 1292 miratur
1667 1276 1685 1311 ,
1749 1229 1916 1312 quod
1978 1226 2165 1294 Jesus
2223 1229 2290 1292 οὐ
2338 1235 2570 1307 πρῶτον
2621 1222 2969 1306 ἐβαπτίσθη
3087 1308 3088 1313 ¹

593 1333 704 1410 πρὸ
754 1336 861 1395 τοῦ
904 1330 1113 1410 ἀμίς-ου
1133 1379 1149 1407 ,
1199 1330 1309 1396 sed
1355 1337 1508 1397 tunc
1556 1353 1843 1418 quoque,
1891 1336 1992 1398 uti
2037 1335 2256 1419 vides,
2303 1354 2468 1420 aqua
2512 1335 2806 1420 praebita
2850 1333 2969 1418 qui-
3087 1370 3088 1393 2

592 1437 738 1503 dem
808 1437 936 1501 suit
956 1486 975 1513 ,
1049 1436 1158 1502 sed
1222 1434 1262 1501 J
1266 1457 1409 1503 esus
1466 1437 1741 1503 aliarum
1805 1460 2020 1505 rerum
2080 1444 2376 1527 satagens
2441 1460 2570 1505 non
2636 1438 2971 1505 attenderat

595 1543 909 1608 animum.
1002 1541 1142 1607 Aut
1210 1542 1566 1628 plurimum
1637 1543 1860 1622 fallor,
1934 1550 2047 1611 aut
2107 1566 2278 1610 nunc
2343 1546 2610 1611 demum
2660 1544 2968 1610 eliminata
3087 1528 3088 1533 ἵ

592 1647 837 1734 triplici
922 1647 1411 1734 interpolatione
1426 1697 1445 1727 ,
1517 1648 1822 1716 elucescit
1890 1654 2268 1717 narrationis
2337 1654 2580 1718 eximia
2651 1655 2937 1718 venustas
2950 1696 2967 1730 ,
3087 1704 3088 1713 ,

591 1774 754 1840 quae
823 1761 1008 1820 antea
1078 1754 1391 1819 sordebat.
1487 1748 1629 1835 Quo
1699 1755 1944 1822 diutius
2005 1756 2222 1822 locum
2283 1757 2608 1824 considero
2626 1805 2644 1836 ‚
2713 1776 2786 1822 eo
2841 1772 2966 1819 mea
3087 1754 3088 1823 ἕ

590 1860 759 1927 mihi
804 1862 969 1927 ratio
1015 1863 1246 1926 certior
1291 1861 1566 1927 videtur.

685 2073 843 2141 XX.
891 2070 1051 2139 Luc.
1101 2073 1207 2139 10.
1261 2073 1330 2138 1:
1380 2072 1467 2146 εἰς
1514 2077 1730 2159 πρῖσαν
1778 2075 1957 2141 πόλιν
2004 2073 2112 2139 καὶ
2163 2074 2348 2140 τόπον
2393 2068 2478 2140 οὗ
2535 2073 2810 2152 ἤμελλεν
2862 2070 2962 2136 αὖ·
3087 2096 3088 2165 ss

593 2180 700 2254 τὸς
748 2176 1076 2261 ἔρχεσθαι.
1124 2178 1352 2245 Nonne
1397 2182 1636 2246 rectius
1680 2185 1780 2247 est
1823 2179 1916 2245 δι’
1964 2176 2092 2246 οὖῖ
3087 2170 3088 2229 ¹

683 2388 872 2458 XXI.
943 2390 1477 2477 Bakhuyzenium
1539 2392 1769 2469 miror,
1841 2393 1953 2476 qui
2013 2412 2078 2477 p.
2128 2390 2257 2456 165
2304 2412 2430 2457 non
2475 2393 2748 2459 senserit
2790 2405 2957 2473 quam

588 2496 909 2584 praeclare
970 2495 1472 2562 Valekenaerius
1535 2497 1975 2563 emendaverit
2033 2496 2191 2563 Luc.
2244 2497 2348 2562 10.
2401 2497 2524 2562 11:
2575 2499 2684 2562 καὶ
2731 2496 2831 2561 τὸν
2871 2514 2956 2556 κο·
3087 2490 3088 2529 ³

590 2608 812 2686 νιορτὸν
872 2606 976 2669 τὸν
1036 2604 1414 2676 κολληθέντα
1479 2608 1627 2680 ἡμῖν
1693 2605 1762 2668 ἐκ
1811 2612 1922 2677 τῆς
1967 2601 2200 2676 πόλεως
2248 2605 2412 2680 ὑμῶν
2458 2605 2544 2676 εἷς
2590 2605 2736 2676 τοὺς
2783 2599 2957 2665 πόδας

587 2709 1029 2789 ἀπομασσό
1043 2735 1093 2786 μ
1116 2707 1273 2773 εθα
1321 2709 1500 2794 ὑμῖν,
1542 2730 1659 2774 1160
1698 2711 1854 2774 satis
1893 2730 2028 2774 esse
2066 2709 2339 2774 arbitror
2359 2730 2509 2775 cum
2534 2705 2956 2789 Peerlkampio
3087 2688 3088 2757 Ὗ

586 2818 930 2883 rescribere
988 2813 1508 2894 ἀπομασσόμεθα
1567 2817 1714 2892 ἡμῖν
1729 2862 1746 2893 ,
1792 2836 1944 2881 nam
1990 2819 2087 2880 est
2131 2835 2206 2880 ea
2251 2815 2508 2899 quidem
2555 2819 2796 2904 exig-ua
2835 2829 2958 2876 mu·

587 2926 779 3002 tatic,
834 2923 943 2989 sed
989 2928 1134 3009 post
1180 2921 1283 2986 τὸν
1331 2921 1710 2995 κολληθέντα
1757 2922 1905 2998 ἡμῖν
1952 2923 2229 2986 otiosum
2276 2927 2372 2986 est
2416 2922 2650 2987 iterare
2687 2924 2956 2996 άπομισ·

587 3028 838 3108 σόμεθα
910 3031 1075 3105 ἡμῖν.
1169 3025 1540 3092 Conceth
1602 3032 1817 3093 autem
1880 3046 2099 3092 omnes
2123 3077 2138 3102 ‚
2205 3024 2445 3093 Graece
2506 3027 2793 3115 intelligi
2848 3041 2955 3087 non

583 3155 768 3222 posse
827 3131 1351 3212 ἀπομασσόμεθα
1415 3153 1564 3198 011111
1615 3134 1833 3199 dativo
1876 3134 2018 3209 ὑμῖν
2063 3133 2486 3218 compositum
2506 3182 2526 3217 ,
2575 3134 2687 3199 sed
2736 3135 2789 3198 si
2832 3129 2953 3215 quis
3087 3182 3088 3227 1

583 3240 801 3306 locum
847 3241 1005 3306 bene
1051 3238 1569 3316 consideraverit,
1620 3239 1742 3304 hoc
1780 3259 2031 3323 quoque
2069 3238 2405 3304 concedere
2442 3238 2700 3305 debebit
2739 3239 2950 3304 vitium

584 3366 709 3411 non
754 3348 954 3411 latere
998 3347 1068 3409 in
1114 3348 1487 3430 pronomine
1536 3345 1702 3422 ὑμῖν,
1752 3344 1919 3429 quod
1967 3344 2034 3408 in
2073 3344 2194 3409 hac
2233 3347 2546 3410 sententia
2580 3345 2764 3411 nullo
2785 3338 2951 3408 modo

582 3454 821 3538 poterit
866 3451 1102 3516 abesse.
1195 3449 1423 3535 Itaque
1468 3448 1993 3528 ἀπομασσόμεθα
2041 3458 2412 3536 corruptum
2459 3456 2556 3516 est
2593 3456 2658 3516 et
2698 3451 2950 3536 quinque

583 3557 712 3623 loci
777 3555 993 3622 collati
1056 3576 1276 3623 veram
1335 3556 1678 3623 lectionem
1743 3557 2039 3622 omnibus
2063 3564 2438 3623 -monstrare
2483 3563 2811 3642 poterunt,
2855 3550 2949 3636 qui

584 3682 823 3729 errores
858 3668 1091 3727 norunt
1108 3709 1125 3739 ,
1162 3683 1318 3747 quos
1359 3663 1763 3728 librariorum
1801 3663 2049 3728 incuria
2084 3662 2346 3727 fundere
2385 3662 2566 3728 solet.
2609 3663 2764 3729 Luc.
2800 3659 2855 3725 9.
2880 3656 2945 3721 ὅτ

581 3771 686 3835 τὸν
736 3764 1026 3847 κονιορτὸν
1074 3768 1201 3833 ἀπὸ
1247 3776 1365 3834 τῶν
1413 3771 1605 3834 ποδῶν
1655 3771 1822 3847 ὑμῶν
1867 3767 2325 3835 ἀποτινάσσετε
2370 3771 2457 3842 εἷς
2506 3761 2945 3850 uam-apter&

584 3876 832 3947 αὐτούς.
880 3871 1119 3939 Matth.
1174 3874 1280 3939 10.
1336 3874 1453 3941 14:
1503 3873 1873 3951 ἐκτινάξατε
1921 3877 2025 3940 τὸν
2072 3875 2363 3954 κονιορτὸν
2399 3882 2516 3942 τῶν
2554 3877 2745 3943 ποδῶν
2784 3876 2940 3951 ὑμῶν·

580 3982 786 4050 Maro.
850 3979 910 4045 6.
969 3980 1086 4045 ll:
1144 3981 1511 4058 ἐκτινάξατε
1559 3983 1664 4048 τὸν
1710 3987 1866 4064 χοῦν
1911 3983 2013 4046 τὸν
2065 3981 2351 4046 ὑποκάτω
2401 3989 2519 4046 τῶν
2567 3984 2759 4048 ποδῶν
2802 3980 2941 4056 baffi?

582 4091 667 4161 εἷς
727 4087 1054 4167 μαρτύριον
1119 4089 1353 4159 αὐτοῖς.
1426 4086 1571 4154 Act.
1642 4088 1745 4153 13.
1796 4089 1920 4154 51:
1983 4089 2035 4153 οἱ
2099 4088 2160 4152 δὲ
2221 4087 2684 4168 ἐκτιναξάμενοι
2730 4091 2825 4155 τὸν
2861 4104 2937 4147 κο·

582 4195 803 4274 νιορτὸν
871 4201 988 4259 τῶν
1057 4192 1251 4257 ποδῶν
1321 4194 1421 4257 ἐπ’
1486 4194 1742 4268 αὐτούς.
1807 4197 1948 4260 Aet·
2017 4193 2125 4260 18.
2196 4193 2267 4260 6:
2341 4195 2809 4275 ἐκτιναξάμενος
2867 4190 2964 4273 τὰ,

580 4299 835 4377 ἱμάτια.
930 4299 1097 4365 Mihi
1158 4298 1417 4386 quidem
1464 4300 1723 4367 videtur
1767 4300 1938 4384 apud
1983 4300 2231 4366 Lucam
2277 4300 2647 4386 planissime
2694 4298 2931 4388 requiri:

580 4404 1327 4485 άποτινασσόμεθα
1393 4407 1539 4485 ὑμῖν
1597 4413 1666 4472 et
1720 4407 1933 4472 multa
1992 4413 2140 4473 ante
2199 4408 2501 4475 tentanda
2544 4415 2726 4496 sunt,
2773 4421 2934 4494 quam
