3192 5017
550 270 682 337 418
1657 287 1830 335 mx

549 461 781 525 habeat
844 462 898 525 si
964 462 1235 547 iungas:
1308 461 1341 535 ἦ
1392 456 1652 537 δύναμις
1686 508 1699 523 .
1731 509 1742 522 .
1776 507 1789 521 .
1820 504 1833 523 .
1881 449 2157 539 (βαίνοντ’
2206 456 2282 523 ἂν
2330 457 2758 537 ὑποδεεστέρα.
2809 457 2946 523 Ac-

552 567 752 644 cedit,
795 567 962 652 quod
1011 568 1047 650 ξ
1102 566 1185 632 10
1230 568 1558 653 genitivus
1596 570 1708 638 τῆς
1760 562 2070 642 δυνάμεως
2095 612 2111 642 ,
2159 569 2234 629 ut
2270 586 2463 649 supra
2502 565 2941 641 ostendimus,

546 671 767 757 procul
810 673 1005 738 dubio
1054 671 1667 738 circumscribendae
1704 679 1822 737 est.
1868 670 2055 736 Nihil
2094 678 2310 736 contra
2352 672 2562 736 obstat
2595 673 2945 756 quominus

547 780 927 865 iungamus:
995 781 1029 853 ἦ
1093 788 1175 843 Λ.
1228 778 1406 849 πόλις
1456 825 1471 841 .
1500 824 1516 839 .
1547 825 1562 842 .
1594 825 1609 841 .
1660 778 1931 858 Φαίνοιτ’
1983 776 2057 841 ἂν
2108 776 2542 856 ὑποδεεστέρα,
2596 779 2721 841 nisi
2769 777 2940 862 quod

547 885 709 950 forte
756 882 1080 949 nonnullis
1128 885 1367 949 mirum
1413 885 1613 968 possit
1661 884 1897 960 videri,
1948 886 2002 948 si
2049 887 2411 971 genitivus.
2465 886 2575 968 qui
2632 885 2946 947 absolutus

550 991 819 1068 dicitur,
870 1012 1016 1055 cum
1066 993 1206 1075 ipsa
1250 993 1487 1076 protasi
1533 1010 1873 1055 commune
1920 989 2150 1055 habeat
2192 991 2570 1055 subiectum.
2621 989 2944 1075 Exempla

548 1102 765 1162 tamen
823 1098 1017 1162 huius
1076 1099 1171 1162 rei
1220 1098 1386 1183 apud
1436 1096 1879 1183 Thucydidem
1905 1144 1920 1174 ‚
1968 1099 2340 1182 praesertim
2389 1099 2458 1161 in
2507 1097 2940 1179 orationibus,

548 1224 947 1289 nequaquam
996 1202 1240 1269 desunt.
1338 1202 1670 1268 Suffecerit
1716 1200 2006 1268 attulisse
2055 1224 2253 1267 unum
2305 1208 2558 1268 tantum
2610 1203 2720 1267 sed
2769 1203 2940 1288 quod

546 1314 682 1374 tam
750 1308 1150 1374 luculentum
1223 1314 1319 1374 est
1387 1317 1461 1373 ut
1529 1329 1788 1374 omnem
1861 1308 2233 1394 scrupulum
2297 1308 2403 1375 vel
2463 1310 2672 1375 solum
2739 1311 2942 1395 possit

548 1414 839 1482 evellere.

640 1520 1182 1607 Mytilenaeorum
1243 1520 1443 1608 legati
1507 1522 1587 1586 ad
1652 1520 2183 1587 Lacedaemonios
2244 1521 2346 1586 his
2410 1521 2620 1588 verbis
2667 1527 2943 1587 utuntur

550 1624 648 1711 (L.
697 1626 803 1691 III
851 1648 905 1691 c.
958 1627 1041 1693 13
1090 1650 1140 1692 s.
1195 1628 1301 1712 f.):

648 1733 1277 1811 ,,βοηθησάντων
1350 1734 1428 1797 δὲ
1502 1735 1748 1817 ὑμῶν,
1820 1734 2131 1814 προθύμως
2207 1732 2385 1799 πόλιν
2455 1758 2523 1799 τε
2594 1735 2942 1814 προσλή-

550 1841 797 1916 ψεσθε
845 1841 1125 1905 ναυτικὸν
1173 1839 1441 1921 ἔχουσαν
1488 1838 1667 1917 μέγα
1717 1886 1732 1902 .
1761 1886 1778 1903 .
1809 1889 1823 1903 .
1855 1887 1871 1904 .
1924 1839 2029 1903 καὶ
2079 1841 2431 1914 Ἀθηναίους
2468 1844 2608 1923 ῥᾷον
2657 1842 2940 1904 zadae-

549 1946 786 2024 ρήσετ
808 1971 837 2009 ε
887 1945 1014 2010 κτὲ.

641 2050 959 2131 Quorsum
1005 2054 1209 2139 igitur
1255 2050 1601 2117 studiosius
1645 2051 1801 2116 haec
1846 2051 2144 2136 disputo?
2192 2058 2268 2117 ut
2312 2051 2644 2117 defendam
2694 2054 2940 2117 coniec-

552 2161 800 2235 turam,
862 2178 1056 2241 quam
1117 2179 1318 2242 nuper
1374 2157 1496 2222 feci
1541 2157 1620 2222 L.
1667 2157 1774 2222 ΠΙ
1822 2180 1876 2223 c.
1928 2157 2014 2224 82
2070 2157 2139 2245 ¹).
2231 2159 2392 2225 Ecce
2440 2160 2561 2224 tibi
2606 2159 2786 2225 locus
2835 2180 2940 2225 no-

549 2263 873 2325 tissimus:

642 2362 827 2437 οὕτως
898 2368 1032 2445 ὦμῆ
1094 2369 1186 2454 (ἦ)
1236 2368 1456 2442 στάσις
1506 2371 1928 2450 προύχώρησε,
1979 2370 2084 2436 καὶ
2133 2369 2299 2448 ἔδοξε
2345 2375 2628 2457 μᾶλλον,
2681 2374 2830 2439 διότι
2877 2374 2937 2438 ἐν

554 2482 680 2544 τοῖς
743 2479 946 2553 πρώτη
1011 2473 1298 2553 ἐγένετο,
1375 2477 1504 2540 ἐπεὶ
1559 2473 1803 2554 ὕστερόν
1850 2501 1929 2555 γε
1981 2478 2084 2541 καὶ
2135 2483 2262 2543 πᾶν
2311 2481 2386 2550 ὡς
2435 2480 2629 2544 εἰπεῖν
2679 2480 2747 2544 τὸ
2797 2487 2936 2546 Ἑλ-

552 2581 794 2655 ληνικὸν
864 2582 1131 2659 ἐκινήθη,
1204 2581 1501 2663 διαφορῶν
1564 2583 1750 2647 οὐσῶν
1813 2584 2178 2664 ἑκασταχοῦ
2239 2594 2361 2656 τοῖς
2427 2610 2497 2649 τε
2559 2589 2676 2650 τῶν
2737 2586 2938 2663 δήμων

552 2686 929 2766 προστάταις
997 2688 1133 2759 τοὺς
1201 2686 1556 2763 ’Λθηναίους
1607 2689 1953 2767 ἐπάγεσθαι
2006 2689 2109 2753 καὶ
2159 2698 2284 2762 τοῖς
2335 2692 2562 2769 ὀλίγοις
2615 2692 2753 2765 τοὺς
2805 2706 2938 2758 Λα-

553 2793 980 2872 κεδαιμονίους.
1056 2793 1177 2858 Καὶ
1254 2797 1314 2858 ἐν
1377 2795 1489 2871 μὲν
1555 2796 1752 2877 εἰρήνῃ
1821 2797 1926 2860 οὐκ
1986 2797 2064 2861 ἂν
2112 2797 2376 2876 ἑχόντων
2423 2798 2772 2880 πρόφασιν,
2821 2800 2938 2865 οὐδ’

555 2899 898 2979 ἑτοίμων
959 2908 1352 2980 παρακαλεῖν
1430 2901 1690 2972 αὐτούς·
1759 2902 2228 2980 πολεμουμένων
2295 2903 2358 2968 δὲ
2407 2907 2511 2971 καὶ
2554 2904 2935 2987 ξυμμαχίας

553 3003 697 3083 ἅμα
748 3007 1046 3086 ἑκατέροις
1099 3005 1493 3090 (γιγνομένης
1543 3007 1672 3091 ἐπὶ)
1722 3017 1802 3088 τῇ
1847 3016 1960 3073 τῶν
2012 3010 2293 3075 ἐναντίων
2339 3011 2604 3077 κακώσει
2646 3014 2751 3078 καὶ
2795 3016 2937 3092 σφί-

554 3137 645 3177 σιν
718 3116 926 3185 αὖτοῖς
994 3117 1063 3177 ἐκ
1128 3119 1235 3178 τοῦ
1297 3115 1486 3178 αὐτοῦ
1550 3116 1939 3192 προσποιήσει
2003 3114 2217 3198 ῥᾳδίως
2281 3119 2347 3182 αἱ
2407 3118 2747 3198 ἔπαγωγαὶ
2811 3127 2927 3192 τοῖς

554 3218 917 3298 νεωτερίζειν
962 3242 1021 3283 τι
1076 3219 1468 3297 βουλομένοις
1516 3219 1870 3301 ἐπορίζοντο.

646 3323 1074 3403 Sententiam,
1141 3346 1300 3410 quae
1360 3326 1587 3411 incipit
1650 3347 1688 3392 a
1751 3327 1993 3393 verbis:
2043 3329 2147 3394 καὶ
2196 3331 2256 3393 ἐν
2303 3330 2417 3405 μὲν
2462 3332 2694 3411 εἰρήνῃ,
2742 3331 2934 3398 semel

552 3433 910 3515 iterumque
956 3431 1310 3519 perlegenti
1356 3431 1541 3498 firma
1589 3434 1755 3498 mihi
1801 3440 1950 3500 nata
2001 3441 2098 3500 est
2147 3436 2358 3521 opinio
2407 3473 2496 3487 —-
2538 3440 2734 3503 sicuti
2771 3444 2935 3504 recte

551 3539 947 3622 interpunxit
1011 3538 1343 3605 Bekkerus
1400 3577 1484 3588 -
1536 3540 1783 3605 duobus
1843 3540 2027 3606 illam
2090 3544 2348 3607 omnino
2399 3547 2738 3611 consistere
2783 3546 2934 3611 colis

556 3645 722 3709 inter
768 3665 833 3709 se
882 3648 1211 3710 contrariis
1236 3696 1251 3721 ‚
1306 3667 1577 3730 quorum
1628 3654 1971 3733 utrumque
2019 3651 2084 3712 in
2131 3650 2440 3733 principio
2485 3649 2720 3716 habeat
2763 3654 2934 3739 geni-

554 3752 765 3817 tivum
831 3750 1232 3836 absolutum,
1292 3751 1566 3817 alterum
1614 3762 1831 3818 autem
1881 3752 2217 3819 claudatur
2262 3757 2326 3818 in
2378 3767 2774 3836 παρακαλεῖν
2823 3760 2933 3823 αὖ·

555 3857 731 3935 τούς,
803 3856 1075 3923 alterum
1145 3860 1210 3922 in
1284 3858 1641 3938 ἐπορίζοντο.
1738 3858 1923 3933 Quod
1991 3861 2044 3924 si
2115 3861 2282 3924 mihi
2352 3862 2642 3927 dederint
2708 3864 2932 3929 harum

554 3984 768 4028 rerum
817 3964 1098 4042 iudices,
1145 3963 1379 4048 iidem,
1430 3969 1502 4028 ut
1552 3985 1764 4050 spem,
1806 3964 1991 4031 facile
2030 3967 2370 4033 concedent
2409 3974 2622 4053 aptam
2653 3972 2931 4055 partium

548 4070 1073 4150 compositionem
1136 4072 1321 4134 enixe
1383 4069 1674 4157 flagitare
1737 4076 1811 4135 ut
1867 4072 2213 4137 indicativo
2260 4073 2598 4156 ἐπορίζοντο
2645 4078 2711 4139 in
2760 4097 2934 4162 supe·

541 4173 704 4235 riore
751 4169 888 4234 colo
941 4171 1101 4237 alter
1150 4176 1377 4242 modus
1422 4177 1810 4245 indicativus
1857 4178 2249 4263 respondeat.
2342 4180 2476 4246 Nec
2514 4180 2711 4246 altius
2751 4204 2930 4268 quae-

748 4326 871 4333 ...-

608 4396 662 4459 1)
700 4396 769 4446 Cf.
810 4397 990 4447 Mnem.
1030 4400 1150 4449 Nov.
1190 4403 1289 4450 Ser.
1332 4404 1355 4451 1
1392 4420 1437 4469 p.
1477 4405 1557 4452 88.
