3192 5017
489 152 623 235 262
1543 170 1782 237 0101120.

571 357 967 424 Hotomanni
1026 355 1533 423 emendationem
1588 358 2004 424 necessariam
2066 362 2206 420 tuus
2264 374 2570 421 consensu
2613 370 2867 442 spreve-

484 467 638 529 runt
697 463 1073 527 recentiores
1090 509 1107 538 ‚
1168 482 1292 528 non
1345 468 1711 548 reputantes
1727 512 1744 537 ‚
1806 468 1881 528 ut
1942 461 2198 527 videtur
2212 509 2228 538 ‚
2276 466 2420 547 post
2457 477 2558 527 als
2602 482 2688 528 ex
2734 470 2872 527 tm

487 568 676 634 Istius
732 566 1040 634 facillime
1084 570 1280 635 nasci.
1373 567 1562 633 Nihil
1608 570 1840 635 attinet
1884 586 2202 634 recensere
2246 566 2640 651 reliquorum
2689 587 2873 632 cona-

484 675 663 738 mina
707 672 877 758 apud
921 672 1157 739 Jordan
1174 723 1193 757 ,
1241 693 1402 759 quae
1448 694 1515 741 se
1561 677 1701 759 ipsa
1745 674 2152 761 redarguunt.
2208 670 2421 737 Verba
2465 672 2618 756 quid
2663 677 2761 737 ais
2812 676 2874 736 et

489 797 622 862 sqq.
669 782 820 843 sunt
866 776 1190 844 Caecinae.

580 1017 690 1086 22.
744 1025 861 1098 „ut
903 1040 1054 1085 eum
1101 1022 1210 1105 qui
1255 1019 1447 1086 illum
1493 1020 1780 1086 olearum
1818 1020 2104 1086 ordinem
2137 1020 2420 1085 intrasset
2438 1068 2457 1099 ,
2500 1020 2877 1088 occideret.”

579 1125 724 1191 Non
785 1127 1099 1191 intramus
1159 1126 1445 1191 ordinem
1461 1173 1479 1204 ,
1542 1125 1651 1192 sed
1709 1126 1972 1191 domum
1991 1173 2009 1202 ,
2078 1124 2399 1211 templum
2447 1132 2511 1191 et
2566 1125 2878 1212 quidquid

488 1236 781 1316 saeptum
835 1235 931 1296 est
977 1230 1275 1315 undique.
1368 1230 1438 1296 Si
1484 1230 1724 1297 dicitur
1766 1232 1945 1295 limen
1990 1237 2221 1295 intrare
2265 1230 2434 1296 Phil.
2486 1228 2877 1308 11.2'7‚68

491 1338 815 1423 cogitatur
849 1340 986 1401 tota
1025 1336 1276 1413 domus,
1320 1337 1859 1422 quemadmodum
1898 1342 2149 1422 portam
2190 1339 2426 1402 intrare
2465 1343 2580 1402 aut
2603 1337 2877 1413 vallum,

491 1441 659 1526 quod
716 1441 1000 1526 undique
1068 1444 1290 1529 cingit.
1392 1442 1550 1506 Ordo
1618 1463 1744 1508 non
1817 1441 2191 1507 circumdat.
2285 1439 2717 1508 Scribendum
2765 1458 2876 1526 pro

494 1554 814 1612 mlv-asset.
862 1547 1189 1612 transisset.

588 1788 696 1857 30.
748 1787 981 1868 „Visus
1027 1794 1125 1855 est
1167 1788 1331 1853 mihi
1369 1791 1579 1875 primo
1617 1792 1933 1854 veterator
1968 1786 2340 1876 intellegere
2380 1788 2710 1874 praeclare
2734 1787 2882 1874 quid

498 1916 687 1962 causa
734 1894 1087 1981 postularet
1132 1900 1198 1960 et
1243 1900 1496 1961 tantum
1544 1894 1735 1960 modo
1781 1913 2020 1970 errare,
2070 1893 2237 1979 quod
2283 1912 2504 1959 omnes
2549 1900 2752 1961 testes
2793 1894 2882 1958 in·

501 1999 816 2078 firmaret,
881 2002 993 2086 qui
1054 2006 1200 2066 ante
1258 2021 1404 2066 eum
1472 2001 1816 2084 dixissent,
1864 2019 2013 2065 cum
2058 1999 2310 2077 subito,
2361 2020 2505 2065 ecce
2550 2000 2733 2067 idem
2778 2000 2882 2085 qui

499 2104 694 2189 solet,
739 2128 877 2170 euos
921 2107 1078 2169 solos
1121 2128 1316 2170 servos
1363 2111 1642 2172 armatos
1688 2105 1883 2171 fuisse
1929 2103 2157 2170 dixitl'

586 2210 806 2277 'Pestes
873 2211 1163 2277 dixerant
1230 2230 1296 2276 se
1362 2211 1697 2277 adduxisse
1765 2229 1981 2275 servos
2052 2215 2366 2287 armatos,
2430 2215 2496 2275 et
2559 2214 2880 2297 praeterea

496 2316 855 2402 complures
914 2323 1191 2382 armatos
1251 2317 1449 2382 fuisse
1505 2337 1656 2382 cum
1715 2316 2019 2381 Aebutio.
2112 2315 2283 2380 Nam
2345 2316 2503 2382 haec
2547 2316 2751 2402 probe
2794 2314 2882 2380 di·

495 2422 897 2510 stinguenda.
949 2420 1075 2502 Qui
1122 2442 1270 2487 cum
1323 2422 1605 2487 Aebutio
1652 2427 1830 2487 erant
1875 2424 2130 2496 armati.
2184 2424 2420 2507 partim
2469 2427 2654 2488 erant
2699 2420 2880 2487 liberi

498 2534 610 2594 aut
671 2526 977 2592 libertini.
1071 2525 1168 2593 Cf.
1230 2528 1267 2611 ξ
1313 2526 1435 2591 24;
1494 2532 1727 2611 „testes
1774 2526 1927 2612 quid
1974 2522 2201 2592 aiunt?
2248 2526 2324 2591 P.
2373 2526 2662 2594 Vetilius
2680 2574 2699 2605 ,
2749 2544 2880 2613 pro·

494 2636 772 2720 pinquus
833 2633 1104 2716 Aebuti,
1167 2653 1234 2698 se
1292 2633 1568 2698 Aebutio
1630 2653 1775 2697 cum
1839 2633 2103 2697 armatis
2147 2633 2347 2698 servis
2395 2635 2646 2700 venisse
2692 2632 2876 2699 advo·

496 2746 736 2807 catum.
831 2738 1000 2817 Quid
1039 2735 1391 2816 praeterea?
1439 2738 1661 2804 Fuisse
1703 2737 2062 2823 complures
2104 2741 2442 2805 armatos.”
2542 2738 2692 2825 Ipse
2734 2758 2878 2804 cum

497 2848 698 2912 servis
766 2844 1030 2909 armatis
1089 2844 1169 2910 ad
1230 2844 1590 2909 Aebutium
1660 2843 1977 2929 profectus
2022 2865 2173 2909 eum
2217 2845 2587 2911 inveniebat
2634 2850 2880 2910 matie

500 2955 834 3037 stipatum.
900 2947 1106 3036 Supra
1150 2952 1187 3035 ξ
1235 2949 1352 3017 30:
1411 2970 1604 3027 „cum
1651 2970 1866 3015 omnes
1912 2954 2057 3015 ante
2103 2970 2255 3020 eum
2302 2950 2613 3016 dixissent
2660 2956 2879 3026 testes,

501 3062 779 3123 armatos
822 3072 972 3122 cum
1020 3057 1295 3123 Aebutio
1341 3057 1535 3121 fuisse
1582 3054 1942 3140 complures
1961 3102 1977 3133 ,
2025 3055 2197 3121 solus
2244 3055 2410 3121 dixit
2452 3077 2578 3122 non
2620 3052 2875 3122 fuisse.”

500 3162 729 3228 Nullos
776 3165 1033 3228 omnino
1078 3167 1355 3229 armatos
1401 3162 1596 3226 fuisse
1642 3182 1789 3227 cum
1832 3158 2121 3227 Ciceroni
2159 3161 2484 3227 videretur
2525 3160 2880 3249 significare

499 3264 668 3333 velle
728 3267 1018 3344 Falcula,
1083 3270 1260 3333 visus
1308 3272 1403 3332 est
1449 3266 1849 3351 aliquamdiu
1895 3269 2245 3352 perspicere
2259 3314 2275 3344 ,
2329 3266 2483 3352 quid
2528 3286 2721 3333 causa
2766 3267 2878 3330 Ae-

501 3373 670 3437 butii
729 3372 1114 3456 postularet,
1177 3393 1327 3438 cum
1391 3372 1605 3436 subito
1666 3371 1745 3436 ad
1807 3369 2069 3436 solitum
2117 3377 2436 3456 stuporem
2479 3370 2677 3448 redit,
2728 3371 2874 3436 dum

501 3476 695 3560 dicit,
744 3476 907 3543 solos
952 3496 1166 3543 servos
1211 3482 1488 3541 armatos
1534 3474 1788 3542 fuisse.”
1878 3475 2022 3542 Hoc
2069 3476 2412 3564 legendum
2464 3479 2699 3543 omisso
2745 3497 2875 3539 euos

503 3583 677 3667 (nam
738 3604 874 3646 suos
932 3587 995 3647 et
1054 3604 1256 3645 seruos
1309 3602 1421 3667 per
1465 3582 1914 3666 compendium
1961 3581 2245 3669 syllabae
2292 3604 2356 3647 er
2401 3581 2655 3648 litterae
2699 3605 2733 3647 s
2775 3578 2873 3646 ad-

497 3687 762 3753 haerens
802 3690 911 3753 vix
952 3686 1248 3752 differunt
1291 3691 1456 3751 inter
1499 3688 1613 3772 se).
1665 3685 1833 3767 Quid
1876 3708 1989 3773 per
2034 3689 2183 3752 duos
2226 3708 2339 3774 pro
2383 3709 2520 3752 suos
2554 3687 2870 3755 lucremur

503 3792 766 3878 (Halm,
815 3794 1089 3881 Kayser)
1138 3812 1263 3858 non
1310 3792 1519 3859 video·

596 4047 701 4114 33.
772 4048 941 4130 „Qui
999 4052 1066 4116 in
1112 4070 1265 4136 pace
1312 4055 1377 4116 et
1423 4049 1588 4127 otio,
1640 4068 1785 4115 cum
1833 4070 2099 4115 manum
2146 4046 2399 4128 iecerit,
2447 4050 2659 4138 copias
2702 4068 2869 4137 para·

497 4157 618 4232 rit,
671 4154 1157 4222 multitudinem
1205 4156 1542 4221 hominum
1589 4158 1870 4242 coegerit
1885 4204 1905 4240 ,
1952 4157 2217 4221 armarit
2239 4204 2255 4231 ‚
2304 4158 2679 4224 instruxerit
2696 4206 2716 4242 ,
2761 4155 2864 4220 ho-

498 4263 705 4332 mines
788 4265 1064 4329 inermos
1085 4312 1102 4340 ,
1175 4263 1285 4347 qui
1355 4262 1434 4327 ad
1506 4263 1929 4327 constitutum
1998 4262 2374 4347 experiundi
2441 4264 2603 4329 iuris
2666 4262 2864 4350 gratia
