3192 5017
1239 241 1245 248 ’
1273 275 1694 346 morumne.
2587 251 2671 339 41

276 469 581 537 κτάσδων.
639 470 858 537 Etiam
903 492 1071 536 nunc
1116 471 1368 556 requiro
1413 474 1558 550 πρὸς
1606 467 1746 541 τοὺς
1795 467 1884 544 μή
1931 463 2465 545 ἀμυνΟΤμένους,
2519 470 2670 554 quia

277 597 404 644 non
448 577 532 644 de
576 579 897 664 praesenti
941 577 1052 643 sed
1095 577 1175 643 de
1220 577 1439 642 futura
1486 575 1898 641 dimicatione
1943 573 2100 639 haec
2146 572 2481 653 dicuntur,
2530 572 2676 641 οἵτι-

279 709 375 759 νες
424 681 579 750 ὅταν
626 685 837 756 αὐτοῖς
888 684 1132 749 ἐπίωσιν
1181 684 1231 749 οἱ
1282 681 1591 757 Ἀθηναῖοι
1631 682 1740 747 οὐκ
1781 682 2181 758 ἀμυνοῦνται.
2208 681 2561 759 ’Λμύνομαι
2589 720 2673 732 —

280 793 683 870 ἀμυνοῦμαι,
752 790 1130 870 ιῖλοφύρομαι
1196 827 1275 839 --
1338 789 1796 871 ὀλοφυροῦμαι,
1860 788 2253 867 μαρτύρομαι
2303 824 2386 837 -—
2435 813 2676 869 μαρτυ-

280 902 503 979 ροῦμαι
565 899 804 984 passim
867 899 1036 962 inter
1093 918 1159 962 se
1222 898 1607 973 miscentur,
1674 902 1749 960 ut
1804 895 1873 958 in
1920 914 2058 980 cap.
2108 892 2216 959 93.
2269 892 2330 959 3.
2379 896 2448 960 in
2494 895 2682 962 libris

282 1011 408 1069 est:
486 1002 729 1069 Βοιωτοὶ
794 1004 853 1069 δὲ
919 1003 1065 1086 πρὸς
1126 1001 1375 1075 τούτους
1437 1001 1935 1076 ἀντικατέςησαν
1996 1000 2136 1074 τοὺς
2186 1000 2672 1082 ἀμυνομένους,

280 1109 629 1175 manifesto
689 1107 1066 1175 mendosum
1112 1129 1228 1194 pro
1273 1106 1779 1186 ἀμυνΟΤμένους
1804 1157 1822 1192 ,
1874 1106 2042 1192 quod
2087 1108 2337 1193 primus
2383 1106 2679 1175 Herwer-

284 1214 486 1281 denus
548 1215 934 1282 emendavit.
1005 1216 1083 1282 cf.
1136 1214 1242 1281 Vl.
1295 1213 1402 1279 34.
1453 1215 1819 1296 ἐπέρχονται
1868 1213 1996 1295 γὰρ
2045 1215 2193 1292 ήμῒν
2239 1215 2314 1290 ὣς
2361 1216 2470 1281 οὐκ
2515 1217 2681 1295 ἀμυ-

285 1320 614 1402 νουμένοις.

377 1535 672 1624 Thucyd.
735 1536 849 1604 IV.
917 1535 1023 1602 93.
1073 1534 1141 1603 2.
1204 1533 1261 1602 εἴ
1303 1560 1399 1608 τις
1447 1535 1604 1602 ἐπίοι
1663 1534 1912 1622 [αὐτῷ]
2009 1534 2154 1600 Non
2203 1534 2473 1601 debebat
2518 1534 2682 1601 Her-

283 1642 618 1711 werdenus
660 1646 878 1730 inepto
922 1644 1281 1731 pronomini
1321 1663 1571 1729 parcere
1587 1691 1606 1726 ,
1648 1642 1814 1727 quod
1859 1641 2107 1727 primus
2148 1642 2215 1707 in
2256 1644 2681 1728 suspicionem

281 1753 547 1819 vocavit
593 1755 657 1816 et
704 1772 742 1817 a
786 1749 967 1817 nullo
1013 1751 1082 1816 in
1127 1750 1245 1816 tali
1290 1771 1356 1816 re
1403 1749 1681 1815 additur.

380 1856 612 1923 Paullo
675 1864 821 1923 ante
876 1859 1231 1924 rectissime
1290 1858 1560 1922 correxit
1624 1859 1688 1921 οὐ
1754 1857 2123 1937 ΚΛθεΩρων
2186 1855 2499 1931 ἀλλήλους
2568 1875 2683 1941 pro

286 1966 410 2031 οὐκ
460 1962 883 2046 ἘθεώρΟΤΝ.

380 2174 674 2262 Thucyd.
720 2174 835 2240 IV.
889 2174 994 2241 93.
1049 2175 1113 2241 3.
1161 2174 1537 2253 τεταγμένοι
1584 2171 1783 2254 ὥσπερ
1831 2174 2115 2251 ἔμελλον.
2180 2175 2507 2242 Sententia
2553 2197 2678 2242 non

290 2288 389 2348 est
449 2282 742 2348 absoluta
802 2287 867 2348 et
928 2284 1200 2351 verbum
1260 2284 1688 2348 necessarium
1743 2281 2090 2348 intercidit.
2156 2281 2431 2368 Supple:
2480 2279 2682 2362 ὥσπερ

288 2389 556 2466 ἔμελλον
604 2387 940 2475 (ξυνιέναι),
988 2395 1064 2454 ut
1108 2377 1243 2476 cap.
1295 2387 1404 2454 94.
1453 2387 1518 2455 2.
1567 2387 1920 2458 καθεςῶτων
1970 2388 2028 2454 δ’
2081 2390 2142 2462 ἐς
2190 2391 2301 2465 τὴν
2347 2389 2526 2469 τάξιν
2577 2390 2681 2455 καὶ

292 2495 406 2572 ἤδη
451 2492 806 2574 μελλόντων
851 2493 1137 2574 ξυνιέναι.

384 2706 542 2772 Post
607 2727 811 2793 pauca
880 2706 985 2773 93.
1055 2707 1116 2774 4.
1188 2708 1633 2775 scribendum:
1705 2703 1879 2790 εἶχον
1945 2708 2008 2773 δὲ
2075 2707 2265 2785 δεξιὸν
2326 2709 2442 2787 μὲν
2504 2708 2685 2789 κέρας

296 2811 568 2891 Θηβαῖοι
596 2851 711 2892 —,
738 2812 990 2891 μέσΟΝ
1031 2814 1083 2880 δ’
1125 2813 1463 2895 Ἀλιάρτιοι
1492 2813 1668 2879 -τὸ
1695 2813 1749 2878 δ’
1775 2813 2072 2892 εὐώνυμον
2109 2812 2344 2901 [εἶχον]
2388 2821 2687 2890 Θεσπιῆς.

292 2918 427 2986 Ubi
486 2920 690 2986 semel
747 2919 931 2998 μέσον
992 2924 1061 2986 in
1123 2921 1298 2999 μέσοι
1359 2925 1737 3006 corruptum
1786 2925 1883 2986 est
1929 2941 2055 2986 non
2102 2920 2311 2987 defuit
2356 2922 2467 3008 qui
2517 2917 2690 3003 εἶχον

297 3025 558 3093 adderet
603 3027 681 3092 de
725 3047 861 3093 suo·

383 3239 678 3327 Thucyd.
727 3239 844 3307 IV.
893 3239 1002 3307 95.
1050 3239 1113 3305 2.
1165 3240 1273 3306 ἐὰν
1312 3241 1650 3318 νικήσωμεν
1687 3242 1754 3306 οῦ
1795 3243 2022 3319 μήποθ’
2051 3241 2196 3320 ὑμῖν
2222 3245 2690 3323 Πελοποννήσιοι

293 3348 354 3420 ἐς
418 3350 531 3423 τήν
577 3347 788 3429 χώραν
836 3345 981 3413 ἄνευ
1026 3355 1136 3423 τῆς
1184 3348 1368 3414 τῶνδε
1416 3345 1608 3412 ἵππου
1656 3345 2026 3426 έσβάλωσιν.
2122 3348 2267 3414 Non
2313 3348 2476 3416 solet
2516 3347 2695 3417 'rhu-

289 3453 544 3542 cydidis
603 3456 805 3520 oratio
871 3474 1098 3540 anceps
1144 3474 1280 3520 esse
1325 3459 1438 3520 aut
1485 3453 1828 3542 ambigua,
1877 3461 1951 3521 ut
1994 3455 2115 3521 hoc
2162 3454 2331 3534 loco,
2384 3457 2498 3522 ubi
2544 3455 2691 3524 ἄνευ

291 3567 406 3633 τῆς
476 3558 661 3625 τῶνδε
720 3557 912 3626 ἵππου
968 3559 1135 3626 nihil
1201 3560 1376 3627 aliud
1437 3559 1798 3647 significare
1853 3566 2059 3648 potest
2106 3581 2300 3646 quam
2349 3562 2692 3643 έςερήμένοι

291 3671 402 3733 τοῦ
465 3673 583 3733 τῶν
642 3667 936 3746 Θηβαίων
983 3668 1240 3733 ἱππικοῦ
1261 3714 1278 3745 ,
1325 3669 1603 3733 destituti
1647 3668 1945 3748 equitatu
1995 3668 2398 3734 Thebanorum
2437 3670 2693 3736 αιιαὸἰίο.

386 3882 680 3970 Thucyd.
743 3881 851 3947 IV.
916 3881 1025 3950 9¹7.
1076 3881 1133 3947 3.
1188 3878 1546 3957 Ἀθηναίους
1597 3882 1660 3949 δὲ
1712 3881 1940 3957 Δήλιον
1988 3882 2398 3964 τειχίσαντας
2447 3885 2690 3951 ἐνοικεῖν

298 4028 383 4041 -
435 3987 585 4071 ὕδωρ
648 4012 750 4072 τε,
819 3983 848 4054 ὃ
901 3982 1058 4053 ‘HN
1108 3985 1401 4069 ἀψαυςον
1451 4027 1537 4037 —-
1587 3989 2090 4061 ἀνασπάσαντας
2143 3987 2513 4069 ὑδρεύεσθαι.
2563 3989 2692 4078 Op-

292 4099 458 4162 time
516 4095 811 4183 Krueger
869 4095 1233 4162 emendavit
1295 4086 1323 4159 ὃ
1392 4103 1630 4161 ΘΙΝΑΙ
1695 4093 2014 4176 ἄψαυςον·
2064 4096 2235 4182 quod
2282 4117 2509 4164 verum
2559 4119 2695 4165 esse

292 4202 800 4269 Herwerdenum
844 4222 969 4267 non
1016 4202 1204 4294 fugit.
1300 4202 1526 4288 Itaque
1574 4201 1889 4267 submiror
1939 4223 2090 4268 eum
2139 4223 2265 4268 non
2313 4206 2584 4272 sensisse
2623 4208 2694 4272 in

292 4330 432 4394 cap.
480 4306 586 4373 99.
639 4310 708 4372 in
754 4308 966 4376 verbis
1011 4304 1358 4388 νομίζοντες
1397 4308 1506 4381 τὴν
1545 4307 1659 4384 μὲν
1698 4307 2065 4393 Ὠρωπίαν,
2106 4307 2168 4372 έν
2210 4305 2249 4391 ἦ
2287 4310 2429 4382 τοὺς
2455 4312 2693 4391 νεκροὺς

299 4451 381 4464 --
439 4415 674 4481 κεῖσθαι
745 4412 1061 4501 [ξυνέβη],
1111 4414 1444 4488 ’Λθήναίων
1495 4414 1667 4479 κατὰ
1712 4416 1781 4479 τὸ
1834 4415 2092 4491 ὑπήκοον
2140 4410 2335 4490 εἶναι,
2384 4418 2697 4503 importu-
