3192 5017
573 264 708 339 252
1655 282 1898 343 cronno.

572 484 699 549 quo
744 462 905 531 loco.
953 462 1138 531 Unde
1182 463 1464 531 deiectus
1490 468 1607 548 ‚est
1652 462 1906 532 Cinna?
1944 487 2025 532 ex
2063 466 2237 533 urbe.
2288 464 2471 533 Unde
2514 458 2875 533 Telesinus?
2896 458 2943 554 ¹)
2985 553 2996 563 ·

574 570 654 637 ab
725 571 901 637 urbe.
1003 569 1180 637 Unde
1239 569 1470 642 deiecti
1531 568 1749 638 Galli?
1809 591 1847 637 a
1910 570 2250 658 Capitolio.
2345 571 2529 640 Unde
2545 622 2563 649 ,
2636 574 2746 659 qui
2811 593 2942 638 cum

574 674 859 743 Graccho
916 673 1218 743 fuerunt?
1273 699 1353 744 ex
1409 674 1750 763 Capitolio.
1845 677 2098 745 Videtis
2159 680 2369 767 igitur
2428 679 2549 746 hoc
2596 700 2723 746 uno
2770 680 2944 746 verbo

571 801 742 859 immi
790 781 1137 872 significari
1181 782 1339 849 duas
1384 804 1515 862 res,
1563 789 1630 850 et
1677 805 1756 850 ex
1810 805 1935 870 quo
1981 788 2047 851 et
2092 805 2130 851 a
2177 785 2372 870 quo.”
2433 785 2762 874 Redargui
2805 785 2942 851 haec

568 895 871 976 possunt;
937 910 1089 956 nam
1155 888 1346 956 deiiei
1407 888 1641 975 aliquis
1699 910 1847 957 sane
1908 892 2036 957 diei
2083 896 2293 977 potest
2340 892 2421 959 ab
2475 913 2549 959 eo
2596 891 2765 979 quod
2808 911 2944 958 non-

572 995 730 1061 dum
797 1001 1004 1073 tenet,
1070 995 1181 1061 sed
1240 995 1334 1061 ita
1391 995 1656 1062 demum
1677 1045 1692 1073 ,
1759 996 1815 1061 si
1877 998 2174 1064 imminet
2215 1004 2282 1064 et
2327 1021 2431 1083 epe
2474 1001 2610 1064 iam
2656 997 2943 1083 uimque

571 1107 780 1186 tenet,
843 1107 918 1167 ut
982 1093 1237 1167 dieitur*
1263 1101 1496 1187 aliquis
1542 1101 1871 1168 aedilitate
1918 1102 2108 1169 deiici
2124 1155 2142 1179 ‚
2197 1124 2388 1190 quam
2436 1103 2722 1170 nondum
2769 1102 2944 1169 habet

571 1208 681 1273 sed
729 1210 944 1273 animo
989 1211 1122 1273 iam
1169 1210 1525 1293 occupavit.
1588 1206 1919 1275 Telesinus
1967 1209 2047 1274 ad
2092 1216 2341 1295 portam
2390 1208 2711 1275 Collinam
2757 1214 2943 1275 castra

570 1314 846 1380 habebat
890 1314 1226 1380 moenibus
1271 1317 1576 1401 contigua
1621 1319 1686 1381 et
1732 1317 1862 1381 iam
1912 1319 2089 1401 quasi
2131 1315 2308 1381 urbis
2346 1316 2706 1382 cervicibus
2746 1314 2945 1380 inhae-

570 1421 772 1486 rebat.
843 1419 977 1486 Nec
1022 1426 1180 1505 puto
1226 1419 1593 1487 Ciceronem
1641 1422 1767 1486 nisi
1813 1441 2039 1487 causae
2086 1421 2383 1488 servisset
2427 1421 2586 1487 haec
2635 1421 2944 1487 dicturum

570 1526 787 1592 fuisse.
881 1524 1009 1592 Sed
1076 1526 1356 1612 captiosa
1423 1532 1574 1592 sunt
1591 1576 1608 1602 ,
1676 1529 1973 1612 totusque
2034 1527 2149 1594 ille
2205 1526 2386 1594 locus
2432 1527 2586 1592 dum
2637 1526 2850 1603 taedii,
2894 1525 2946 1591 si

574 1632 729 1717 quid
785 1632 904 1710 sit,
960 1631 1214 1718 culpam
1256 1634 1325 1696 in
1374 1634 1662 1720 argutias
1710 1633 2055 1700 adversarii
2098 1633 2369 1711 confert,
2411 1635 2656 1721 insigni
2694 1629 2947 1698 artificio

571 1745 669 1804 est
726 1742 1200 1824 attemperatus.
1296 1738 1381 1803 Et
1441 1738 1700 1826 longius
1762 1740 2058 1827 progredi
2118 1740 2272 1807 licet
2328 1746 2394 1806 et
2440 1744 2723 1805 statuere
2768 1737 2947 1804 verba

568 1843 684 1911 illa
729 1844 1054 1910 interdicti
1101 1845 1354 1929 saepius
1400 1864 1438 1910 a
1482 1843 1897 1931 litigantibus
1942 1846 2163 1911 eodem
2213 1845 2403 1912 modo
2450 1846 2744 1912 abhibita
2789 1864 2943 1922 esse;

570 1954 813 2038 priscae
858 1954 1030 2018 enim
1077 1950 1391 2017 formulae
1437 1949 1585 2017 illae
1635 1950 1951 2036 frequenti
1991 1959 2055 2018 et
2100 1953 2453 2039 multiplici
2496 1972 2618 2018 usu
2665 1950 2946 2018 latiorem

571 2057 888 2143 quandam
933 2058 1254 2142 accipiunt
1298 2055 1864 2145 significationem,
1916 2058 1994 2124 de
2040 2079 2165 2143 qua
2210 2063 2407 2126 tacito
2455 2079 2767 2125 consensu
2810 2078 2949 2125 con-

572 2166 750 2231 venit
769 2211 785 2241 ,
833 2184 1037 2249 neque
1085 2163 1433 2230 identidem
1486 2166 1554 2228 in
1608 2165 2176 2250 grammaticorum
2223 2167 2469 2231 trutina
2511 2165 2947 2250 ponderantur.

571 2270 676 2356 (cf.
727 2271 764 2354 §
810 2267 898 2334 86
952 2279 1089 2353 „est
1134 2269 1307 2335 enim
1357 2271 1554 2335 vestri
1603 2271 1847 2356 ingenii
1895 2289 2018 2335 non
2064 2292 2278 2337 meam
2326 2271 2435 2337 sed
2479 2276 2769 2336 maiorum
2818 2291 2950 2356 pru-

571 2376 854 2442 dentiam
919 2376 1337 2463 cognoscere”
1404 2391 1637 2461 nempe
1698 2377 1767 2439 in
1828 2375 1950 2441 hoc
2009 2377 2376 2456 interdicto,
2447 2384 2512 2443 et
2570 2376 2764 2463 paulo
2821 2380 2951 2463 post

569 2484 606 2568 ς
654 2481 740 2550 87
819 2502 982 2560 „non
1052 2498 1129 2547 ex
1193 2502 1266 2547 eo
1329 2481 1442 2547 sed
1506 2482 1586 2548 ab
1651 2502 1724 2547 eo
1785 2480 1925 2548 loco
1972 2504 2075 2549 me
2122 2483 2452 2562 deiecerit;
2504 2482 2585 2549 ad
2629 2483 2791 2548 haec
2837 2481 2950 2547 duo

569 2609 804 2676 genera
870 2608 1085 2653 rerum
1154 2607 1357 2652 unum
1428 2587 1698 2654 verbum
1716 2634 1732 2665 ,
1805 2589 1973 2672 quod
2036 2591 2209 2655 satis-
2251 2589 2599 2655 declararet
2657 2594 2949 2673 utrasque

568 2716 670 2761 res
737 2693 1186 2778 invenerunt.’‘)
1255 2693 1389 2758 Nec
1460 2692 1959 2763 reformidabant
2019 2695 2085 2760 in
2148 2693 2572 2761 formularum
2634 2697 2950 2780 paucitate

570 2801 765 2867 verba
828 2800 1063 2865 tradita
1117 2799 1537 2884 explicatione
1601 2799 1681 2864 ad
1738 2807 2133 2885 praesentem
2200 2821 2417 2867 casum
2491 2799 2948 2885 quodammodo

569 2908 959 2992 detorquere.
1008 2903 1083 2969 In
1131 2905 1248 2969 hac
1296 2925 1488 2971 causa
1533 2911 1669 2970 erat
1713 2905 1833 2970 hoc
1867 2907 2207 2973 interdicto
2242 2906 2553 2972 utendum
2595 2911 2709 2972 aut
2731 2904 2943 2991 ‚nullm

567 3014 652 3079 cf.
710 3015 747 3098 ξ
795 3011 881 3078 32
945 3012 1086 3090 „fac
1147 3012 1216 3075 in
1280 3011 1401 3076 hoc
1462 3031 1668 3076 errare
1727 3032 1835 3077 me
1879 3032 1995 3078 nec
2040 3011 2175 3077 ullo
2219 3012 2410 3078 modo
2455 3032 2637 3098 posse
2682 3033 2801 3098 per
2841 3012 2948 3077 hoc

566 3119 981 3186 interdictum
1012 3149 1016 3153 ⁴
1045 3118 1112 3183 id
1160 3119 1443 3203 assequi,
1494 3117 1662 3202 quod
1710 3116 1905 3184 velim
1926 3139 1943 3197 3
1993 3124 2059 3184 te
2106 3121 2205 3184 uti
2250 3122 2318 3184 in
2362 3119 2482 3184 hac
2529 3140 2598 3185 re
2643 3119 2946 3208 magistro

564 3225 742 3294 volo:
792 3245 1024 3311 quaero
1071 3225 1239 3290 sitne
1285 3222 1501 3309 aliqua
1543 3223 1738 3290 huius
1783 3226 1876 3290 rei
1922 3228 2091 3292 actio
2130 3246 2211 3291 an
2246 3223 2491 3291 nulla.’'
2533 3223 2703 3310 4533,
2747 3247 2804 3291 c.
2840 3222 2944 3290 122

571 3336 847 3411 „iterum
896 3350 1128 3416 quaero
1175 3332 1341 3395 sitne
1387 3332 1525 3395 eius
1571 3332 1665 3395 rei
1714 3329 1930 3416 aliqua
1976 3334 2141 3397 aetio
2187 3352 2267 3397 an
2305 3329 2511 3410 nulla3
2552 3330 2803 3396 nullam
2828 3349 2946 3396 esse

567 3439 737 3504 dices
754 3436 831 3503 1>”
894 3438 931 3521 ξ
980 3434 1067 3501 34
1129 3434 1393 3521 loquens
1452 3435 1784 3501 inducitur
1847 3436 2196 3503 Aebutius:
2242 3437 2405 3516 „feci
2451 3436 2750 3523 equidem
2800 3454 2947 3522 quae

566 3546 726 3611 dicis
786 3545 1023 3610 omnia.
1076 3579 1158 3591 —
1212 3540 1380 3622 Quid
1444 3563 1599 3630 ergo
1661 3542 1802 3609 est?
1863 3545 2129 3627 impune
2186 3545 2343 3620 teci;
2387 3563 2539 3608 nam
2586 3542 2757 3628 quod
2806 3559 2944 3629 agas

566 3671 821 3718 mecum
884 3671 962 3716 ex
1025 3651 1164 3714 iure
1226 3648 1407 3714 civili
1467 3669 1539 3715 ac
1588 3651 1907 3736 praetorio
1955 3670 2077 3716 non
2128 3650 2325 3716 habes
2345 3647 2412 3727 ‚”
2459 3669 2693 3734 nempe
2740 3651 2796 3714 si
2840 3645 2944 3712 illa

562 3756 842 3826 formula
907 3777 1034 3821 non
1103 3760 1252 3840 apta
1321 3760 1437 3820 est.
1535 3755 1760 3833 „Itane
1830 3776 2014 3833 vero,
2086 3752 2595 3841 recuperatores?
2656 3755 2781 3821 hoc
2840 3770 2942 3819 vos

562 3865 837 3932 audietis
884 3868 950 3929 et
996 3861 1166 3947 apud
1213 3880 1327 3927 vos
1375 3861 1502 3927 dici
1548 3862 1891 3947 patiemini
1939 3858 2233 3946 saepius?
2280 3882 2430 3927 cum
2474 3867 2722 3927 maiores
2762 3856 2942 3926 nomi

565 3976 745 4037 tanta
805 3968 1146 4056 diligentia
1207 3966 1671 4054 prudentiaque
1732 3969 2005 4045 fuerint,
2070 3971 2146 4033 ut
2208 3969 2424 4034 omnia
2486 3972 2781 4034 omnium
2826 3984 2936 4031 non

565 4077 756 4144 modo
818 4080 1145 4141 tantarum
1202 4095 1415 4140 rerum
1440 4123 1458 4152 ‚
1522 4074 1633 4139 sed
1695 4076 1892 4141 etiam
1957 4076 2481 4141 tenuissimarum
2527 4077 2671 4140 iura
2713 4078 2935 4140 statue·

636 4414 692 4485 1)
726 4412 805 4462 Sic
838 4411 1006 4462 Baiter
1039 4427 1095 4461 cx
1129 4410 1466 4476 'regemn
1498 4410 1816 4461 deiectisinus.
