3192 5017
471 303 476 308 ·
572 273 705 344 388
1643 293 1889 347 mnus.

657 471 695 554 ξ
744 467 832 534 16
893 469 1036 532 κατ’
1098 457 1445 548 ἀγχιςεῖαν
1510 469 1573 535 δὲ
1635 475 1777 540 ταῖς
1832 468 2263 545 Δικαιογένους
2315 469 2454 551 [τοῦ
2502 463 2956 551 ἀποθανόντος]

566 576 916 655 ἀδελφαῖς,
1004 569 1080 637 ὧν
1160 574 1308 639 εἰσιν
1373 577 1440 639 αἱ
1533 575 1826 654 ἡμέτεραι
1918 574 2196 652 μητέρες.
2291 573 2452 639 Uter
2532 571 2961 661 Dicaeogenes

566 678 1032 768 significaretur
1050 727 1065 756 ‚
1113 680 1454 746 obscurum
1499 695 1635 746 erat
1674 682 1947 758 nemini;
1997 687 2060 744 et
2100 678 2313 746 Isaeus
2354 679 2589 764 siquid
2615 679 2957 744 addidisset

567 792 736 853 certe
795 788 1152 871 scripsisset
1195 790 1303 851 τοῦ
1350 784 1736 861 τεθνηκότος.
1833 785 2149 852 Similiter
2197 787 2232 869 ξ
2295 784 2398 869 12,
2449 787 2565 850 ubi
2612 786 2773 851 facio
2811 805 2955 849 cum

565 893 816 959 Nabero
879 891 1128 958 delente
1190 894 1383 958 verba
1446 889 1508 963 ὃς
1578 893 1962 971 ἐμαρτύρησε
2013 929 2093 940 -
2147 890 2716 976 ψευδομαρτυριῶν,
2765 894 2956 955 inter-

566 1002 811 1084 polator
856 999 1224 1085 agnoscitur
1270 1000 1467 1063 etiam
1515 999 1729 1063 verbis
1774 1000 1876 1062 τὸν
1923 1002 2025 1062 νῦν
2075 996 2240 1062 ὅντα.

657 1106 695 1188 ἓ
749 1102 832 1169 18
896 1104 1178 1185 ἀφίςατο
1241 1104 1356 1180 μὲν
1421 1104 1827 1181 Δικαιογένης
1894 1112 2020 1168 τοῖν
2090 1104 2248 1169 δυοῖν
2307 1111 2507 1184 μεροῖν
2570 1107 2678 1168 τοῦ
2739 1103 2958 1182 κλήρου

565 1218 711 1281 ταῖς
765 1209 1195 1287 Δικαιογένους
1241 1208 1591 1293 ἀδελφαῖς,
1643 1210 1749 1274 καὶ
1797 1209 2108 1287 ὡμολόγει
2157 1207 2704 1288 ἀναμφισβήτητα
2757 1230 2959 1285 παρα-

568 1316 774 1381 δώσειν
851 1317 993 1392 ὑμῖν
1060 1316 1301 1400 [ταῦτα
1361 1316 1447 1379 τοὶ
1493 1315 1698 1399 μέρη].
1750 1315 1906 1382 Delo
1956 1318 2079 1381 tria
2127 1314 2362 1382 ultima
2408 1311 2742 1388 vocabula,
2794 1331 2955 1395 quae

570 1426 812 1509 optime
874 1422 1106 1487 absunt
1167 1420 1330 1486 infra
1377 1423 1410 1506 5
1460 1420 1547 1486 20
1594 1426 1660 1486 et
1705 1423 1743 1506 ἓ
1792 1420 1876 1487 21
1907 1472 1922 1499 ,
1975 1422 2087 1487 ubi
2135 1442 2331 1507 paene
2379 1421 2594 1486 eadem
2645 1419 2741 1484 bis
2784 1437 2953 1502 repe-

576 1532 822 1594 tuntur.

663 1635 702 1718 ἓ
750 1632 837 1699 26
883 1636 993 1709 την
1041 1633 1474 1716 <συν>οικ1αν
1527 1636 1780 1719 requiro
1828 1654 1978 1700 cum
2027 1633 2310 1700 ReiskiO.
2363 1631 2464 1700 Of.
2511 1634 2550 1717 ἓ
2604 1631 2711 1700 27.

664 1742 702 1824 ἓ
751 1738 836 1805 27
902 1740 1069 1819 ἠξίου
1130 1741 1158 1804 ὅ
1223 1739 1568 1820 Λεωχάρης
1637 1740 1740 1804 τὸν
1801 1740 2241 1822 Πρωταρχίδην
2297 1739 2699 1818 παραδιδόναι
2749 1737 2960 1815 αὐτῷ

570 1848 682 1922 τὴν
728 1848 1027 1912 συνοικίαν
1074 1841 1144 1914 ἣν
1191 1841 1365 1928 εἶχεν
1410 1847 1552 1910 ἀντὶ
1606 1854 1716 1920 τῆς
1768 1846 2042 1926 προικός,
2092 1849 2167 1918 ὥς
2218 1843 2342 1911 ὄντι
2391 1847 2676 1925 ε’γγυητῇ
2725 1843 2958 1922 αὐτῷ,

578 1954 648 2017 τὸ
695 1952 758 2017 δὲ
805 1952 981 2035 μέρος
1033 1952 1178 2034 ὑπὲρ
1225 1961 1335 2028 τῆς
1384 1954 1677 2031 γυναικὸς
1729 1957 1834 2017 τοῦ
1886 1953 2103 2031 κλήρου
2153 1954 2296 2031 παρ’
2351 1954 2541 2017 αὐτοῦ
2582 1949 2960 2031 κομίζεσθαι.

573 2058 875 2124 Alterum
925 2063 1145 2123 utrum
1197 2060 1366 2140 αὐτῷ
1416 2060 1775 2144 (perperam
1825 2059 2035 2124 editur
2084 2059 2279 2145 αὐτῷ)
2326 2058 2823 2145 expungendum
2872 2057 2964 2120 vi-

577 2165 796 2249 detur,
843 2166 1106 2231 fortasse
1155 2167 1331 2251 prius
1377 2169 1590 2250 potius
1640 2186 1834 2250 quam
1880 2168 2212 2251 posterius.

665 2272 704 2355 ἓ
751 2270 838 2336 28
896 2291 1011 2357 pro
1069 2272 1442 2348 ἀναλώμενα
1490 2271 1746 2359 legatur
1792 2271 2194 2356 ἀνηλωμένα,
2244 2272 2411 2356 quod
2457 2274 2696 2337 vitium
2745 2268 2964 2335 titulo-

574 2397 721 2441 rum
784 2379 1147 2443 Atticorum
1209 2379 1587 2443 auctoritate
1651 2380 1905 2462 saepius
1967 2377 2132 2462 apud
2180 2384 2471 2442 nostrum
2517 2376 2963 2464 castigandum

573 2488 671 2549 est
731 2482 909 2548 velut
957 2484 993 2567 ἕ
1039 2480 1145 2549 29.
1199 2481 1371 2548 Infra
1414 2485 1450 2567 ξ
1500 2481 1585 2547 38
1636 2489 1804 2549 recte
1853 2482 2094 2571 legitur
2138 2483 2471 2555 ἀνήλωσεν.
2564 2482 2706 2548 Non
2756 2483 2966 2567 magis

572 2590 610 2674 ξ
655 2588 743 2654 28
801 2575 1132 2655 ferendum
1193 2594 1290 2655 est
1351 2590 1764 2664 ἀπεδώκαμεν
1813 2608 1925 2674 pro
1972 2588 2302 2666 ἀπέδομεν.
2396 2588 2471 2654 In
2516 2591 2750 2655 vicinis
2798 2594 2966 2654 recte

573 2698 886 2781 scriptum
948 2695 1125 2761 vides
1190 2694 1402 2773 ἔδομεν
1468 2702 1533 2762 et
1595 2697 1635 2780 ἓ
1682 2693 1770 2762 27
1834 2692 2021 2760 ἔδοτε.
2118 2696 2408 2776 Φιλονίκῳ
2466 2716 2581 2781 pro
2642 2697 2965 2773 Φιλονείκῳ

573 2804 930 2889 corrigatur
974 2802 1011 2886 g
1059 2800 1168 2866 29.

663 2910 702 2992 ἓ
752 2906 838 2973 30
885 2904 1055 2980 οὗτος
1109 2908 1162 2973 δ’
1211 2904 1304 2972 ὅτ’
1357 2908 1694 2986 ἐκράτησεν
1744 2910 1948 2992 ἡμῶν,
1998 2907 2395 2984 ἀπεσύλησεν
2442 2901 2485 2974 ἃ
2535 2909 2829 2990 ἐδύνατο,
2859 2906 2960 2971 καὶ

573 3018 652 3088 ὦς
700 3012 965 3096 ἐχθροὺς
1013 3015 1163 3079 ἀλλ’
1206 3017 1270 3079 οὐ
1321 3019 1734 3095 προσήκοντας
1786 3016 2223 3080 ἀπόλλυσι.
2323 3014 2463 3080 Non
2513 3016 2738 3100 ignoro
2778 3016 2969 3079 inter·

573 3121 733 3186 dum
777 3121 964 3206 iungi
1011 3122 1324 3187 aoristum
1374 3141 1519 3185 cum
1568 3120 1886 3204 praesenti
1930 3119 2258 3185 historico.
2308 3119 2524 3184 Huius
2579 3127 2801 3186 tamen
2845 3118 2967 3185 loci

574 3247 649 3292 ea
693 3229 855 3291 ratio
901 3231 1026 3300 est,
1081 3231 1156 3289 ut
1200 3224 1391 3313 longe
1436 3225 1666 3290 malim
1719 3223 2123 3291 ἀπώλεσε.

667 3332 705 3414 ἓ
756 3329 837 3395 31
907 3331 1011 3395 καὶ
1066 3331 1331 3395 ἐναντίον
1378 3330 1605 3396 τούτων
1653 3331 2149 3409 ὡμολογήσαμεν
2197 3332 2484 3409 ἐμμενεῖν
2533 3327 2616 3403 οἷς
2664 3331 2762 3396 ἂν
2811 3328 2964 3398 οὗτοι

576 3443 846 3515 γνοῖεν
908 3442 973 3501 et
1033 3436 1070 3520 ἓ
1138 3434 1223 3501 33
1289 3437 1661 3517 ὂρκώσαντες
1715 3438 1881 3513 ἡμᾶς
1931 3433 1968 3510 ἦ
2014 3437 2134 3512 μὴν
2179 3438 2468 3514 ἐμμενεῖν
2515 3432 2599 3507 οἷς
2648 3437 2745 3503 ἂν
2795 3435 2961 3503 αὐτοὶ

576 3568 621 3621 γ
642 3548 800 3606 νοῖε
820 3566 848 3604 ν
917 3542 980 3607 N
983 3542 1209 3607 aberus
1275 3541 1611 3609 delendam
1674 3549 1861 3628 putat
1922 3542 2218 3608 voculam
2282 3542 2325 3608 ἀ
2346 3567 2401 3622 ν,
2454 3541 2588 3609 fieri
2637 3551 2851 3629 potest
2899 3548 2966 3606 nt

573 3653 763 3714 recte.
814 3645 975 3711 Vide
1021 3652 1239 3713 tamen
1287 3667 1494 3713 annon
1541 3647 1752 3714 lenius
1798 3668 2095 3734 reponere
2141 3648 2329 3715 liceat
2378 3649 2718 3734 utrobique
2779 3674 2828 3728 γ
2845 3675 2875 3714 ν
2892 3654 2966 3713 ῶ-

576 3778 670 3819 σιν
711 3773 827 3839 pro
875 3760 1091 3830 γνοῖεν.
1191 3752 1373 3818 Licet
1419 3753 1590 3820 enim
1641 3758 1916 3820 severior
1967 3759 2392 3843 grammatica
2437 3762 2580 3842 post
2624 3758 2970 3840 praeterita

573 3860 839 3927 suadeat
923 3859 1195 3943 optativi
1278 3879 1466 3924 usum
1488 3909 1506 3943 ,
1579 3860 2090 3945 frequentissime
2159 3859 2388 3926 Graeci
2456 3881 2597 3927 eam
2668 3861 2963 3949 regulam

575 3967 928 4053 migrantes
1003 3983 1117 4048 pro
1201 3965 1487 4049 optativo
1562 3972 1807 4050 ponunt
1881 3968 2353 4032 coniunctivum
2428 3988 2579 4032 cum
2649 3967 2966 4054 particula

575 4068 986 4138 conditionali
1011 4118 1027 4146 ,
1093 4089 1217 4135 non
1280 4070 1466 4136 facile
1523 4080 1854 4157 peccantes
1911 4072 2156 4139 ratione
2202 4075 2471 4140 inversa.
2566 4073 2726 4139 Vide
2774 4092 2967 4160 supra

575 4179 656 4244 ad
701 4176 796 4242 III
841 4178 879 4260 g
928 4174 1038 4241 21.

667 4284 706 4366 ἓ
756 4282 841 4348 38
906 4273 967 4356 ὃς
1033 4282 1199 4361 ὑμάς
1245 4280 1539 4358 ἅπαντας
1588 4282 1766 4363 ἅμα
1815 4286 2317 4365 συνειλεγμένους
2365 4287 2455 4370 [ἐν
2502 4296 2577 4368 τῇ
2626 4287 2961 4371 ἐκκλησία]

576 4392 838 4454 τοιαῦτα
910 4388 1178 4468 ἐποίησε.
1272 4389 1526 4455 Lubens
1593 4392 1834 4476 accipio
1906 4413 1944 4457 a
2012 4392 2262 4459 Nabero
2330 4394 2525 4473 ὁμοῦ
2600 4415 2709 4479 pro
2780 4389 2956 4471 ἅμα,
