3192 5017
533 257 617 328 70
1596 273 1832 329 comm.

527 470 625 517 vs.
689 447 841 534 166,
905 469 1050 538 pag.
1121 447 1205 515 19
1270 452 1464 515 tacite
1529 451 1853 535 rescripsit
1915 453 2021 515 καὶ
2085 451 2563 531 συμπατήσειν,
2606 452 2921 538 probante

527 555 885 640 MeinekiO‚
935 555 1046 641 qui
1090 577 1166 622 ex
1219 555 1483 622 Polluce
1531 558 1601 621 in
1647 562 1830 622 textu
1875 558 2091 642 posuit
2137 561 2172 634 ἣ
2215 565 2657 635 συμπατῆσαι.
2703 557 2919 624 Mani-

528 664 690 729 festo
751 662 912 728 nihil
974 663 1205 728 horum
1255 665 1544 728 omnium
1597 671 1767 728 recte
1814 663 2152 749 respondet
2197 668 2585 753 praegressis
2631 664 2925 731 Pollucis

527 770 768 848 verbis,
816 776 1072 855 propter
1118 790 1280 853 quae
1326 775 1619 854 expectes
1669 770 1821 845 ἐπὴν
1870 773 2124 853 πατήσῃ
2174 778 2289 836 aut
2334 771 2579 857 aliquid
2620 771 2921 838 huiusce-

524 877 738 962 modi,
786 897 938 942 nam
987 876 1301 941 abstinere
1348 874 1576 940 malim
1627 895 1665 940 a
1710 878 2093 942 coniectura.

620 1086 894 1156 omnm
939 1087 1016 1152 fr.
1066 1084 1200 1152 284

939 1194 1160 1270 ἄκουε,
1209 1191 1405 1271 olym
1457 1190 1732 1273 πρόσεχε
1778 1194 1882 1257 τὸν
1929 1196 2100 1278 νοῦν,
2151 1193 2309 1274 δεῦρ’
2357 1192 2489 1274 ὅρα.

524 1301 790 1368 Temere
850 1300 1055 1366 editor
1114 1300 1270 1365 haec
1316 1299 1510 1364 verba
1556 1299 1725 1363 inter
1770 1299 1928 1364 duas
1974 1320 2273 1386 personas
2321 1300 2760 1366 distribuenda
2807 1321 2919 1365 su·

526 1411 824 1495 spicatur.
919 1406 1003 1471 Et
1048 1406 1460 1493 grammatici
1508 1403 1712 1469 Bekk.
1762 1405 1880 1469 An.
1932 1426 1991 1491 p.
2046 1404 2200 1481 ³69,
2255 1406 2338 1471 15
2384 1407 2580 1473 verba
2624 1412 2690 1471 et
2726 1404 2921 1472 Iocus

527 1519 719 1582 Arist.
757 1513 1040 1579 -Thesm.
1093 1511 1223 1578 382
1269 1511 1502 1577 allatus
1549 1531 1586 1576 a
1633 1510 1956 1577 Meinekio
2002 1512 2245 1578 faciunt
2290 1532 2404 1598 pro
2451 1512 2760 1601 vulgatis.
2837 1512 2922 1578 In

528 1621 605 1687 fr.
657 1620 811 1698 323,
852 1619 891 1684 3
933 1620 1112 1704 sequi
1152 1618 1455 1683 debuerat
1496 1616 1785 1683 Kockius
1822 1619 2224 1684 verissimam
2265 1618 2327 1684 Ν
2330 1619 2503 1684 aberi
2528 1619 2923 1685 sententiam

527 1730 916 1815 propositam
962 1728 1031 1790 in
1076 1724 1322 1791 Mnem.
1373 1721 1541 1797 VIII,
1595 1720 1709 1789 28.

622 1942 946 2012 CRA'I'HIS
989 1943 1068 2008 fr.
1121 1943 1228 2028 14,
1277 1941 1320 2006 4
1365 1962 1498 2028 sqq.

1858 2045 2166 2127 πρόσεισιν
2212 2044 2364 2113 αὕθ’
2410 2045 2630 2117 ἕκατον

713 2163 830 2222 τῶν
876 2154 1241 2240 σκευαρίων,
1290 2151 1440 2218 ὅταν
1486 2161 1653 2234 καλῇ
1700 2176 1816 2226 τις.
1866 2153 2244 2233 παρατίθου,
2292 2152 2600 2235 τράπεζα.

714 2260 957 2348 αὕτη,
1006 2258 1444 2341 παρασκεύαζε
1492 2257 1814 2324 σαυτόν.
1864 2259 2109 2346 μάττε,
2157 2259 2532 2326 θυλακίσκε.

705 2368 927 2449 ἔγχει,
976 2364 1202 2434 κύαθε.
1252 2363 1462 2431 ποῦσθ’
1511 2366 1546 2440 ἧ
1596 2363 1781 2442 κύλιξ
1796 2384 1813 2443 ;
1863 2363 2087 2446 διάνιζ’
2134 2368 2312 2432 ἰοῦσα
2360 2368 2618 2442 σαυτήν.

707 2475 1048 2554 ἀνάβαινε,
1098 2472 1299 2553 μᾶζα.
1349 2473 1461 2547 τὴν
1503 2472 1749 2554 χύτραν
1794 2478 1951 2552 χρῆν
2000 2471 2211 2552 ἐξερᾶν
2256 2473 2343 2538 τὰ
2389 2478 2651 2539 τεῦτλα.

711 2582 896 2663 ἰχθύ,
949 2576 1170 2659 βάδιζ’
1217 2579 1347 2642 κτὲ.

527 2689 852 2774 Quidquid
898 2686 1057 2753 latet
1103 2684 1222 2749 sub
1271 2681 1428 2758 αὕτη
1450 2730 1468 2760 ,
1514 2682 1715 2750 latere
1762 2687 2019 2751 omnino
2058 2686 2316 2771 nequit,
2358 2684 2525 2770 quod
2549 2685 2917 2771 suspicatus

526 2801 623 2862 est
669 2795 894 2867 editor,
940 2789 1128 2867 ἄμης.
1177 2788 1242 2854 Ν
1243 2809 1323 2854 on
1371 2792 1544 2854 enim
1592 2792 1660 2854 in
1707 2792 1845 2876 ipso
1891 2793 2274 2856 citationum
2320 2793 2509 2857 initio
2555 2790 2913 2876 quidquam
2972 2853 2983 2862 .

526 2898 896 2986 compellari
964 2898 1176 2981 potuit
1237 2901 1486 2980 praeter
1551 2898 1832 2963 convivii
1896 2899 2322 2963 instrumenta
2385 2897 2529 2982 (τῶν
2574 2897 2911 2976 σκευαρίων

524 3029 613 3076 vs.
673 3006 805 3091 15).
868 3005 1136 3089 Insuper
1193 3023 1343 3068 vero
1390 3005 1528 3067 iure
1573 3005 1823 3069 mireris
1871 3003 2123 3091 integro
2171 3026 2357 3070 versu
2407 3004 2725 3070 disiuncta
2773 3025 2915 3070 esse

523 3135 682 3201 quae
729 3111 1249 3178 coniunctissima
1294 3115 1443 3173 sunt
1488 3110 1736 3188 μάττε,
1788 3110 2121 3175 θυλακίσκε
2172 3117 2237 3176 et
2282 3109 2625 3189 ἀνάβαινε,
2681 3109 2906 3192 μᾶζας

527 3220 690 3285 unde
735 3223 996 3304 apparet
1013 3262 1031 3294 ,
1078 3223 1153 3281 ut
1198 3215 1486 3293 arbitror,
1537 3216 2072 3300 transponendum
2121 3237 2290 3282 esse:

1901 3323 2278 3409 παρατίθου,
2319 3322 2623 3405 τράπεζα.

792 3427 1015 3509 ἔγχει,
1066 3425 1288 3494 κύαθε.
1339 3424 1545 3494 ποῦσθ’
1595 3430 1629 3503 ἦ
1680 3426 1893 3507 κύλιξ;
1945 3427 2169 3511 διάνιζ’
2219 3429 2395 3494 ἰοῦσα
2445 3429 2703 3505 σαυτήν.

790 3532 1090 3620 αύτη(’ί)
1138 3534 1580 3617 παρασκεύαζε
1629 3533 1880 3600 σαυτόν.
1931 3535 2184 3614 μάττε,
2236 3532 2614 3602 θυλακίσκε.

791 3641 1097 3720 ἀνάβαινε
1146 3640 1347 3721 μαζα.
1395 3666 1504 3716 την
1550 3641 1796 3732 χύτραν
1843 3649 2002 3725 χρῆν
2049 3641 2261 3758 ἑξεραν
2310 3642 2395 3708 τὰ
2445 3646 2705 3708 τεῦτλα.

796 3750 989 3830 ιχθύ,
1031 3746 1255 3829 βαδιζ’
1308 3747 1438 3813 κτὲ.

521 3856 814 3928 Genuino
883 3875 1189 3921 versuum
1258 3854 1475 3920 ordine
1535 3855 1863 3934 restituto,
1928 3821 2169 3922 conicio
2231 3856 2350 3921 sub
2413 3868 2708 3942 corrupta
2752 3875 2911 3924 voce

521 3965 719 4031 latere
780 3964 950 4028 vasis
1011 3981 1280 4036 nomen.
1346 3980 1471 4045 quo
1533 3962 1905 4047 potantibus
1953 3982 2111 4048 opus
2159 3965 2266 4029 sit.
2338 3962 2544 4044 Quod
2590 3981 2703 4029 vas
2749 3963 2909 4048 quid

521 4071 698 4138 aliud
766 4088 901 4134 esse
962 4069 1242 4154 potuerit
1288 4073 1537 4152 praeter
1582 4068 1649 4132 id
1698 4068 1864 4153 quod
1914 4071 2156 4149 ψυκτήρ
2204 4067 2311 4135 vel
2357 4070 2582 4150 κρατήρ
2629 4069 2907 4148 dicitur,

520 4196 645 4244 non
693 4182 943 4262 exputo.
1042 4173 1166 4240 Sed
1213 4173 1455 4253 ψυκτήρ
1502 4177 1717 4240 verius
1756 4174 2030 4240 videtur.
2124 4174 2334 4242 Schol.
2378 4176 2455 4242 ad
2492 4176 2660 4242 Plat.
2703 4173 2907 4243 Oonv.

427 4279 436 4286 ’
517 4305 579 4370 p.
629 4281 762 4348 213
811 4292 861 4349 Ε
910 4287 1123 4356 σκεῦος
1175 4278 1331 4345 ἔνθα
1378 4280 1412 4343 δ
1428 4281 1603 4345 ιανί
1619 4277 1846 4360 ζουσι
1886 4282 1972 4347 τὰ
2017 4282 2276 4364 ποτήρια
2319 4281 2355 4358 ἢ
2401 4283 2681 4365 ποτηρίου
2721 4278 2906 4357 εἶδος.

521 4387 618 4458 cf.
665 4389 907 4457 Jacobii
957 4389 1166 4456 index.
1214 4409 1267 4453 s.
1314 4408 1376 4454 v.
