3192 5017
1445 286 1807 339 mmmmm.

431 487 544 529 κει.
593 462 701 528 Ad
748 462 916 529 hunc
962 461 1180 528 locum
1229 463 1256 527 ὃ
1306 462 1734 541 εὖςοχῶτατος
1783 461 2088 528 Reiskius
2135 459 2495 526 adnotavit:
2549 457 2822 536 „Malim

429 573 592 646 πλὴν
636 574 825 648 μιᾶς,
868 577 1107 653 praecor
1147 591 1362 634 unam.-
1402 569 1467 633 h.
1493 589 1550 634 e.
1604 569 2003 654 penultimus
2049 589 2197 633 cum
2244 569 2395 633 navi
2442 586 2556 631 sua
2601 567 2818 631 venie·

431 680 576 761 bat3
640 680 920 743 caeterae
979 697 1173 742 naves
1235 696 1455 741 omncs
1512 696 1743 741 navem
1807 677 1945 740 eius
2001 674 2505 760 praeveniebant.
2600 671 2816 736 Multo

429 785 642 849 maius
702 782 821 847 hoc
883 787 980 849 est
1026 782 1329 860 dedecus,
1380 802 1574 867 quam
1623 781 1791 866 quod
1839 779 2107 868 vulgata
2152 780 2397 844 Midiae
2443 778 2819 862 exprobrat,

432 909 593 973 quae
639 909 789 953 eum
835 909 984 952 cum
1030 889 1177 954 navi
1226 910 1343 954 sua
1388 888 1741 953 secundum
1790 909 1828 952 a
1873 891 2082 972 primo
2129 888 2377 951 venisse
2422 882 2573 949 ait.'’
2620 882 2818 947 Recte

432 994 763 1072 Reiskius‚
804 995 914 1059 sed
955 993 1239 1079 perficies
1278 994 1782 1060 emendationem
1827 993 2228 1079 corrigendo:
2274 991 2507 1063 ἡττᾶτο
2548 995 2821 1053 πασῶν

434 1108 550 1165 τῶν
611 1101 914 1166 ἰδιωτικῶν
976 1102 1220 1181 τριήρων
1283 1105 1489 1174 πλὴν
1553 1105 1729 1176 μιᾶς.
1806 1098 1995 1165 Vides
2040 1119 2233 1183 quam
2281 1096 2468 1162 facile
2517 1095 2815 1162 confundi

434 1208 679 1292 possint
726 1215 1040 1271 ΠΑΣΩΝ
1090 1214 1154 1272 et
1202 1215 1539 1275 ΠΛΕΩΝ.

522 1415 662 1482 Non
712 1420 869 1483 satis
915 1424 1011 1484 est
1057 1417 1223 1503 quod
1272 1419 1349 1484 de
1396 1418 1721 1483 Alcestide
1769 1418 2049 1506 legimus
2100 1440 2194 1484 vs.
2253 1417 2418 1482 161:

1360 1526 1428 1588 ἐκ
1475 1525 1528 1589 δ’
1578 1526 1804 1589 ἑλοῦσα
1854 1525 2126 1605 κεδρίνων
2176 1523 2371 1601 δόμων

887 1630 1132 1704 ἐσθῆτα
1180 1629 1405 1708 κόσμον
1452 1632 1512 1695 τ’
1563 1633 1979 1710 εὐπρεπῶς
2030 1632 2384 1706 ἠσκήσατο,

434 1755 583 1800 nam
645 1734 907 1802 honesta
974 1736 1211 1802 mulier
1271 1758 1520 1822 semper
1582 1738 1892 1815 εὐπρεπῶς
1952 1739 2187 1802 vestita
2247 1743 2377 1820 est,
2426 1737 2535 1802 sed
2584 1736 2817 1801 ultimo

434 1842 606 1906 vitae
667 1841 769 1907 die
827 1842 979 1907 fecit
1040 1842 1207 1926 quod
1270 1843 1450 1907 festis
1513 1842 1737 1907 diebus
1799 1845 2155 1927 ceteroquin
2218 1842 2461 1907 solebat
2506 1842 2709 1908 facere
2754 1848 2819 1907 et

435 1946 843 2027 ἐκπρεπῶς
911 1950 1245 2023 ἠσκήσατο.
1340 1947 1491 2013 Tria
1549 1949 1866 2015 adiectiva
1926 1952 2075 2012 sunt
2123 1948 2454 2026 εὐτρεπής,
2510 1949 2815 2028 εὐπρεπής

435 2056 499 2116 et
561 2054 865 2132 ἐκπρεπής
889 2104 907 2128 ,
972 2074 1132 2139 quae
1192 2060 1493 2140 perpetuo
1556 2055 2066 2128 confunduntur,
2131 2055 2296 2139 quod
2343 2054 2659 2120 Porsonus
2705 2056 2819 2120 ob-

434 2162 711 2224 servavit
785 2160 864 2226 ad
934 2160 1178 2226 Hecub.
1250 2159 1401 2223 558.
1467 2159 1754 2225 Bellator
1815 2163 1882 2225 in
1946 2160 2182 2225 Phoen.
2256 2159 2380 2225 167
2431 2168 2527 2225 est
2572 2157 2812 2224 ὅπλοισι

433 2263 774 2342 χρυσέοισιν
823 2266 1166 2351 ἐκπρεπής,
1211 2266 1288 2330 ad
1337 2287 1525 2350 quem
1572 2266 1784 2330 locum
1835 2265 2323 2331 Valckenaerius
2370 2266 2579 2331 multa
2632 2267 2819 2332 utilia

436 2373 770 2456 congessit.
865 2371 1047 2437 Idem
1111 2374 1348 2437 vitium
1411 2388 1724 2457 quantum
1789 2373 2064 2457 comperi
2133 2373 2419 2438 nondum
2488 2371 2813 2437 sublatum

434 2476 560 2539 tuit
631 2477 799 2561 apud
868 2475 1225 2541 Lucianum
1288 2477 1503 2543 Somn.
1565 2499 1613 2543 s.
1668 2477 1805 2543 Vit.
1875 2477 1979 2563 13,
2041 2479 2154 2544 ubi
2216 2480 2469 2544 omissis
2532 2499 2691 2563 quae
2738 2478 2818 2544 ad

436 2586 714 2647 nostram
787 2602 921 2647 rem
988 2582 1154 2647 nihil
1215 2583 1493 2663 faciunt,
1560 2585 1592 2656 ἦ
1657 2584 1920 2648 Παιδεία
1983 2587 2075 2648 ita
2130 2583 2445 2666 loquitur:
2512 2585 2701 2663 ἀφεὶς
2750 2584 2813 2648 δὲ
2911 2584 2916 2589 ’

435 2686 734 2758 τοιούτους
797 2686 1019 2767 ἄνδρας
1086 2688 1188 2751 καὶ
1237 2696 1466 2770 σχῆμα
1514 2690 1948 2768 εὐπρεπὲς,
1998 2688 2277 2768 χιτώνιόν
2326 2712 2386 2751 τι
2435 2689 2680 2768 πιναρὸν
2728 2690 2814 2752 ἕν-

435 2793 599 2857 Mese
671 2794 775 2856 καὶ
841 2802 1067 2872 σχῆμα
1115 2831 1199 2842 -
1249 2793 1649 2874 δουλοπρεπὲς
1717 2795 2053 2872 ἀναλήψει.
2149 2793 2292 2878 Ipsa
2355 2800 2568 2859 autem
2623 2795 2816 2859 habet

437 2899 678 2973 ἐσθῆτα.
744 2901 1044 2980 λαμπρὰν
1103 2903 1137 2984 ξ
1190 2901 1267 2964 ll
1320 2922 1432 2965 nec
1480 2900 1952 2966 commendavit
1997 2907 2224 2979 σχῆμα
2275 2900 2605 2976 εὐπρεπὲς,
2657 2921 2816 2984 quae

437 3008 645 3071 tenuis
706 3006 1172 3071 commendatio
1234 3014 1362 3083 est,
1425 3006 1532 3071 sed
1591 3005 1903 3090 discipulo
1952 3026 2066 3071 suo
2112 3004 2397 3090 pollicita
2442 3012 2537 3070 est
2582 3016 2813 3087 σχῆμα

439 3111 864 3190 ἐκπρεπές.

529 3323 827 3390 Nondum
876 3328 1120 3408 reperta
1164 3322 1292 3389 fuit
1338 3344 1488 3389 vera
1532 3325 1844 3408 scriptura
1893 3344 1986 3387 vs.
2041 3320 2210 3386 321:

1575 3428 1683 3492 καί
1729 3430 1854 3492 τόδ’
1902 3430 2007 3492 οὐκ
2057 3429 2139 3497 εἷς
2187 3429 2408 3506 αὔριον.

890 3537 1009 3600 οὐδ’
1059 3537 1118 3606 ἐς
1166 3534 1370 3614 τρίτην
1417 3559 1518 3608 μοι
1565 3534 1809 3611 μηνὸς
1859 3533 2114 3614 ἔρχεται
2166 3533 2431 3599 κακόν.

440 3639 727 3713 Coniecit
787 3640 1221 3706 Weckleinius
1276 3650 1541 3721 τριταῖον
1589 3638 1796 3720 ἦμαρ,
1852 3639 2310 3705 Herwerdenus
2357 3649 2572 3705 autem
2621 3645 2815 3721 τρίτον

440 3771 541 3827 μοι
589 3747 872 3831 φέγγος,
921 3748 1030 3812 sed
1077 3747 1285 3813 multo
1333 3747 1570 3813 leniore
1616 3747 1931 3811 medicina
1977 3748 2235 3811 rescribi
2283 3751 2553 3831 poterit:

803 3852 926 3918 οὐδ’
975 3855 1033 3927 ἐς
1080 3855 1285 3932 τρίτην
1330 3877 1433 3930 μοι
1482 3862 1776 3930 σμῆνος
1825 3850 2079 3931 ἔρχεται
2130 3860 2417 3917 κακῶν.

532 4067 746 4133 Habet
806 4068 925 4132 hoc
986 4050 1319 4153 Euripides
1364 4074 1437 4132 ut
1483 4069 1673 4135 modo
1722 4069 1915 4133 altius
1959 4065 2200 4150 evolet,
2250 4067 2437 4132 modo
2485 4067 2667 4133 humi
2717 4093 2814 4135 re-

440 4181 585 4259 pat3
633 4174 839 4239 veluti
885 4174 1280 4253 ψυχρότατον
1327 4180 1423 4240 est
1470 4176 1637 4260 quod
1682 4172 2000 4238 Admetus
2045 4172 2201 4236 dicit
2244 4194 2334 4237 vs.
2390 4174 2540 4240 353.
2604 4175 2821 4241 Alces·

441 4281 593 4344 tidis
661 4282 1012 4366 imaginem
1083 4301 1533 4364 marmoream,
1606 4280 1711 4347 vel
1780 4301 2024 4346 ceream
2097 4279 2390 4362 fortasse,
2465 4282 2818 4356 faciendam

441 4386 689 4452 curabit
738 4406 1004 4470 eamque
1051 4386 1174 4451 sibi
1220 4390 1284 4450 in
1336 4386 1498 4451 lecto
1548 4394 1856 4474 apponet:
