3192 5017
1344 313 1578 368 comm.
2561 293 2650 359 89

269 483 556 552 eiusdem
607 507 763 552 usus
809 491 1129 573 excepti0‚
1178 508 1369 572 quam
1420 486 1697 553 Cobetus
1743 492 2004 574 tangere
2050 484 2374 573 neglexit,
2426 504 2655 568 nempe

269 599 461 656 ποιεῖν
532 593 739 658 sicubi
800 591 1120 680 significet
1183 593 1426 678 aliquid
1487 616 1741 670 sumere,
1798 615 2057 677 ponere,
2119 595 2335 676 itaque
2381 594 2658 675 ponatur

270 716 383 781 pro
430 699 695 771 τιθέναι,
744 698 976 765 habere
1022 701 1369 784 passivum.
1420 698 1735 765 Videatur
1778 698 2120 764 Passovius
2165 700 2233 761 in
2281 696 2485 761 lexico
2510 717 2564 760 s.
2588 716 2655 762 v.

273 810 467 868 ποιεῖν
510 803 570 880 Ι,
624 803 663 867 5
711 825 860 891 pag.
912 803 1043 870 976
1089 803 1166 870 Β.

366 1013 621 1081 Thesm.
674 1016 804 1081 510

634 1125 732 1204 χώ
777 1124 891 1200 μὲν
937 1126 1215 1201 γεγηθὼς
1264 1123 1645 1209 ἔτρεχεν,
1698 1128 1731 1201 ἧ
1779 1124 1829 1189 δ’
1881 1124 2224 1201 ἐξέσπασεν

638 1229 708 1292 ἐκ
752 1234 859 1294 τοῦ
905 1229 1179 1305 ςόματος
1225 1233 1295 1296 τὸ
1342 1232 1556 1310 κηρίον,
1605 1232 1736 1296 κτέ.
1812 1291 1817 1296 ,

272 1330 602 1399 Sententia
649 1335 873 1402 suadet
919 1336 1337 1417 ἀπέτρεχ’.

360 1546 617 1614 Thesm.
667 1547 822 1616 639.

635 1657 758 1724 Ὠς
807 1655 911 1720 καὶ
960 1656 1272 1736 ςιβαροὶ
1318 1680 1410 1729 τις
1460 1658 1761 1736 Φαίνεται
1812 1658 1915 1723 καὶ
1965 1659 2259 1739 καρτεροὶ.

269 1757 528 1825 Praeter
589 1760 653 1824 h.
703 1761 746 1824 l.
811 1762 1084 1826 formam
1162 1763 1415 1842 ςιβωρός
1496 1766 1562 1826 in
1642 1762 2008 1829 Atticorum
2086 1766 2339 1849 scriptis
2421 1765 2658 1829 frustra

271 1867 678 1948 quaesiveris.
773 1864 1148 1932 Constanter
1207 1868 1429 1932 dicunt
1490 1868 1702 1947 ςιφρός
1723 1916 1742 1952 ,
1806 1869 1973 1953 quod
2038 1870 2143 1934 hic
2205 1869 2492 1935 numeris
2553 1890 2660 1934 ex-

272 1968 676 2045 cludebatur,
722 1993 871 2037 nam
920 1973 1182 2057 produci
1227 1976 1500 2059 priorem
1548 1973 1866 2060 syllabam
1915 1976 2350 2041 demonstrant
2394 1975 2472 2040 fr.
2529 1973 2655 2039 190

213 2161 224 2175 ἱ
270 2074 597 2161 Aristoph.
659 2084 722 2142 et
784 2076 1055 2145 Timocl.
1102 2077 1233 2144 607
1284 2079 1535 2165 (Mein.)
1581 2080 1815 2147 Moneo
1861 2089 2116 2166 propter
2161 2081 2536 2148 Passovium
2587 2084 2654 2145 in

270 2180 475 2247 lexico
519 2188 835 2249 errantem
883 2205 932 2249 s.
981 2206 1043 2251 v.
1090 2184 1332 2266 ςιφροὶω
1383 2183 1636 2270 (ςιφρόω
1655 2183 1709 2271 i)
1762 2192 1827 2252 et
1874 2188 2110 2269 ςιφρός.

365 2397 620 2466 ‘l'hesm-
672 2399 801 2467 775
850 2402 1088 2480 ξύλον
1137 2425 1218 2479 γε
1263 2401 1434 2470 τούς-ἲ
1484 2407 1728 2481 ταῦτα,
1779 2403 2012 2466 κάκεῖν’
2064 2396 2131 2473 ἦν
2176 2399 2442 2477 ξύλον.

270 2504 536 2571 Temere
595 2509 663 2571 in
723 2511 991 2593 repetito
1056 2509 1205 2593 (non
1263 2510 1399 2572 sine
1462 2510 1555 2591 vi)
1616 2505 1800 2583 ξύλον
1862 2509 2068 2573 haesit
2115 2506 2498 2592 Blaydesius
2545 2525 2658 2589 pro

270 2611 469 2678 altero
530 2612 711 2690 ξύλον
774 2616 1131 2699 suspicatus
1193 2613 1334 2681 ἴσως
1363 2661 1379 2689 ,
1445 2612 1614 2697 quod
1661 2634 1800 2678 raro
1848 2625 2191 2697 usurpatur
2239 2632 2350 2697 pro
2400 2610 2614 2688 ὁμοίως
2641 2658 2657 2684 ,

266 2738 620 2802 numquam
670 2720 837 2804 apud
886 2720 1398 2804 Aristophanem.
1449 2716 1657 2797 Quam
1707 2720 1969 2805 egregia
2005 2721 2091 2782 sit
2129 2717 2422 2783 codicum
2463 2716 2653 2780 lectio

269 2822 490 2890 docere
536 2845 684 2889 eum
730 2830 977 2910 poterat
1024 2823 1400 2890 simillimus
1446 2824 1626 2889 locus
1673 2824 1887 2908 Equit.
1941 2821 2098 2889 207:

450 2928 759 3009 όδροὶκων
805 2930 930 3009 γάρ
978 2930 1068 2998 ἔτι
1115 2927 1465 3009 μακρόν,
1517 2926 1553 2994 ὅ
1592 2927 1655 2992 τ’
1708 2930 1916 3001 ἑλλοῖς
1965 2926 2048 2994 αὖ
2092 2928 2427 3008 μακρόν.

359 3140 615 3208 Thesm.
664 3141 800 3209 874

717 3248 925 3316 Mnes.
975 3248 1352 3331 Πρωτέως
1400 3249 1543 3317 τάδ’
1591 3253 1683 3321 ἑςι
1727 3249 2029 3334 μέλαθρα

1306 3357 1473 3423 Mul.
1523 3359 1705 3424 ΠοΙου
1754 3360 2177 3439 Πρωτέως;

709 3459 817 3529 *Ω
864 3461 1416 3544 τρισκακόδαιμον·
1466 3463 1767 3543 ψεύδεται
1819 3469 1886 3541 νὴ
1934 3467 2017 3531 τὼ
2072 3464 2227 3542 θεώ,

718 3571 852 3636 ἐπεὶ
898 3569 1146 3645 τέθνηκε
1192 3569 1568 3649 Πρωτέας
1620 3568 1726 3645 ἔτη
1781 3571 1954 3639 δέκα.

263 3673 474 3742 Immo
521 3678 700 3743 Holov
749 3678 1147 3758 Πρωτέως
1200 3678 1330 3743 κτὲ.
2065 3663 2073 3670 ’

353 3784 558 3850 Tanta
623 3787 794 3850 enim
859 3785 1208 3860 barbaries,
1277 3788 1350 3848 ut
1411 3787 1786 3870 genetivum
1836 3785 2125 3865 Πρωτέως
2172 3808 2210 3852 a
2255 3791 2648 3857 nominativo

262 3891 551 3970 Πρωτέας
602 3897 941 3977 repeteret,
996 3889 1252 3955 Atticae
1292 3889 1551 3955 mulieri
1593 3891 1793 3956 tribui
1831 3912 1956 3957 non
1995 3896 2224 3977 potuit.
2273 3892 2399 3959 Sed
2436 3894 2656 3959 vetula

175 4059 184 4068 .
262 3998 421 4083 (vid.
472 3996 629 4078 895)
698 4016 924 4081 parum
987 4003 1236 4061 versata
1296 3998 1363 4059 in
1422 3995 1830 4083 mythologie
1879 4002 1943 4061 et
1990 3998 2252 4062 fortasse
2298 3999 2648 4075 subsurda.

264 4104 484 4170 audire
546 4104 668 4167 sibi
715 4102 971 4167 videtur
1017 4101 1412 4181 Πρωτέου,
1465 4123 1590 4168 non
1638 4102 2034 4181 Πρωτέως.
2085 4101 2335 4168 Vitium
2385 4104 2650 4170 fortasse

263 4211 411 4276 inde
470 4216 731 4285 natum,
798 4207 964 4292 quod
1023 4227 1351 4292 perperam
1412 4206 1661 4272 librarii
1707 4207 1822 4273 illa
1865 4210 2058 4273 verba
2106 4208 2399 4293 Euripidi
2450 4212 2650 4275 conti·

261 4323 571 4393 nuarunt;
624 4335 772 4380 nam
823 4316 1069 4399 primus
1114 4313 1374 4378 mulieri
1421 4314 1701 4378 reddidit
1744 4312 2094 4379 Bentleius.
2144 4312 2348 4396 Infra,
2379 4336 2470 4381 vs.
2514 4314 2648 4386 883

263 4441 424 4508 sqq„
469 4423 583 4488 ubi
628 4421 803 4487 idem
849 4422 1026 4485 iocus
1074 4418 1267 4485 redit:
