<?xml version="1.0" encoding="UTF-8"?>
<!DOCTYPE html PUBLIC "-//W3C//DTD XHTML 1.0 Transitional//EN"
    "http://www.w3.org/TR/xhtml1/DTD/xhtml1-transitional.dtd">
<html xmlns="http://www.w3.org/1999/xhtml" xml:lang="en" lang="en">
 <head>
  <title>
</title>
<meta http-equiv="Content-Type" content="text/html;charset=utf-8" />
  <meta name='ocr-system' content='tesseract 3.04.00' />
  <meta name='ocr-capabilities' content='ocr_page ocr_carea ocr_par ocr_line ocrx_word'/>
</head>
<body>
  <div class='ocr_page' id='page_1' title='image "./mnemosynebiblio14servgoog_0757.png"; bbox 0 0 3192 5017; ppageno 0'>
   <div class='ocr_carea' id='block_1_1' title="bbox 1027 1083 1991 1175">
    <p class='ocr_par' dir='ltr' id='par_1_1' title="bbox 1027 1083 1991 1175">
     <span class='ocr_line' id='line_1_1' title="bbox 1027 1083 1991 1175; baseline -0.001 -2"><span class='ocrx_word' id='word_1_1' title='bbox 1027 1085 1366 1175; x_wconf 87' lang='lat' dir='ltr'><strong>VARIA</strong></span> <span class='ocrx_word' id='word_1_2' title='bbox 1422 1083 1880 1173; x_wconf 85' lang='lat' dir='ltr'><strong>CRITICA.</strong></span> <span class='ocrx_word' id='word_1_3' title='bbox 1988 1086 1991 1089; x_wconf 59' lang='grc'>“</span> 
     </span>
    </p>
   </div>
   <div class='ocr_carea' id='block_1_2' title="bbox 1231 1395 1703 1427">
    <p class='ocr_par' dir='ltr' id='par_1_2' title="bbox 1231 1395 1703 1427">
     <span class='ocr_line' id='line_1_2' title="bbox 1231 1395 1703 1427; baseline 0 3590"><span class='ocrx_word' id='word_1_4' title='bbox 1231 1395 1703 1427; x_wconf 95' lang='lat' dir='ltr'><strong> </strong></span> 
     </span>
    </p>
   </div>
   <div class='ocr_carea' id='block_1_3' title="bbox 888 1636 2007 1720">
    <p class='ocr_par' dir='ltr' id='par_1_3' title="bbox 888 1636 2007 1720">
     <span class='ocr_line' id='line_1_3' title="bbox 888 1636 2007 1720; baseline -0.001 -19"><span class='ocrx_word' id='word_1_5' title='bbox 888 1638 1201 1701; x_wconf 79' lang='lat' dir='ltr'><strong><em>Plutarchi</em></strong></span> <span class='ocrx_word' id='word_1_6' title='bbox 1249 1639 1374 1702; x_wconf 75' lang='lat' dir='ltr'><strong>vita</strong></span> <span class='ocrx_word' id='word_1_7' title='bbox 1426 1638 1681 1701; x_wconf 65' lang='lat' dir='ltr'><strong>Oiononiae</strong></span> <span class='ocrx_word' id='word_1_8' title='bbox 1724 1660 1846 1720; x_wconf 82' lang='lat' dir='ltr'><strong>cap.</strong></span> <span class='ocrx_word' id='word_1_9' title='bbox 1906 1636 2007 1700; x_wconf 83' lang='lat'><strong>13.</strong></span> 
     </span>
    </p>
   </div>
   <div class='ocr_carea' id='block_1_4' title="bbox 230 1842 2653 2466">
    <p class='ocr_par' dir='ltr' id='par_1_4' title="bbox 230 1842 2653 2466">
     <span class='ocr_line' id='line_1_4' title="bbox 336 1842 2646 1932; baseline 0 -22"><span class='ocrx_word' id='word_1_10' title='bbox 336 1842 513 1911; x_wconf 86' lang='lat' dir='ltr'><strong>Loco</strong></span> <span class='ocrx_word' id='word_1_11' title='bbox 584 1848 917 1912; x_wconf 81' lang='lat' dir='ltr'><strong>notissimo</strong></span> <span class='ocrx_word' id='word_1_12' title='bbox 987 1846 1065 1912; x_wconf 91' lang='lat' dir='ltr'><strong>de</strong></span> <span class='ocrx_word' id='word_1_13' title='bbox 1131 1846 1566 1932; x_wconf 77' lang='lat' dir='ltr'><strong>Pseudo-pace</strong></span> <span class='ocrx_word' id='word_1_14' title='bbox 1636 1844 1966 1911; x_wconf 80' lang='lat' dir='ltr'><strong>Cimonica</strong></span> <span class='ocrx_word' id='word_1_15' title='bbox 2032 1844 2418 1910; x_wconf 79' lang='lat' dir='ltr'><strong>Plutarchus</strong></span> <span class='ocrx_word' id='word_1_16' title='bbox 2490 1845 2646 1911; x_wconf 79' lang='lat' dir='ltr'><strong>haec</strong></span> 
     </span>
     <span class='ocr_line' id='line_1_5' title="bbox 241 1950 2647 2035; baseline -0.001 -17"><span class='ocrx_word' id='word_1_17' title='bbox 241 1953 483 2018; x_wconf 80' lang='lat' dir='ltr'><strong>habet:</strong></span> <span class='ocrx_word' id='word_1_18' title='bbox 550 1950 742 2017; x_wconf 80' lang='grc' dir='ltr'><strong><em>ἵππου</em></strong></span> <span class='ocrx_word' id='word_1_19' title='bbox 805 1953 918 2028; x_wconf 74' lang='grc' dir='ltr'><strong>μὲν</strong></span> <span class='ocrx_word' id='word_1_20' title='bbox 979 1954 1189 2035; x_wconf 78' lang='grc' dir='ltr'><strong><em>δρόμον</em></strong></span> <span class='ocrx_word' id='word_1_21' title='bbox 1255 1955 1352 2018; x_wconf 80' lang='grc' dir='ltr'><strong>άεὶ</strong></span> <span class='ocrx_word' id='word_1_22' title='bbox 1401 1962 1511 2028; x_wconf 76' lang='grc' dir='ltr'><strong>τῆς</strong></span> <span class='ocrx_word' id='word_1_23' title='bbox 1561 1957 1929 2027; x_wconf 72' lang='grc' dir='ltr'><strong><em>Ἑλληνικῆς</em></strong></span> <span class='ocrx_word' id='word_1_24' title='bbox 1980 1955 2245 2031; x_wconf 78' lang='grc' dir='ltr'><strong><em>ἀπέχειν</em></strong></span> <span class='ocrx_word' id='word_1_25' title='bbox 2294 1951 2647 2026; x_wconf 75' lang='grc' dir='ltr'><strong><em>θαλάττης,</em></strong></span> 
     </span>
     <span class='ocr_line' id='line_1_6' title="bbox 237 2055 2650 2145; baseline -0 -21"><span class='ocrx_word' id='word_1_26' title='bbox 237 2059 318 2124; x_wconf 92' lang='lat' dir='ltr'><strong>de</strong></span> <span class='ocrx_word' id='word_1_27' title='bbox 382 2079 520 2142; x_wconf 80' lang='lat' dir='ltr'><strong>que</strong></span> <span class='ocrx_word' id='word_1_28' title='bbox 572 2079 636 2123; x_wconf 86' lang='lat' dir='ltr'><strong>re</strong></span> <span class='ocrx_word' id='word_1_29' title='bbox 686 2058 893 2124; x_wconf 85' lang='lat' dir='ltr'><strong>multa</strong></span> <span class='ocrx_word' id='word_1_30' title='bbox 940 2060 1263 2145; x_wconf 74' lang='lat' dir='ltr'><strong>disputata</strong></span> <span class='ocrx_word' id='word_1_31' title='bbox 1320 2068 1385 2126; x_wconf 92' lang='lat' dir='ltr'><strong>et</strong></span> <span class='ocrx_word' id='word_1_32' title='bbox 1432 2062 1669 2145; x_wconf 79' lang='lat' dir='ltr'><strong>scripta</strong></span> <span class='ocrx_word' id='word_1_33' title='bbox 1715 2066 1880 2123; x_wconf 89' lang='lat' dir='ltr'><strong>sunt.</strong></span> <span class='ocrx_word' id='word_1_34' title='bbox 1980 2058 2322 2124; x_wconf 87' lang='lat' dir='ltr'><strong>Verissime</strong></span> <span class='ocrx_word' id='word_1_35' title='bbox 2372 2055 2650 2123; x_wconf 87' lang='lat' dir='ltr'><strong>Cobetus</strong></span> 
     </span>
     <span class='ocr_line' id='line_1_7' title="bbox 236 2163 2653 2254; baseline -0.001 -25"><span class='ocrx_word' id='word_1_36' title='bbox 236 2168 305 2229; x_wconf 89' lang='lat' dir='ltr'><strong>in</strong></span> <span class='ocrx_word' id='word_1_37' title='bbox 371 2163 700 2230; x_wconf 84' lang='lat' dir='ltr'><strong>Mnemos.</strong></span> <span class='ocrx_word' id='word_1_38' title='bbox 769 2164 936 2233; x_wconf 84' lang='lat' dir='ltr'><strong>Nov.</strong></span> <span class='ocrx_word' id='word_1_39' title='bbox 983 2165 1114 2231; x_wconf 80' lang='lat' dir='ltr'><strong>Ser.</strong></span> <span class='ocrx_word' id='word_1_40' title='bbox 1164 2166 1212 2231; x_wconf 94' lang='lat' dir='ltr'><strong>I.</strong></span> <span class='ocrx_word' id='word_1_41' title='bbox 1263 2187 1412 2254; x_wconf 77' lang='lat' dir='ltr'><strong>pag.</strong></span> <span class='ocrx_word' id='word_1_42' title='bbox 1467 2165 1627 2231; x_wconf 78' lang='lat'>104:</span> <span class='ocrx_word' id='word_1_43' title='bbox 1688 2164 1919 2242; x_wconf 62' lang='lat' dir='ltr'><strong>„romu</strong></span> <span class='ocrx_word' id='word_1_44' title='bbox 1972 2165 2183 2245; x_wconf 75' lang='grc' dir='ltr'><strong><em>δρόμος</em></strong></span> <span class='ocrx_word' id='word_1_45' title='bbox 2221 2187 2337 2248; x_wconf 80' lang='lat' dir='ltr'><strong>per</strong></span> <span class='ocrx_word' id='word_1_46' title='bbox 2382 2187 2445 2229; x_wconf 75' lang='lat' dir='ltr'><strong>ee</strong></span> <span class='ocrx_word' id='word_1_47' title='bbox 2491 2164 2653 2228; x_wconf 71' lang='lat' dir='ltr'><strong>nihil</strong></span> 
     </span>
     <span class='ocr_line' id='line_1_8' title="bbox 230 2269 2650 2358; baseline 0 -22"><span class='ocrx_word' id='word_1_48' title='bbox 230 2269 593 2355; x_wconf 63' lang='lat' dir='ltr'><strong>siynfficat&#39;&#39;</strong></span> <span class='ocrx_word' id='word_1_49' title='bbox 655 2276 720 2336; x_wconf 91' lang='lat' dir='ltr'><strong>et</strong></span> <span class='ocrx_word' id='word_1_50' title='bbox 766 2272 1022 2358; x_wconf 80' lang='lat' dir='ltr'>supplet</span> <span class='ocrx_word' id='word_1_51' title='bbox 1070 2274 1298 2353; x_wconf 77' lang='grc' dir='ltr'><strong><em>ἡμέρας</em></strong></span> <span class='ocrx_word' id='word_1_52' title='bbox 1321 2324 1337 2344; x_wconf 86' lang='grc'><em>,</em></span> <span class='ocrx_word' id='word_1_53' title='bbox 1394 2276 1439 2338; x_wconf 92' lang='lat' dir='ltr'><strong>i.</strong></span> <span class='ocrx_word' id='word_1_54' title='bbox 1489 2294 1544 2338; x_wconf 90' lang='lat' dir='ltr'><strong>e.</strong></span> <span class='ocrx_word' id='word_1_55' title='bbox 1592 2271 2012 2340; x_wconf 78' lang='lat' dir='ltr'><strong>intervallum</strong></span> <span class='ocrx_word' id='word_1_56' title='bbox 2061 2272 2227 2357; x_wconf 91' lang='lat' dir='ltr'><strong>quod</strong></span> <span class='ocrx_word' id='word_1_57' title='bbox 2276 2292 2478 2356; x_wconf 89' lang='lat' dir='ltr'><strong>equus</strong></span> <span class='ocrx_word' id='word_1_58' title='bbox 2524 2290 2650 2336; x_wconf 89' lang='lat' dir='ltr'><strong>uno</strong></span> 
     </span>
     <span class='ocr_line' id='line_1_9' title="bbox 231 2374 2648 2466; baseline -0 -23"><span class='ocrx_word' id='word_1_59' title='bbox 231 2378 339 2444; x_wconf 90' lang='lat' dir='ltr'><strong>die</strong></span> <span class='ocrx_word' id='word_1_60' title='bbox 429 2374 728 2443; x_wconf 86' lang='lat' dir='ltr'><strong>conficere</strong></span> <span class='ocrx_word' id='word_1_61' title='bbox 799 2382 1029 2463; x_wconf 78' lang='lat' dir='ltr'><strong>possit,</strong></span> <span class='ocrx_word' id='word_1_62' title='bbox 1105 2379 1336 2446; x_wconf 79' lang='lat' dir='ltr'><strong>collato</strong></span> <span class='ocrx_word' id='word_1_63' title='bbox 1403 2379 1834 2447; x_wconf 80' lang='lat' dir='ltr'><strong>Demosthene</strong></span> <span class='ocrx_word' id='word_1_64' title='bbox 1905 2378 1983 2446; x_wconf 91' lang='lat' dir='ltr'><strong>de</strong></span> <span class='ocrx_word' id='word_1_65' title='bbox 2051 2379 2238 2444; x_wconf 79' lang='lat' dir='ltr'><strong>Falsa</strong></span> <span class='ocrx_word' id='word_1_66' title='bbox 2304 2378 2648 2466; x_wconf 77' lang='lat' dir='ltr'><strong>Legatione</strong></span> 
     </span>
    </p>
   </div>
   <div class='ocr_carea' id='block_1_5' title="bbox 237 2481 2646 2673">
    <p class='ocr_par' dir='ltr' id='par_1_5' title="bbox 237 2481 2646 2673">
     <span class='ocr_line' id='line_1_10' title="bbox 376 2481 609 2549; baseline -0.009 0"><span class='ocrx_word' id='word_1_67' title='bbox 376 2532 390 2549; x_wconf 93' lang='lat'><strong>.</strong></span> <span class='ocrx_word' id='word_1_68' title='bbox 455 2481 609 2548; x_wconf 82' lang='lat'><strong>428.</strong></span> 
     </span>
     <span class='ocr_line' id='line_1_11' title="bbox 237 2504 2646 2673; baseline 0 -19"><span class='ocrx_word' id='word_1_69' title='bbox 237 2504 531 2655; x_wconf 51' lang='lat' dir='ltr'><strong>pa{dem</strong></span> <span class='ocrx_word' id='word_1_70' title='bbox 596 2590 727 2654; x_wconf 80' lang='lat' dir='ltr'><strong>iem</strong></span> <span class='ocrx_word' id='word_1_71' title='bbox 788 2590 925 2673; x_wconf 80' lang='lat' dir='ltr'><strong>elii,</strong></span> <span class='ocrx_word' id='word_1_72' title='bbox 989 2600 1062 2654; x_wconf 89' lang='lat' dir='ltr'><strong>ut</strong></span> <span class='ocrx_word' id='word_1_73' title='bbox 1125 2592 1346 2657; x_wconf 81' lang='lat' dir='ltr'><strong>Iacobs</strong></span> <span class='ocrx_word' id='word_1_74' title='bbox 1406 2599 1471 2656; x_wconf 84' lang='lat' dir='ltr'><strong>et</strong></span> <span class='ocrx_word' id='word_1_75' title='bbox 1521 2589 1752 2657; x_wconf 69' lang='lat' dir='ltr'><strong>Comes</strong></span> <span class='ocrx_word' id='word_1_76' title='bbox 1800 2592 2118 2658; x_wconf 81' lang='lat' dir='ltr'><strong>viderunt.</strong></span> <span class='ocrx_word' id='word_1_77' title='bbox 2172 2593 2316 2655; x_wconf 86' lang='lat' dir='ltr'><strong>vide</strong></span> <span class='ocrx_word' id='word_1_78' title='bbox 2366 2589 2519 2654; x_wconf 88' lang='lat' dir='ltr'><strong>Intt.</strong></span> <span class='ocrx_word' id='word_1_79' title='bbox 2568 2590 2646 2654; x_wconf 85' lang='lat' dir='ltr'><strong>ad</strong></span> 
     </span>
    </p>
   </div>
   <div class='ocr_carea' id='block_1_6' title="bbox 233 2694 2660 4378">
    <p class='ocr_par' dir='ltr' id='par_1_6' title="bbox 233 2694 2660 4378">
     <span class='ocr_line' id='line_1_12' title="bbox 241 2694 2648 2779; baseline 0 -19"><span class='ocrx_word' id='word_1_80' title='bbox 241 2696 308 2760; x_wconf 89' lang='lat' dir='ltr'><strong>h.</strong></span> <span class='ocrx_word' id='word_1_81' title='bbox 375 2695 420 2759; x_wconf 94' lang='lat' dir='ltr'><strong>l.</strong></span> <span class='ocrx_word' id='word_1_82' title='bbox 492 2694 662 2779; x_wconf 81' lang='lat' dir='ltr'><strong>apud</strong></span> <span class='ocrx_word' id='word_1_83' title='bbox 727 2694 943 2759; x_wconf 82' lang='lat' dir='ltr'><strong>Ekker</strong></span> <span class='ocrx_word' id='word_1_84' title='bbox 997 2699 1064 2760; x_wconf 94' lang='lat' dir='ltr'><strong>in</strong></span> <span class='ocrx_word' id='word_1_85' title='bbox 1112 2697 1210 2761; x_wconf 88' lang='lat' dir='ltr'><strong>ed.</strong></span> <span class='ocrx_word' id='word_1_86' title='bbox 1258 2698 1375 2762; x_wconf 82' lang='lat' dir='ltr'><strong>vit.</strong></span> <span class='ocrx_word' id='word_1_87' title='bbox 1426 2695 1676 2764; x_wconf 85' lang='lat' dir='ltr'>Cimon.</span> <span class='ocrx_word' id='word_1_88' title='bbox 1730 2696 2147 2762; x_wconf 76' lang='lat' dir='ltr'><strong>Plutarcheae</strong></span> <span class='ocrx_word' id='word_1_89' title='bbox 2196 2706 2259 2760; x_wconf 88' lang='lat' dir='ltr'><strong>et</strong></span> <span class='ocrx_word' id='word_1_90' title='bbox 2304 2695 2648 2761; x_wconf 76' lang='lat' dir='ltr'><strong>Dshlman.</strong></span> 
     </span>
     <span class='ocr_line' id='line_1_13' title="bbox 237 2800 2654 2889; baseline 0 -22"><span class='ocrx_word' id='word_1_91' title='bbox 237 2803 676 2881; x_wconf 70' lang='lat' dir='ltr'><strong>For-schunqen</strong></span> <span class='ocrx_word' id='word_1_92' title='bbox 739 2802 868 2885; x_wconf 85' lang='lat' dir='ltr'><strong>auf</strong></span> <span class='ocrx_word' id='word_1_93' title='bbox 920 2802 1049 2866; x_wconf 84' lang='lat' dir='ltr'><strong>dem</strong></span> <span class='ocrx_word' id='word_1_94' title='bbox 1115 2803 1352 2867; x_wconf 76' lang='lat' dir='ltr'><strong>Gebicte</strong></span> <span class='ocrx_word' id='word_1_95' title='bbox 1412 2804 1518 2866; x_wconf 83' lang='lat' dir='ltr'><strong>der</strong></span> <span class='ocrx_word' id='word_1_96' title='bbox 1585 2804 1927 2867; x_wconf 69' lang='lat' dir='ltr'><strong>Geechichte</strong></span> <span class='ocrx_word' id='word_1_97' title='bbox 1974 2801 2055 2865; x_wconf 89' lang='lat' dir='ltr'><strong>V.</strong></span> <span class='ocrx_word' id='word_1_98' title='bbox 2105 2800 2153 2866; x_wconf 93' lang='lat' dir='ltr'><strong>I.</strong></span> <span class='ocrx_word' id='word_1_99' title='bbox 2205 2822 2351 2889; x_wconf 81' lang='lat' dir='ltr'><strong>pag.</strong></span> <span class='ocrx_word' id='word_1_100' title='bbox 2401 2800 2510 2885; x_wconf 82' lang='lat'><strong>85,</strong></span> <span class='ocrx_word' id='word_1_101' title='bbox 2559 2804 2654 2868; x_wconf 76' lang='lat' dir='ltr'><strong>ita</strong></span> 
     </span>
     <span class='ocr_line' id='line_1_14' title="bbox 242 2908 2650 2994; baseline -0.001 -19"><span class='ocrx_word' id='word_1_102' title='bbox 242 2917 319 2975; x_wconf 87' lang='lat' dir='ltr'><strong>ut</strong></span> <span class='ocrx_word' id='word_1_103' title='bbox 369 2929 478 2973; x_wconf 88' lang='lat' dir='ltr'><strong>res</strong></span> <span class='ocrx_word' id='word_1_104' title='bbox 526 2909 700 2991; x_wconf 82' lang='lat' dir='ltr'><strong>ipsa,</strong></span> <span class='ocrx_word' id='word_1_105' title='bbox 745 2911 1027 2973; x_wconf 77' lang='lat' dir='ltr'><strong>maxime</strong></span> <span class='ocrx_word' id='word_1_106' title='bbox 1066 2916 1321 2994; x_wconf 85' lang='lat' dir='ltr'><strong>propter</strong></span> <span class='ocrx_word' id='word_1_107' title='bbox 1359 2910 1571 2975; x_wconf 85' lang='lat' dir='ltr'><strong>locum</strong></span> <span class='ocrx_word' id='word_1_108' title='bbox 1612 2908 1658 2973; x_wconf 91' lang='grc'><strong>1.</strong></span> <span class='ocrx_word' id='word_1_109' title='bbox 1701 2909 2149 2973; x_wconf 83' lang='lat' dir='ltr'><strong>Demosthenis</strong></span> <span class='ocrx_word' id='word_1_110' title='bbox 2188 2918 2367 2973; x_wconf 79' lang='lat' dir='ltr'><strong>extra</strong></span> <span class='ocrx_word' id='word_1_111' title='bbox 2398 2929 2650 2974; x_wconf 92' lang='lat' dir='ltr'><strong>omnem</strong></span> 
     </span>
     <span class='ocr_line' id='line_1_15' title="bbox 238 3014 2655 3100; baseline -0.001 -19"><span class='ocrx_word' id='word_1_112' title='bbox 238 3014 725 3081; x_wconf 81' lang='lat' dir='ltr'><strong>dubitationem</strong></span> <span class='ocrx_word' id='word_1_113' title='bbox 786 3017 871 3079; x_wconf 87' lang='lat' dir='ltr'><strong>sit</strong></span> <span class='ocrx_word' id='word_1_114' title='bbox 932 3018 1155 3100; x_wconf 78' lang='lat' dir='ltr'><strong>posite.</strong></span> <span class='ocrx_word' id='word_1_115' title='bbox 1252 3015 1541 3081; x_wconf 89' lang='lat' dir='ltr'><strong>Dubium</strong></span> <span class='ocrx_word' id='word_1_116' title='bbox 1588 3022 1804 3080; x_wconf 80' lang='lat' dir='ltr'><strong>temen</strong></span> <span class='ocrx_word' id='word_1_117' title='bbox 1851 3035 2099 3099; x_wconf 90' lang='lat' dir='ltr'><strong>semper</strong></span> <span class='ocrx_word' id='word_1_118' title='bbox 2146 3014 2404 3100; x_wconf 76' lang='lat' dir='ltr'><strong>aliquod</strong></span> <span class='ocrx_word' id='word_1_119' title='bbox 2454 3036 2655 3081; x_wconf 81' lang='lat' dir='ltr'><strong>rema·</strong></span> 
     </span>
     <span class='ocr_line' id='line_1_16' title="bbox 237 3118 2656 3206; baseline -0 -19"><span class='ocrx_word' id='word_1_120' title='bbox 237 3130 396 3199; x_wconf 87' lang='lat' dir='ltr'><strong>net,</strong></span> <span class='ocrx_word' id='word_1_121' title='bbox 449 3130 764 3204; x_wconf 78' lang='lat' dir='ltr'><strong>quantum</strong></span> <span class='ocrx_word' id='word_1_122' title='bbox 815 3121 933 3186; x_wconf 90' lang='lat' dir='ltr'><strong>hoc</strong></span> <span class='ocrx_word' id='word_1_123' title='bbox 981 3123 1262 3206; x_wconf 79' lang='lat' dir='ltr'><strong>spatium</strong></span> <span class='ocrx_word' id='word_1_124' title='bbox 1313 3124 1401 3186; x_wconf 85' lang='lat' dir='ltr'><strong>sit</strong></span> <span class='ocrx_word' id='word_1_125' title='bbox 1445 3128 1692 3187; x_wconf 87' lang='lat' dir='ltr'><strong>certum</strong></span> <span class='ocrx_word' id='word_1_126' title='bbox 1743 3142 1814 3185; x_wconf 82' lang='lat' dir='ltr'><strong>ac</strong></span> <span class='ocrx_word' id='word_1_127' title='bbox 1854 3118 2219 3197; x_wconf 85' lang='lat' dir='ltr'><strong>definitum,</strong></span> <span class='ocrx_word' id='word_1_128' title='bbox 2262 3141 2411 3186; x_wconf 80' lang='lat' dir='ltr'><strong>nam</strong></span> <span class='ocrx_word' id='word_1_129' title='bbox 2455 3141 2656 3206; x_wconf 86' lang='lat' dir='ltr'><strong>equus</strong></span> 
     </span>
     <span class='ocr_line' id='line_1_17' title="bbox 239 3224 2655 3310; baseline -0.001 -17"><span class='ocrx_word' id='word_1_130' title='bbox 239 3231 323 3293; x_wconf 75' lang='lat' dir='ltr'><strong>ab</strong></span> <span class='ocrx_word' id='word_1_131' title='bbox 402 3247 571 3310; x_wconf 91' lang='lat' dir='ltr'><strong>equo</strong></span> <span class='ocrx_word' id='word_1_132' title='bbox 645 3233 717 3289; x_wconf 91' lang='lat' dir='ltr'><strong>ut</strong></span> <span class='ocrx_word' id='word_1_133' title='bbox 784 3226 918 3291; x_wconf 89' lang='lat' dir='ltr'><strong>dies</strong></span> <span class='ocrx_word' id='word_1_134' title='bbox 982 3227 1263 3292; x_wconf 82' lang='lat' dir='ltr'><strong>aestivus</strong></span> <span class='ocrx_word' id='word_1_135' title='bbox 1326 3247 1365 3292; x_wconf 81' lang='lat' dir='ltr'><strong>a</strong></span> <span class='ocrx_word' id='word_1_136' title='bbox 1428 3224 1704 3291; x_wconf 79' lang='lat' dir='ltr'><strong>brumali</strong></span> <span class='ocrx_word' id='word_1_137' title='bbox 1769 3225 1995 3292; x_wconf 83' lang='lat' dir='ltr'><strong>differt.</strong></span> <span class='ocrx_word' id='word_1_138' title='bbox 2091 3226 2263 3301; x_wconf 86' lang='lat' dir='ltr'><strong>Quid</strong></span> <span class='ocrx_word' id='word_1_139' title='bbox 2311 3228 2367 3291; x_wconf 89' lang='lat' dir='ltr'><strong>si</strong></span> <span class='ocrx_word' id='word_1_140' title='bbox 2414 3224 2655 3300; x_wconf 78' lang='grc' dir='ltr'><strong><em>ἵππειος</em></strong></span> 
     </span>
     <span class='ocr_line' id='line_1_18' title="bbox 235 3330 2654 3420; baseline -0 -21"><span class='ocrx_word' id='word_1_141' title='bbox 235 3333 472 3414; x_wconf 76' lang='grc' dir='ltr'><strong><em>δρόμος</em></strong></span> <span class='ocrx_word' id='word_1_142' title='bbox 541 3330 643 3397; x_wconf 85' lang='lat' dir='ltr'><strong>vel</strong></span> <span class='ocrx_word' id='word_1_143' title='bbox 707 3333 957 3396; x_wconf 81' lang='grc' dir='ltr'><strong><em>ἱππικὸν</em></strong></span> <span class='ocrx_word' id='word_1_144' title='bbox 1023 3331 1302 3408; x_wconf 65' lang='lat' dir='ltr'><strong>Bacis-mx</strong></span> <span class='ocrx_word' id='word_1_145' title='bbox 1369 3340 1614 3398; x_wconf 85' lang='lat' dir='ltr'><strong>certum</strong></span> <span class='ocrx_word' id='word_1_146' title='bbox 1682 3353 1753 3397; x_wconf 80' lang='lat' dir='ltr'><strong>ec</strong></span> <span class='ocrx_word' id='word_1_147' title='bbox 1816 3331 2189 3420; x_wconf 81' lang='lat' dir='ltr'><strong>legitimum</strong></span> <span class='ocrx_word' id='word_1_148' title='bbox 2240 3333 2654 3398; x_wconf 82' lang='lat' dir='ltr'><strong>intervallum</strong></span> 
     </span>
     <span class='ocr_line' id='line_1_19' title="bbox 235 3438 2659 3526; baseline -0.001 -19"><span class='ocrx_word' id='word_1_149' title='bbox 235 3440 424 3526; x_wconf 79' lang='lat' dir='ltr'><strong>apud</strong></span> <span class='ocrx_word' id='word_1_150' title='bbox 499 3438 775 3503; x_wconf 81' lang='lat' dir='ltr'><strong>Graecos</strong></span> <span class='ocrx_word' id='word_1_151' title='bbox 839 3439 1031 3505; x_wconf 84' lang='lat' dir='ltr'><strong>fuerit</strong></span> <span class='ocrx_word' id='word_1_152' title='bbox 1098 3461 1175 3504; x_wconf 82' lang='lat' dir='ltr'><strong>ex</strong></span> <span class='ocrx_word' id='word_1_153' title='bbox 1235 3439 1491 3526; x_wconf 81' lang='lat' dir='ltr'><strong>legibus</strong></span> <span class='ocrx_word' id='word_1_154' title='bbox 1553 3438 1802 3503; x_wconf 85' lang='lat' dir='ltr'><strong>Solonis</strong></span> <span class='ocrx_word' id='word_1_155' title='bbox 1865 3439 2312 3523; x_wconf 87' lang='lat' dir='ltr'><strong>repetendum,</strong></span> <span class='ocrx_word' id='word_1_156' title='bbox 2366 3445 2438 3504; x_wconf 89' lang='lat' dir='ltr'><strong>ut</strong></span> <span class='ocrx_word' id='word_1_157' title='bbox 2484 3446 2659 3524; x_wconf 79' lang='lat' dir='ltr'><strong>patet</strong></span> 
     </span>
     <span class='ocr_line' id='line_1_20' title="bbox 234 3542 2657 3631; baseline -0.001 -19"><span class='ocrx_word' id='word_1_158' title='bbox 234 3569 320 3613; x_wconf 87' lang='lat' dir='ltr'><strong>ex</strong></span> <span class='ocrx_word' id='word_1_159' title='bbox 392 3547 541 3611; x_wconf 90' lang='lat' dir='ltr'><strong>eius</strong></span> <span class='ocrx_word' id='word_1_160' title='bbox 591 3547 727 3608; x_wconf 78' lang='lat' dir='ltr'><strong>vita</strong></span> <span class='ocrx_word' id='word_1_161' title='bbox 773 3543 1101 3610; x_wconf 80' lang='lat' dir='ltr'><strong>Plutarch.</strong></span> <span class='ocrx_word' id='word_1_162' title='bbox 1148 3567 1281 3631; x_wconf 79' lang='lat' dir='ltr'><strong>cap.</strong></span> <span class='ocrx_word' id='word_1_163' title='bbox 1335 3544 1443 3621; x_wconf 81' lang='lat'><strong>23,</strong></span> <span class='ocrx_word' id='word_1_164' title='bbox 1495 3543 1611 3609; x_wconf 72' lang='lat'><strong>30:</strong></span> <span class='ocrx_word' id='word_1_165' title='bbox 1661 3546 1838 3622; x_wconf 78' lang='grc' dir='ltr'><strong><em>νόμον</em></strong></span> <span class='ocrx_word' id='word_1_166' title='bbox 1887 3545 2164 3625; x_wconf 74' lang='grc' dir='ltr'><strong><em>ἔγραψεν</em></strong></span> <span class='ocrx_word' id='word_1_167' title='bbox 2213 3542 2360 3610; x_wconf 77' lang='grc' dir='ltr'><strong><em>ὅπου</em></strong></span> <span class='ocrx_word' id='word_1_168' title='bbox 2408 3547 2521 3623; x_wconf 83' lang='grc' dir='ltr'><strong>μέν</strong></span> <span class='ocrx_word' id='word_1_169' title='bbox 2565 3546 2657 3611; x_wconf 71' lang='grc' dir='ltr'><strong>ἐςι</strong></span> 
     </span>
     <span class='ocr_line' id='line_1_21' title="bbox 235 3649 2657 3732; baseline -0.001 -14"><span class='ocrx_word' id='word_1_170' title='bbox 235 3650 545 3730; x_wconf 74' lang='grc' dir='ltr'><strong><em>δημόσιον</em></strong></span> <span class='ocrx_word' id='word_1_171' title='bbox 608 3649 805 3731; x_wconf 80' lang='grc' dir='ltr'><strong><em>Φρέαρ</em></strong></span> <span class='ocrx_word' id='word_1_172' title='bbox 869 3652 1035 3722; x_wconf 81' lang='grc' dir='ltr'><strong><em>ἐντὸς</em></strong></span> <span class='ocrx_word' id='word_1_173' title='bbox 1095 3653 1348 3716; x_wconf 76' lang='grc' dir='ltr'><strong><em>ἱππικοῦ</em></strong></span> <span class='ocrx_word' id='word_1_174' title='bbox 1414 3652 1681 3732; x_wconf 79' lang='grc' dir='ltr'><strong><em>χρῆσθαι</em></strong></span> <span class='ocrx_word' id='word_1_175' title='bbox 1748 3652 1938 3732; x_wconf 79' lang='grc' dir='ltr'><strong><em>τούτῳ</em></strong></span> <span class='ocrx_word' id='word_1_176' title='bbox 2057 3652 2142 3715; x_wconf 85' lang='grc' dir='ltr'><strong>τὸ</strong></span> <span class='ocrx_word' id='word_1_177' title='bbox 2201 3650 2251 3716; x_wconf 75' lang='grc' dir='ltr'><strong>δ’</strong></span> <span class='ocrx_word' id='word_1_178' title='bbox 2318 3653 2657 3716; x_wconf 79' lang='grc' dir='ltr'><strong><em>ἱππικὸν</em></strong></span> 
     </span>
     <span class='ocr_line' id='line_1_22' title="bbox 234 3756 2658 3845; baseline 0.001 -25"><span class='ocrx_word' id='word_1_179' title='bbox 234 3758 640 3834; x_wconf 50' lang='lat' dir='ltr'><strong>Bacis-nux</strong></span> <span class='ocrx_word' id='word_1_180' title='bbox 706 3757 1124 3839; x_wconf 86' lang='grc' dir='ltr'><strong><em>τεσσάρων</em></strong></span> <span class='ocrx_word' id='word_1_181' title='bbox 1189 3756 1270 3832; x_wconf 73' lang='grc' dir='ltr'><strong>ἦν</strong></span> <span class='ocrx_word' id='word_1_182' title='bbox 1334 3760 1672 3841; x_wconf 78' lang='grc' dir='ltr'><strong><em>ςαδίων,</em></strong></span> <span class='ocrx_word' id='word_1_183' title='bbox 1724 3759 1802 3824; x_wconf 82' lang='lat' dir='ltr'><strong>ad</strong></span> <span class='ocrx_word' id='word_1_184' title='bbox 1851 3779 2041 3845; x_wconf 91' lang='lat' dir='ltr'><strong>quem</strong></span> <span class='ocrx_word' id='word_1_185' title='bbox 2091 3757 2304 3824; x_wconf 91' lang='lat' dir='ltr'><strong>locum</strong></span> <span class='ocrx_word' id='word_1_186' title='bbox 2357 3758 2455 3824; x_wconf 82' lang='lat' dir='ltr'><strong>off.</strong></span> <span class='ocrx_word' id='word_1_187' title='bbox 2506 3759 2658 3824; x_wconf 77' lang='lat' dir='ltr'><strong>Intt.</strong></span> 
     </span>
     <span class='ocr_line' id='line_1_23' title="bbox 233 3863 2657 3950; baseline -0.001 -18"><span class='ocrx_word' id='word_1_188' title='bbox 233 3876 306 3932; x_wconf 92' lang='lat' dir='ltr'><strong>et</strong></span> <span class='ocrx_word' id='word_1_189' title='bbox 359 3865 698 3948; x_wconf 83' lang='lat' dir='ltr'><strong>imprimis</strong></span> <span class='ocrx_word' id='word_1_190' title='bbox 746 3863 1111 3950; x_wconf 82' lang='lat' dir='ltr'><strong>Hesychius</strong></span> <span class='ocrx_word' id='word_1_191' title='bbox 1160 3888 1222 3931; x_wconf 85' lang='lat' dir='ltr'><strong>v.</strong></span> <span class='ocrx_word' id='word_1_192' title='bbox 1263 3864 1502 3932; x_wconf 76' lang='grc' dir='ltr'><strong><em>ἵππειος</em></strong></span> <span class='ocrx_word' id='word_1_193' title='bbox 1549 3865 1757 3943; x_wconf 76' lang='grc' dir='ltr'><strong><em>δρόμος</em></strong></span> <span class='ocrx_word' id='word_1_194' title='bbox 1803 3865 2203 3943; x_wconf 76' lang='grc' dir='ltr'><strong><em>τετραςάδιός</em></strong></span> <span class='ocrx_word' id='word_1_195' title='bbox 2242 3888 2356 3942; x_wconf 83' lang='grc' dir='ltr'><strong><em>τις,</em></strong></span> <span class='ocrx_word' id='word_1_196' title='bbox 2383 3886 2657 3949; x_wconf 87' lang='lat' dir='ltr'><strong>quocum</strong></span> 
     </span>
     <span class='ocr_line' id='line_1_24' title="bbox 234 3968 2659 4057; baseline -0.002 -17"><span class='ocrx_word' id='word_1_197' title='bbox 234 3970 561 4040; x_wconf 78' lang='lat' dir='ltr'><strong>convenit</strong></span> <span class='ocrx_word' id='word_1_198' title='bbox 607 3977 817 4034; x_wconf 89' lang='lat' dir='ltr'><strong>noster</strong></span> <span class='ocrx_word' id='word_1_199' title='bbox 863 3971 1000 4036; x_wconf 83' lang='lat' dir='ltr'><strong>vita</strong></span> <span class='ocrx_word' id='word_1_200' title='bbox 1046 3968 1296 4037; x_wconf 86' lang='lat' dir='ltr'><strong>Cimon.</strong></span> <span class='ocrx_word' id='word_1_201' title='bbox 1347 3994 1481 4056; x_wconf 84' lang='lat' dir='ltr'><strong>cap.</strong></span> <span class='ocrx_word' id='word_1_202' title='bbox 1529 3971 1635 4036; x_wconf 87' lang='lat'><strong>19.</strong></span> <span class='ocrx_word' id='word_1_203' title='bbox 1678 3971 1779 4035; x_wconf 87' lang='lat' dir='ltr'><strong>fin.</strong></span> <span class='ocrx_word' id='word_1_204' title='bbox 1826 3968 1901 4034; x_wconf 82' lang='grc' dir='ltr'><strong>ὧν</strong></span> <span class='ocrx_word' id='word_1_205' title='bbox 1941 3972 2239 4057; x_wconf 75' lang='grc' dir='ltr'><strong>(Περσῶν)</strong></span> <span class='ocrx_word' id='word_1_206' title='bbox 2282 3971 2414 4036; x_wconf 77' lang='grc' dir='ltr'><strong><em>οὐδὲ</em></strong></span> <span class='ocrx_word' id='word_1_207' title='bbox 2455 3996 2659 4050; x_wconf 74' lang='grc' dir='ltr'><strong><em>γραμ-</em></strong></span> 
     </span>
     <span class='ocr_line' id='line_1_25' title="bbox 234 4076 2660 4159; baseline 0 -17"><span class='ocrx_word' id='word_1_208' title='bbox 234 4076 614 4159; x_wconf 73' lang='grc' dir='ltr'><strong><em>ματοφόρος</em></strong></span> <span class='ocrx_word' id='word_1_209' title='bbox 667 4076 1040 4154; x_wconf 69' lang='grc' dir='ltr'><strong><em>κατέβαινεν</em></strong></span> <span class='ocrx_word' id='word_1_210' title='bbox 1085 4078 1203 4141; x_wconf 79' lang='grc' dir='ltr'><strong><em>οὐδ’</em></strong></span> <span class='ocrx_word' id='word_1_211' title='bbox 1248 4077 1429 4148; x_wconf 76' lang='grc' dir='ltr'><strong><em>ἵππος</em></strong></span> <span class='ocrx_word' id='word_1_212' title='bbox 1473 4082 1616 4159; x_wconf 83' lang='grc' dir='ltr'><strong><em>πρὸς</em></strong></span> <span class='ocrx_word' id='word_1_213' title='bbox 1664 4077 1951 4157; x_wconf 64' lang='grc' dir='ltr'><strong><em>θαλάττῃ</em></strong></span> <span class='ocrx_word' id='word_1_214' title='bbox 1993 4077 2395 4155; x_wconf 80' lang='grc' dir='ltr'><strong><em>τετρακοσίων</em></strong></span> <span class='ocrx_word' id='word_1_215' title='bbox 2439 4078 2660 4145; x_wconf 77' lang='grc' dir='ltr'><strong><em>ςαδίων</em></strong></span> 
     </span>
     <span class='ocr_line' id='line_1_26' title="bbox 237 4181 2658 4262; baseline -0.001 -10"><span class='ocrx_word' id='word_1_216' title='bbox 237 4185 423 4256; x_wconf 83' lang='grc' dir='ltr'><strong><em>ἐντὸς</em></strong></span> <span class='ocrx_word' id='word_1_217' title='bbox 503 4181 671 4262; x_wconf 71' lang='grc' dir='ltr'><strong>ὤφθη</strong></span> <span class='ocrx_word' id='word_1_218' title='bbox 744 4187 1194 4259; x_wconf 61' lang='grc' dir='ltr'><strong><em>στρατηγοῦντος</em></strong></span> <span class='ocrx_word' id='word_1_219' title='bbox 1273 4185 1564 4260; x_wconf 78' lang='grc' dir='ltr'><strong>Κίμωνος.</strong></span> <span class='ocrx_word' id='word_1_220' title='bbox 1661 4183 1825 4250; x_wconf 88' lang='lat' dir='ltr'><strong>Item</strong></span> <span class='ocrx_word' id='word_1_221' title='bbox 1896 4183 2172 4249; x_wconf 79' lang='lat' dir='ltr'><strong>Pausan.</strong></span> <span class='ocrx_word' id='word_1_222' title='bbox 2239 4183 2345 4248; x_wconf 90' lang='lat' dir='ltr'><strong>VI.</strong></span> <span class='ocrx_word' id='word_1_223' title='bbox 2418 4185 2518 4249; x_wconf 88' lang='lat'><strong>16.</strong></span> <span class='ocrx_word' id='word_1_224' title='bbox 2583 4186 2658 4249; x_wconf 86' lang='lat'><strong>4:</strong></span> 
     </span>
     <span class='ocr_line' id='line_1_27' title="bbox 237 4289 2660 4378; baseline 0.002 -23"><span class='ocrx_word' id='word_1_225' title='bbox 237 4291 513 4373; x_wconf 81' lang='grc' dir='ltr'><strong><em>Δρόμου</em></strong></span> <span class='ocrx_word' id='word_1_226' title='bbox 562 4291 613 4353; x_wconf 77' lang='grc' dir='ltr'><strong>δ’</strong></span> <span class='ocrx_word' id='word_1_227' title='bbox 662 4289 779 4353; x_wconf 78' lang='grc' dir='ltr'><strong>εἶσὶ</strong></span> <span class='ocrx_word' id='word_1_228' title='bbox 832 4295 937 4354; x_wconf 81' lang='grc' dir='ltr'><strong>τοῦ</strong></span> <span class='ocrx_word' id='word_1_229' title='bbox 988 4292 1203 4354; x_wconf 79' lang='grc' dir='ltr'><strong><em>ἱππίου</em></strong></span> <span class='ocrx_word' id='word_1_230' title='bbox 1261 4292 1331 4372; x_wconf 81' lang='lat' dir='ltr'><strong>(l.</strong></span> <span class='ocrx_word' id='word_1_231' title='bbox 1383 4292 1662 4378; x_wconf 81' lang='grc' dir='ltr'><strong><em>ἱππείου)</em></strong></span> <span class='ocrx_word' id='word_1_232' title='bbox 1710 4299 1903 4368; x_wconf 78' lang='grc' dir='ltr'><strong><em>μῆκος</em></strong></span> <span class='ocrx_word' id='word_1_233' title='bbox 1953 4293 2066 4368; x_wconf 81' lang='grc' dir='ltr'><strong>μὲν</strong></span> <span class='ocrx_word' id='word_1_234' title='bbox 2104 4291 2339 4356; x_wconf 79' lang='grc' dir='ltr'><strong><em>δίαυλοι</em></strong></span> <span class='ocrx_word' id='word_1_235' title='bbox 2379 4293 2503 4358; x_wconf 75' lang='grc' dir='ltr'><strong>δύο.</strong></span> <span class='ocrx_word' id='word_1_236' title='bbox 2544 4291 2660 4359; x_wconf 85' lang='lat' dir='ltr'><strong>Off.</strong></span> 
     </span>
    </p>
   </div>
   <div class='ocr_carea' id='block_1_7' title="bbox 238 4393 2663 4485">
    <p class='ocr_par' dir='ltr' id='par_1_7' title="bbox 238 4393 2663 4485">
     <span class='ocr_line' id='line_1_28' title="bbox 238 4393 2663 4485; baseline -0.001 -18"><span class='ocrx_word' id='word_1_237' title='bbox 238 4401 458 4466; x_wconf 88' lang='lat' dir='ltr'><strong>Phot.</strong></span> <span class='ocrx_word' id='word_1_238' title='bbox 528 4393 681 4461; x_wconf 82' lang='lat' dir='ltr'><strong>Lex.</strong></span> <span class='ocrx_word' id='word_1_239' title='bbox 746 4416 807 4480; x_wconf 90' lang='lat' dir='ltr'><strong>p.</strong></span> <span class='ocrx_word' id='word_1_240' title='bbox 878 4396 1027 4462; x_wconf 93' lang='lat' dir='ltr'><strong>lll.</strong></span> <span class='ocrx_word' id='word_1_241' title='bbox 1094 4397 1153 4461; x_wconf 88' lang='lat'><strong>4.</strong></span> <span class='ocrx_word' id='word_1_242' title='bbox 1224 4403 1289 4463; x_wconf 87' lang='lat' dir='ltr'><strong>et</strong></span> <span class='ocrx_word' id='word_1_243' title='bbox 1332 4396 1521 4464; x_wconf 87' lang='lat' dir='ltr'><strong>Diod.</strong></span> <span class='ocrx_word' id='word_1_244' title='bbox 1570 4396 1773 4465; x_wconf 81' lang='lat' dir='ltr'><strong>Sicul.</strong></span> <span class='ocrx_word' id='word_1_245' title='bbox 1823 4401 1934 4485; x_wconf 87' lang='lat' dir='ltr'><strong>qui</strong></span> <span class='ocrx_word' id='word_1_246' title='bbox 1983 4397 2062 4464; x_wconf 91' lang='lat' dir='ltr'><strong>de</strong></span> <span class='ocrx_word' id='word_1_247' title='bbox 2109 4398 2327 4464; x_wconf 77' lang='lat' dir='ltr'><strong>eadem</strong></span> <span class='ocrx_word' id='word_1_248' title='bbox 2378 4421 2446 4466; x_wconf 88' lang='lat' dir='ltr'><strong>re</strong></span> <span class='ocrx_word' id='word_1_249' title='bbox 2492 4407 2663 4481; x_wconf 83' lang='grc' dir='ltr'><strong><em>τριῶν</em></strong></span> 
     </span>
    </p>
   </div>
  </div>
 </body>
</html>
