3192 5017
628 262 753 330 156
1643 283 2005 333 nuaffmm.

619 454 797 519 locus
844 455 1295 529 innotesceret,
1346 457 1459 539 qui
1506 454 1850 541 Oedipodis
1897 455 2168 522 cadaver
2216 457 2573 540 recepisset.
2622 455 2866 520 Notum
2905 462 2986 520 est

619 560 931 644 quomodo
1000 558 1340 644 Sophocles
1400 560 1522 626 hoc
1582 578 2037 648 argumentum
2100 564 2470 627 tractaverit
2532 568 2596 626 et
2660 569 2848 627 acuta
2907 566 2986 626 est

619 668 892 751 suspicio
939 662 1158 731 Corais
1201 667 1270 730 in
1318 666 1748 752 disputatione
1787 688 1947 752 quae
1985 689 2187 752 nuper
2224 668 2344 734 hoc
2385 676 2482 733 est
2520 673 2667 732 ante
2708 673 2989 751 quattuor

619 792 814 837 annos
859 772 1131 856 prodiit,
1180 772 1398 838 eodem
1446 774 1770 838 referenda
1817 795 1951 839 esse
2005 772 2311 839 Dinarchi
2357 775 2587 856 verba,
2622 794 2824 856 quum
2864 793 2988 838 con·

616 879 823 944 tendit
868 881 937 943 in
984 877 1284 944 Oratione
1330 881 1398 943 in
1445 878 1979 963 Demosthenem,
2029 883 2437 967 Areopagum
2486 880 2841 961 φυλάσσειν
2884 881 2989 948 τὰς

615 984 985 1065 ἀπορρήτους
1055 982 1460 1059 διαθήκας
1532 990 1593 1050 ἐν
1663 981 1763 1057 αἶς
1839 987 1923 1051 τα
1991 993 2101 1059 τῆς
2162 987 2396 1059 πόλεως
2464 986 2734 1064 σωτήρια
2782 995 2989 1051 κεῖται.

616 1090 740 1157 Sed
789 1098 863 1157 ut
906 1091 985 1156 ad
1024 1090 1357 1177 Supplices
1398 1092 1688 1176 redeam,
1720 1093 1908 1179 jubet
1945 1092 2244 1159 Minerva
2285 1100 2451 1158 terra
2488 1092 2675 1158 condi
2705 1093 2993 1171 cultrum,

615 1218 739 1283 quo
785 1204 913 1263 tres
961 1200 1263 1263 victimae
1310 1199 1685 1264 immolatae
1733 1206 1976 1265 essent:

1067 1304 1270 1385 Φόβον
1316 1305 1445 1382 γὰρ
1495 1306 1743 1378 αὐτοῖς,
1799 1306 1867 1379 ἥν
1917 1308 2055 1371 ποτ’
2106 1304 2371 1371 ἔλθωσιν
2418 1306 2620 1389 πόλιν,

1071 1408 1523 1490 δειχθεῖσα
1570 1410 1751 1485 θήσει
1800 1412 1905 1476 καὶ
1954 1410 2142 1477 κακὸν
2192 1412 2359 1480 νόςον
2406 1410 2623 1477 πάλιν.

614 1516 889 1582 Rectene
951 1514 1328 1595 δειχθεῖσαῖ
1390 1517 1515 1598 Qui
1565 1519 1676 1593 τῆν
1723 1522 2054 1597 μάχαιραν
2101 1514 2437 1592 δείξουσινῗ
2485 1517 2694 1598 Quam
2741 1514 2988 1583 ridiculi

614 1629 802 1689 erunt
846 1620 1271 1689 Athenienses
1320 1645 1468 1690 cum
1516 1624 1723 1690 cultro
1769 1621 1916 1690 suol
1966 1624 2121 1691 Post
2167 1624 2378 1690 multa
2422 1623 2674 1690 saecula
2720 1643 2848 1689 non
2882 1623 2988 1687 mi·

614 1751 735 1795 nus
798 1728 1055 1795 difficile
1101 1736 1269 1808 erat,
1321 1730 1606 1797 cultrum
1654 1730 1841 1795 illum
1891 1734 2176 1796 invenire
2224 1752 2416 1816 quam
2464 1733 2682 1816 ipsum
2734 1728 2992 1814 Oedipo·

615 1837 713 1901 dis
775 1856 1037 1920 corpus,
1099 1857 1299 1921 quum
1361 1839 1732 1922 praesertim
1797 1835 2080 1902 Theseus
2144 1858 2284 1902 eam
2348 1857 2483 1902 rem
2533 1856 2756 1900 omnes
2806 1833 2993 1900 celare

617 1942 942 2025 debuerit,
1003 1963 1083 2007 ne
1131 1944 1291 2009 forte
1341 1946 1873 2028 pretiosissimum
1926 1946 2159 2030 pignus
2208 1942 2524 2008 libertatis
2571 1943 2743 2007 surto
2803 1941 2994 2008 anier-

617 2054 812 2114 retur.
909 2046 1035 2114 Sed
1095 2050 1325 2136 Argivi
1389 2052 1445 2114 si
1492 2051 1653 2115 forte
1704 2051 2267 2134 appropinquarint
2315 2050 2388 2114 ad
2442 2048 2691 2133 locum,
2739 2049 2858 2114 nbi
2903 2068 2992 2112 ex-

617 2160 791 2221 stant
834 2161 1075 2240 septem
1126 2154 1399 2232 tumuli,
1448 2156 1760 2219 memoria
1809 2154 2098 2219 beneficii
2140 2153 2297 2221 olim
2337 2155 2618 2240 accepti,
2660 2160 2726 2220 et
2763 2153 2991 2226 culter,

615 2281 740 2347 quo
802 2261 1085 2327 Theseus
1136 2281 1290 2325 usus
1334 2265 1458 2335 est,
1515 2268 1684 2325 terra
1729 2260 2020 2325 conditus
2066 2282 2200 2326 esse
2246 2268 2549 2346 putatur,
2601 2263 2786 2345 quasi
2835 2276 2994 2325 sacro

612 2368 868 2434 horrore
934 2367 1173 2454 perfusi
1219 2368 1286 2430 in
1334 2364 1556 2452 fugam
1612 2387 1679 2432 se
1725 2365 1985 2430 dabunt.
2079 2364 2171 2431 Ut
2217 2366 2335 2432 hoc
2380 2368 2449 2431 in
2499 2364 2757 2431 Graecis
2807 2365 2989 2436 insit,
3111 2436 3112 2451 χ

616 2475 1030 2559 participium
1083 2468 1417 2551 δειχθεῖσα
1466 2473 1706 2537 servari
1749 2492 1876 2537 non
1922 2475 2158 2555 poterit
2202 2477 2268 2536 et
2314 2471 2717 2537 scribendum
2770 2478 2901 2537 est:

1067 2578 1269 2657 Φόβον
1316 2577 1443 2656 γὰρ
1494 2581 1707 2651 αὐτοῖς
1735 2626 1751 2654 ,
1802 2577 1872 2653 ἦν
1921 2577 2061 2642 ποτ’
2109 2575 2372 2643 ἔλθωσιν
2417 2575 2636 2663 πόλιν,

1063 2680 1505 2764 δερχθεῒσι
1551 2681 1733 2757 θήσει
1780 2682 1887 2748 καὶ
1938 2684 2127 2748 κακὸν
2174 2683 2340 2752 νόςον
2386 2682 2598 2750 πάλιν.

696 3013 906 3079 Venio
953 3010 1032 3076 ad
1083 3008 1458 3075 Heraclidas
1505 3029 1578 3074 ac
1627 3011 1849 3075 statim
1907 3011 1972 3072 in
2021 3007 2177 3074 Iolai
2227 3007 2492 3095 prologo
2540 3006 2844 3072 lacunam
2898 3006 2987 3071 de·

606 3119 1011 3208 prehendisse
1056 3114 1218 3181 mihi
1266 3114 1504 3181 videor.

974 3219 1189 3288 Πάλαι
1239 3220 1380 3285 ποτ’
1429 3220 1520 3288 ἐς)
1570 3220 1740 3285 τοῦτ’
1790 3221 1923 3299 ἐμοὶ
1973 3221 2364 3299 δεδογμένον,

971 3330 998 3394 ὃ
1047 3328 1162 3404 μὲν
1212 3326 1441 3398 δίκαιος
1491 3335 1617 3397 τοῖς
1669 3326 1871 3399 πέλας
1922 3326 2156 3407 πέφυκ’
2205 3329 2388 3412 ἀνήρ,

971 3437 1000 3498 ὁ
1047 3431 1100 3499 δ’
1146 3435 1204 3506 ἐς
1252 3433 1320 3497 τὸ
1369 3434 1566 3511 κέρδος
1615 3435 1767 3511 λῆμ’
1821 3433 1984 3513 ἔχων
2031 3433 2342 3510 ἀνειμένον

970 3541 1148 3605 πόλει
1198 3541 1257 3602 τ’
1307 3538 1580 3619 ἄκρης-ος
1634 3541 1737 3605 καὶ
1787 3538 2242 3615 ξυναλλάσσειν
2288 3540 2532 3624 βαρύς,

972 3647 1141 3725 αὐτῷ
1190 3648 1240 3712 δ’
1295 3644 1517 3723 ἄριςος.

607 3755 974 3825 Necessario
1020 3754 1141 3818 hoc
1190 3753 1396 3817 dicere
1445 3753 1666 3817 debuit
1711 3751 1956 3823 Iolaus.
1997 3756 2247 3836 justum
2296 3753 2509 3816 virum
2559 3753 2685 3817 sibi
2732 3773 2866 3818 esse
2905 3755 2984 3815 in·

603 3862 868 3938 utilem,
935 3859 1101 3945 quod
1161 3861 1297 3942 ipse
1344 3878 1467 3922 non
1516 3860 1728 3923 verbis
1776 3860 1882 3923 sed
1933 3860 2321 3942 experientia
2369 3859 2628 3923 edoctus
2675 3868 2791 3924 est.
2883 3856 2985 3923 Eat

604 3969 809 4057 igitur
872 3972 1013 4051 post
1078 3985 1333 4030 versum
1403 3966 1750 4029 secundum
1811 3964 2042 4029 lacuna
2089 3967 2277 4029 unius
2328 3964 2688 4030 duorumve
2732 3967 2983 4030 senario·

604 4096 785 4159 rum;
835 4072 1059 4137 deinde
1106 4093 1196 4137 vs.
1251 4071 1292 4134 4
1342 4074 1577 4137 rectius
1627 4071 1860 4135 scribes
1909 4070 2089 4135 πόλει
2142 4072 2220 4138 ’ς’
2269 4069 2567 4152 ἄκρης-ος.
2626 4070 2830 4157 Supra
2859 4075 2980 4156 jam
3103 4064 3104 4091 *

605 4177 964 4269 significavi
1013 4199 1108 4243 vs.
1163 4178 1204 4242 8
1253 4186 1571 4263 praestare
1620 4186 1873 4246 πλεῒςον
1898 4226 1912 4253 ,
1962 4197 2086 4243 non
2138 4180 2427 4246 πλείςων.

695 4392 845 4460 Sine
892 4393 1226 4460 offensione
1275 4394 1486 4459 editur
1537 4413 1638 4473 vs,
1688 4390 1850 4457 198:
