3192 5017
1206 303 1599 378 sornoonm.
2462 292 2605 379 241,

1385 501 1539 565 ἀλλ’
1584 496 1833 568 αὐτὸς
1881 492 2091 568 τάλας

651 608 844 675 θανὼν
888 603 1131 687 παρέξω
1180 602 1358 671 δαῖθ’
1405 605 1515 686 ὑφ’
1563 599 1641 669 ὧν
1687 601 2067 686 ἔφερβόριην.

232 716 377 784 Vide
416 738 571 784 num
617 716 783 783 forte
830 717 1139 801 praestet:
1195 737 1239 778 α
1261 713 1508 787 ὐτοῖς.

302 926 502 994 Etiam
546 929 618 992 in
661 926 1042 1014 frag-mentis
1088 943 1292 1010 pauca
1337 920 1652 1008 quaedam
1699 924 2041 1005 supersunt
2057 966 2075 997 ,
2126 938 2287 1005 quae
2327 918 2592 984 fortasse

232 1035 517 1123 corrig-ere
565 1037 806 1120 potero.
855 1030 1084 1096 Veluti
1130 1029 1205 1095 fr.
1260 1026 1347 1093 58
1394 1027 1565 1114 apud
1611 1025 1959 1092 Stobaeum
2004 1027 2097 1090 ita
2143 1025 2476 1090 scribitur:

653 1138 778 1223 βοᾷ
826 1159 959 1210 τις·
1010 1132 1052 1200 ὦ
1101 1134 1382 1202 ἀκούετ’·
1435 1133 1468 1210 ἢ
1517 1132 1728 1212 μάτην
1777 1134 2137 1216 ὑλακτῶ,

232 1265 359 1310 cum
401 1247 469 1311 in
510 1249 817 1332 promptu
862 1244 980 1309 sit:

656 1351 784 1435 βοᾷ
831 1370 962 1422 τις·
1010 1350 1149 1414 οὐκ
1195 1346 1444 1414 ἀκούετ’
1501 1348 1536 1424 ἢ
1586 1345 1799 1427 μάτην
1847 1353 2091 1425 καλῶ;

230 1456 351 1524 coll.
400 1457 629 1525 Electr.
682 1455 894 1523 1306:

654 1566 782 1650 βοᾷ
830 1586 926 1635 τις
975 1561 1158 1628 ἔνδον.
1205 1563 1313 1628 οὐκ
1360 1560 1639 1646 ἀκούετ’,
1685 1557 1730 1626 ὦ
1776 1558 2009 1641 φίλαις

302 1776 627 1844 Ridiculus
671 1779 741 1842 in
785 1778 1005 1863 paucis
1050 1795 1223 1842 error
1268 1781 1365 1842 est
1412 1776 1579 1841 circa
1623 1775 2061 1862 fragmentum
2113 1772 2263 1839 130.
2356 1771 2595 1839 Scribit

228 1882 611 1971 Phrynichus
678 1882 849 1969 apud
925 1881 1083 1948 Lob.
1154 1904 1215 1968 p.
1285 1879 1449 1949 3¹74:
1522 1882 1761 1955 πολλὴν
1824 1879 2140 1959 διατριβὴν
2211 1877 2596 1955 ἔποιησάμην

228 1989 722 2068 ἐπισκοπούμενος
740 2036 758 2066 ,
822 1991 873 2055 εἰ
921 1988 1100 2067 μόνον
1149 1987 1411 2067 λέγεται
1463 1986 1827 2069 πρόσφατος
1875 1985 2075 2067 νεκρὸς
2122 1986 2228 2050 καὶ
2276 1986 2366 2063 μὺ
2415 1984 2598 2066 πρόσ-

227 2102 413 2175 Φατον
472 2099 773 2178 πρᾶγμα.
835 2094 1142 2177 εὑρίσκετο
1198 2093 1263 2160 δὲ
1328 2101 1657 2176 Σοφοκλῆς
1725 2094 1786 2158 ἐν
1845 2102 1924 2176 τῇ
1976 2092 2349 2178 Ἀνδρομέδᾳ
2395 2089 2595 2165 τιθεὶς

234 2223 369 2267 ουτω
386 2223 403 2241 ·

749 2308 939 2386 μηδὲν
982 2306 1334 2390 φοβεῖσθαι
1382 2306 1781 2390 προσφάτους
1830 2306 2153 2380 ἑπιςολάς.

230 2410 405 2478 Isacer
467 2414 572 2479 hic
640 2414 818 2479 locus
887 2421 1016 2491 est,
1083 2414 1195 2481 sed
1256 2417 1411 2480 satis
1475 2412 1754 2500 pellucet
1814 2414 1968 2499 quid
2029 2414 2263 2480 dixerit
2305 2433 2595 2481 morosus

231 2521 532 2606 magister.
626 2519 827 2585 Erant
888 2523 998 2605 qui
1059 2520 1507 2587 contenderent
1552 2520 1913 2602 πρόσφατος
1963 2520 2162 2600 νεκρὸς
2208 2526 2377 2587 recte
2423 2521 2591 2601 dici,

233 2624 324 2689 sed
387 2626 504 2691 hoc
575 2625 966 2691 adiectivum
1029 2625 1110 2691 ad
1175 2624 1304 2691 alia
1362 2646 1488 2691 non
1530 2632 1700 2692 recte
1742 2627 2068 2693 transferri
2113 2644 2231 2692 nec
2277 2634 2592 2694 recentem

232 2749 345 2795 rom
404 2732 767 2811 πρόσφατον
830 2734 1105 2812 πρᾶγμα
1158 2731 1280 2798 dici
1331 2733 1410 2798 ab
1458 2734 1955 2799 Atheniensibus
1997 2733 2103 2799 vel
2148 2733 2368 2798 literas
2413 2757 2595 2814 προσ-

231 2835 465 2916 φάτους.
558 2837 787 2924 Inepta
830 2842 966 2904 erat
1011 2838 1331 2904 dubitatio
1371 2844 1437 2904 et
1473 2860 1628 2904 usus
1665 2839 1964 2926 adjectivi
2003 2839 2360 2919 πρόσφατος
2397 2842 2594 2906 etiam

231 2943 376 3027 apud
436 2964 627 3030 puros
693 2934 884 3030 putes
953 2944 1210 3010 Atticos
1279 2947 1436 3010 satis
1506 2944 1637 3010 late
1701 2951 1913 3030 patet,
1970 2946 2138 3030 quod
2202 2966 2238 3010 e
2286 2945 2591 3012 Lobeckii

232 3052 405 3134 copiis
447 3050 734 3116 efficitur.
831 3049 956 3115 Sed
1004 3052 1230 3115 unicus
1277 3071 1311 3115 e
1360 3048 1691 3136 Sophoclis
1729 3051 2136 3118 Andromeda
2168 3049 2347 3116 locus
2385 3050 2594 3138 Phry-

232 3156 396 3222 nicho
461 3158 617 3221 satis
684 3155 811 3220 fuit
880 3160 945 3221 et
1013 3156 1166 3222 hinc
1237 3156 1438 3221 edixit
1496 3158 1695 3222 etiam
1752 3156 1971 3222 literas
2031 3162 2174 3222 tuto
2234 3156 2364 3221 dici
2409 3176 2589 3241 posse

235 3262 598 3344 τροσφάτους
616 3311 634 3347 ,
682 3260 848 3326 nihil
894 3281 1027 3327 esse
1074 3282 1187 3326 cur
1230 3262 1375 3347 quis
1421 3260 1817 3345 προσφάτους
1865 3262 2161 3335 ἕπιςολάς
2210 3263 2417 3329 dicere
2463 3283 2589 3329 non

235 3367 453 3433 audeat.
546 3367 701 3433 Inde
762 3368 1008 3433 factum
1066 3372 1164 3432 est
1184 3415 1200 3445 ,
1266 3372 1342 3432 ut
1405 3368 1485 3433 ad
1546 3369 1719 3434 hunc
1780 3389 1981 3455 usque
2028 3369 2198 3434 diem
2248 3367 2589 3454 Sophocles

239 3472 349 3557 ipse
390 3475 618 3541 dixisse
664 3474 990 3540 credatur:

657 3578 849 3660 μηδὲν
895 3577 1247 3662 φοβεῖσθαι
1295 3577 1694 3662 προσφάτους
1741 3580 2036 3655 ἐπιςολάς
2055 3630 2072 3660 ,

240 3704 369 3769 quas
408 3708 592 3754 nemo
639 3686 1016 3753 mortalium
1061 3706 1367 3772 umquam
1416 3707 1656 3776 magno
1703 3708 1890 3774 opere
1935 3690 2177 3754 timuit.

308 3899 402 3965 Fr.
452 3898 603 3965 159.
648 3896 1044 3984 Hesychius:
1101 3896 1563 3973 Ἐπισειούσης·
1608 3897 2116 3978 ἐπικελευομένης
2151 3901 2278 3966 ἀπὸ
2319 3909 2435 3968 τῶν
2467 3904 2585 3978 τὰς

240 4005 386 4079 ἡνίας
466 4008 594 4071 ἐπι
609 4001 1002 4087 χαλώντω
1021 4028 1070 4069 ν.
1162 4011 1490 4086 Σοφοκλῆς
1579 4002 1863 4085 Ἀχαιῶν
1947 4005 2273 4090 Συλλόγῳ.
2382 4009 2592 4098 Lege:

240 4112 657 4191 χαλώντων.

313 4323 407 4390 Fr.
446 4323 612 4391 184:
661 4326 894 4397 εὐναῖος
937 4320 1060 4399 εἴη
1101 4321 1389 4403 δραπέτιν
1429 4320 1623 4402 ςέγην
1661 4322 1843 4403 ἔχων.
1892 4321 2174 4390 Facilius
2194 4323 2597 4413 intelligamt

247 4450 404 4503 ειην.
2339 4551 2402 4599 16
