<?xml version="1.0" encoding="UTF-8"?>
<!DOCTYPE html PUBLIC "-//W3C//DTD XHTML 1.0 Transitional//EN"
    "http://www.w3.org/TR/xhtml1/DTD/xhtml1-transitional.dtd">
<html xmlns="http://www.w3.org/1999/xhtml" xml:lang="en" lang="en">
 <head>
  <title>
</title>
<meta http-equiv="Content-Type" content="text/html;charset=utf-8" />
  <meta name='ocr-system' content='tesseract 3.04.00' />
  <meta name='ocr-capabilities' content='ocr_page ocr_carea ocr_par ocr_line ocrx_word'/>
</head>
<body>
  <div class='ocr_page' id='page_1' title='image "./mnemosynebiblio14servgoog_0204.png"; bbox 0 0 3192 5017; ppageno 0'>
   <div class='ocr_carea' id='block_1_1' title="bbox 564 236 2066 308">
    <p class='ocr_par' dir='ltr' id='par_1_1' title="bbox 564 236 2066 308">
     <span class='ocr_line' id='line_1_1' title="bbox 564 236 2066 308; baseline -0.002 -1"><span class='ocrx_word' id='word_1_1' title='bbox 564 236 698 307; x_wconf 77' lang='grc'>200</span> <span class='ocrx_word' id='word_1_2' title='bbox 810 248 824 260; x_wconf 77' lang='lat'><strong><em>‘</em></strong></span> <span class='ocrx_word' id='word_1_3' title='bbox 1436 247 1750 305; x_wconf 72' lang='lat' dir='ltr'>armum</span> <span class='ocrx_word' id='word_1_4' title='bbox 1795 250 2066 308; x_wconf 64' lang='lat' dir='ltr'>ommes.</span> 
     </span>
    </p>
   </div>
   <div class='ocr_carea' id='block_1_2' title="bbox 557 428 2943 1903">
    <p class='ocr_par' dir='ltr' id='par_1_2' title="bbox 558 428 2942 730">
     <span class='ocr_line' id='line_1_2' title="bbox 558 428 2935 518; baseline 0 -21"><span class='ocrx_word' id='word_1_5' title='bbox 558 430 780 498; x_wconf 79' lang='lat' dir='ltr'><strong>Paulli</strong></span> <span class='ocrx_word' id='word_1_6' title='bbox 824 429 946 496; x_wconf 83' lang='lat' dir='ltr'>Icti</span> <span class='ocrx_word' id='word_1_7' title='bbox 1006 430 1382 496; x_wconf 86' lang='lat' dir='ltr'>auctoritate</span> <span class='ocrx_word' id='word_1_8' title='bbox 1431 432 1499 495; x_wconf 91' lang='lat' dir='ltr'>in</span> <span class='ocrx_word' id='word_1_9' title='bbox 1561 429 1607 496; x_wconf 91' lang='lat' dir='ltr'>l.</span> <span class='ocrx_word' id='word_1_10' title='bbox 1670 428 1756 496; x_wconf 84' lang='grc'>21</span> <span class='ocrx_word' id='word_1_11' title='bbox 1820 430 1882 496; x_wconf 86' lang='lat' dir='ltr'>ff.</span> <span class='ocrx_word' id='word_1_12' title='bbox 1945 429 2022 496; x_wconf 92' lang='lat' dir='ltr'>de</span> <span class='ocrx_word' id='word_1_13' title='bbox 2087 429 2508 518; x_wconf 78' lang='lat' dir='ltr'>pignoraticia</span> <span class='ocrx_word' id='word_1_14' title='bbox 2568 434 2823 498; x_wconf 85' lang='lat' dir='ltr'>actione</span> <span class='ocrx_word' id='word_1_15' title='bbox 2871 429 2935 517; x_wconf 89' lang='lat' dir='ltr'>(l.</span> 
     </span>
     <span class='ocr_line' id='line_1_3' title="bbox 564 533 2942 624; baseline -0 -20"><span class='ocrx_word' id='word_1_16' title='bbox 564 536 729 604; x_wconf 87' lang='lat' dir='ltr'>XIII</span> <span class='ocrx_word' id='word_1_17' title='bbox 774 540 874 602; x_wconf 85' lang='lat' dir='ltr'>tit.</span> <span class='ocrx_word' id='word_1_18' title='bbox 920 533 987 622; x_wconf 85' lang='lat'>7)</span> <span class='ocrx_word' id='word_1_19' title='bbox 1035 534 1316 601; x_wconf 83' lang='lat' dir='ltr'>docentis</span> <span class='ocrx_word' id='word_1_20' title='bbox 1366 533 1612 615; x_wconf 83' lang='lat' dir='ltr'>„Domo</span> <span class='ocrx_word' id='word_1_21' title='bbox 1659 538 1915 624; x_wconf 82' lang='lat' dir='ltr'>pignori</span> <span class='ocrx_word' id='word_1_22' title='bbox 1954 536 2102 603; x_wconf 89' lang='lat' dir='ltr'>data</span> <span class='ocrx_word' id='word_1_23' title='bbox 2144 542 2209 604; x_wconf 87' lang='lat' dir='ltr'>et</span> <span class='ocrx_word' id='word_1_24' title='bbox 2249 558 2394 604; x_wconf 84' lang='lat' dir='ltr'>area</span> <span class='ocrx_word' id='word_1_25' title='bbox 2428 539 2562 604; x_wconf 85' lang='lat' dir='ltr'>eius</span> <span class='ocrx_word' id='word_1_26' title='bbox 2599 538 2942 615; x_wconf 78' lang='lat' dir='ltr'>tenebitur,</span> 
     </span>
     <span class='ocr_line' id='line_1_4' title="bbox 567 642 2930 730; baseline -0.001 -19"><span class='ocrx_word' id='word_1_27' title='bbox 567 651 667 712; x_wconf 90' lang='lat' dir='ltr'>est</span> <span class='ocrx_word' id='word_1_28' title='bbox 732 646 906 711; x_wconf 89' lang='lat' dir='ltr'>enim</span> <span class='ocrx_word' id='word_1_29' title='bbox 972 664 1117 729; x_wconf 87' lang='lat' dir='ltr'>pars</span> <span class='ocrx_word' id='word_1_30' title='bbox 1183 642 1362 720; x_wconf 82' lang='lat' dir='ltr'>eius;</span> <span class='ocrx_word' id='word_1_31' title='bbox 1426 650 1492 708; x_wconf 82' lang='lat' dir='ltr'>et</span> <span class='ocrx_word' id='word_1_32' title='bbox 1551 650 1770 709; x_wconf 86' lang='lat' dir='ltr'>contra</span> <span class='ocrx_word' id='word_1_33' title='bbox 1827 646 1931 709; x_wconf 86' lang='lat' dir='ltr'>ius</span> <span class='ocrx_word' id='word_1_34' title='bbox 1987 647 2102 708; x_wconf 76' lang='lat' dir='ltr'>coli</span> <span class='ocrx_word' id='word_1_35' title='bbox 2162 651 2464 730; x_wconf 86' lang='lat' dir='ltr'>sequetur</span> <span class='ocrx_word' id='word_1_36' title='bbox 2509 642 2930 711; x_wconf 56' lang='lat' dir='ltr'>aedilicium*</span> 
     </span>
    </p>

    <p class='ocr_par' dir='ltr' id='par_1_3' title="bbox 561 748 2939 1050">
     <span class='ocr_line' id='line_1_5' title="bbox 655 748 2933 835; baseline -0.001 -17"><span class='ocrx_word' id='word_1_37' title='bbox 655 750 800 818; x_wconf 90' lang='lat' dir='ltr'>Non</span> <span class='ocrx_word' id='word_1_38' title='bbox 845 749 915 815; x_wconf 90' lang='lat' dir='ltr'>id</span> <span class='ocrx_word' id='word_1_39' title='bbox 958 749 1129 835; x_wconf 87' lang='lat' dir='ltr'>quod</span> <span class='ocrx_word' id='word_1_40' title='bbox 1173 751 1240 814; x_wconf 87' lang='lat' dir='ltr'>in</span> <span class='ocrx_word' id='word_1_41' title='bbox 1275 748 1485 814; x_wconf 90' lang='lat' dir='ltr'>solnm</span> <span class='ocrx_word' id='word_1_42' title='bbox 1526 750 1741 834; x_wconf 86' lang='lat' dir='ltr'>venit,</span> <span class='ocrx_word' id='word_1_43' title='bbox 1779 757 1855 814; x_wconf 83' lang='lat' dir='ltr'>ut</span> <span class='ocrx_word' id='word_1_44' title='bbox 1893 749 2106 827; x_wconf 79' lang='lat' dir='ltr'>aiunt,</span> <span class='ocrx_word' id='word_1_45' title='bbox 2150 749 2462 817; x_wconf 83' lang='lat' dir='ltr'>effinxisse</span> <span class='ocrx_word' id='word_1_46' title='bbox 2497 751 2670 817; x_wconf 80' lang='lat' dir='ltr'>mihi</span> <span class='ocrx_word' id='word_1_47' title='bbox 2709 750 2933 826; x_wconf 80' lang='lat' dir='ltr'>videor,</span> 
     </span>
     <span class='ocr_line' id='line_1_6' title="bbox 561 854 2939 945; baseline -0.001 -21"><span class='ocrx_word' id='word_1_48' title='bbox 561 860 621 925; x_wconf 90' lang='lat' dir='ltr'>si</span> <span class='ocrx_word' id='word_1_49' title='bbox 665 857 832 923; x_wconf 85' lang='lat' dir='ltr'>nihil</span> <span class='ocrx_word' id='word_1_50' title='bbox 874 856 1053 923; x_wconf 88' lang='lat' dir='ltr'>aliud</span> <span class='ocrx_word' id='word_1_51' title='bbox 1089 876 1283 942; x_wconf 86' lang='lat' dir='ltr'>quam</span> <span class='ocrx_word' id='word_1_52' title='bbox 1330 855 1434 921; x_wconf 89' lang='lat' dir='ltr'>Pl.</span> <span class='ocrx_word' id='word_1_53' title='bbox 1481 855 1691 923; x_wconf 80' lang='lat' dir='ltr'>voluit</span> <span class='ocrx_word' id='word_1_54' title='bbox 1729 858 2101 942; x_wconf 77' lang='lat' dir='ltr'>scriptorem</span> <span class='ocrx_word' id='word_1_55' title='bbox 2141 854 2532 945; x_wconf 77' lang='lat' dir='ltr'>significasse</span> <span class='ocrx_word' id='word_1_56' title='bbox 2568 856 2939 924; x_wconf 71' lang='lat' dir='ltr'>contendens</span> 
     </span>
     <span class='ocr_line' id='line_1_7' title="bbox 564 962 2159 1050; baseline -0.001 -19"><span class='ocrx_word' id='word_1_57' title='bbox 564 963 693 1031; x_wconf 93' lang='lat' dir='ltr'>alio</span> <span class='ocrx_word' id='word_1_58' title='bbox 738 964 1015 1050; x_wconf 90' lang='lat' dir='ltr'>quodam</span> <span class='ocrx_word' id='word_1_59' title='bbox 1060 962 1370 1030; x_wconf 81' lang='lat' dir='ltr'>vocabulo</span> <span class='ocrx_word' id='word_1_60' title='bbox 1416 983 1611 1029; x_wconf 88' lang='lat' dir='ltr'>nsum</span> <span class='ocrx_word' id='word_1_61' title='bbox 1656 983 1790 1030; x_wconf 90' lang='lat' dir='ltr'>esse</span> <span class='ocrx_word' id='word_1_62' title='bbox 1837 965 2159 1030; x_wconf 82' lang='lat' dir='ltr'>existimo.</span> 
     </span>
    </p>

    <p class='ocr_par' dir='ltr' id='par_1_4' title="bbox 565 1067 2942 1262">
     <span class='ocr_line' id='line_1_8' title="bbox 651 1067 2942 1157; baseline -0.002 -20"><span class='ocrx_word' id='word_1_63' title='bbox 651 1071 946 1157; x_wconf 85' lang='lat' dir='ltr'>Denique</span> <span class='ocrx_word' id='word_1_64' title='bbox 1003 1072 1074 1136; x_wconf 89' lang='lat' dir='ltr'>in</span> <span class='ocrx_word' id='word_1_65' title='bbox 1133 1069 1288 1156; x_wconf 81' lang='lat' dir='ltr'>Cap.</span> <span class='ocrx_word' id='word_1_66' title='bbox 1351 1067 1505 1136; x_wconf 86' lang='lat' dir='ltr'>XV.</span> <span class='ocrx_word' id='word_1_67' title='bbox 1575 1070 1636 1135; x_wconf 92' lang='lat'>1.</span> <span class='ocrx_word' id='word_1_68' title='bbox 1700 1068 1986 1136; x_wconf 86' lang='lat' dir='ltr'>eiusdem</span> <span class='ocrx_word' id='word_1_69' title='bbox 2046 1068 2238 1137; x_wconf 82' lang='lat' dir='ltr'>Vitae</span> <span class='ocrx_word' id='word_1_70' title='bbox 2307 1069 2487 1137; x_wconf 84' lang='lat' dir='ltr'>locus</span> <span class='ocrx_word' id='word_1_71' title='bbox 2561 1076 2700 1156; x_wconf 85' lang='lat' dir='ltr'>est,</span> <span class='ocrx_word' id='word_1_72' title='bbox 2776 1069 2942 1135; x_wconf 77' lang='lat' dir='ltr'>cuius</span> 
     </span>
     <span class='ocr_line' id='line_1_9' title="bbox 565 1174 1460 1262; baseline -0.007 -16"><span class='ocrx_word' id='word_1_73' title='bbox 565 1178 926 1246; x_wconf 75' lang='lat' dir='ltr'>emendatio</span> <span class='ocrx_word' id='word_1_74' title='bbox 964 1179 1183 1242; x_wconf 87' lang='lat' dir='ltr'>minus</span> <span class='ocrx_word' id='word_1_75' title='bbox 1228 1174 1460 1262; x_wconf 80' lang='lat' dir='ltr'>placet.</span> 
     </span>
    </p>

    <p class='ocr_par' dir='ltr' id='par_1_5' title="bbox 557 1281 2943 1903">
     <span class='ocr_line' id='line_1_10' title="bbox 658 1281 2939 1364; baseline -0.003 -13"><span class='ocrx_word' id='word_1_76' title='bbox 658 1282 1013 1364; x_wconf 83' lang='lat' dir='ltr'>„Liberalis</span> <span class='ocrx_word' id='word_1_77' title='bbox 1080 1283 1191 1349; x_wconf 85' lang='lat' dir='ltr'>sed</span> <span class='ocrx_word' id='word_1_78' title='bbox 1255 1281 1462 1350; x_wconf 76' lang='lat' dir='ltr'>levis&#39;’</span> <span class='ocrx_word' id='word_1_79' title='bbox 1524 1303 1651 1349; x_wconf 90' lang='lat' dir='ltr'>non</span> <span class='ocrx_word' id='word_1_80' title='bbox 1708 1304 1858 1349; x_wconf 88' lang='lat' dir='ltr'>cum</span> <span class='ocrx_word' id='word_1_81' title='bbox 1918 1281 2023 1349; x_wconf 91' lang='lat' dir='ltr'>Pl.</span> <span class='ocrx_word' id='word_1_82' title='bbox 2073 1284 2142 1348; x_wconf 91' lang='lat' dir='ltr'>in</span> <span class='ocrx_word' id='word_1_83' title='bbox 2188 1283 2437 1349; x_wconf 78' lang='lat' dir='ltr'>liberale</span> <span class='ocrx_word' id='word_1_84' title='bbox 2482 1285 2593 1348; x_wconf 73' lang='lat' dir='ltr'>sed</span> <span class='ocrx_word' id='word_1_85' title='bbox 2633 1285 2765 1350; x_wconf 75' lang='lat' dir='ltr'>leve</span> <span class='ocrx_word' id='word_1_86' title='bbox 2808 1301 2939 1346; x_wconf 87' lang='lat' dir='ltr'>mu·</span> 
     </span>
     <span class='ocr_line' id='line_1_11' title="bbox 562 1388 2943 1480; baseline -0.003 -21"><span class='ocrx_word' id='word_1_87' title='bbox 562 1393 757 1459; x_wconf 86' lang='lat' dir='ltr'>tanda</span> <span class='ocrx_word' id='word_1_88' title='bbox 816 1411 951 1457; x_wconf 88' lang='lat' dir='ltr'>esse</span> <span class='ocrx_word' id='word_1_89' title='bbox 1011 1389 1178 1454; x_wconf 90' lang='lat' dir='ltr'>mihi</span> <span class='ocrx_word' id='word_1_90' title='bbox 1239 1395 1515 1468; x_wconf 83' lang='lat' dir='ltr'>constat;</span> <span class='ocrx_word' id='word_1_91' title='bbox 1564 1389 1735 1456; x_wconf 90' lang='lat' dir='ltr'>malo</span> <span class='ocrx_word' id='word_1_92' title='bbox 1781 1394 1997 1456; x_wconf 85' lang='lat' dir='ltr'>tecum</span> <span class='ocrx_word' id='word_1_93' title='bbox 2040 1389 2244 1456; x_wconf 84' lang='lat' dir='ltr'>facere</span> <span class='ocrx_word' id='word_1_94' title='bbox 2289 1412 2438 1457; x_wconf 88' lang='lat' dir='ltr'>cum</span> <span class='ocrx_word' id='word_1_95' title='bbox 2489 1391 2762 1480; x_wconf 79' lang='lat' dir='ltr'>corrigis</span> <span class='ocrx_word' id='word_1_96' title='bbox 2807 1388 2943 1452; x_wconf 78' lang='lat' dir='ltr'>libe·</span> 
     </span>
     <span class='ocr_line' id='line_1_12' title="bbox 559 1494 2939 1583; baseline -0.002 -21"><span class='ocrx_word' id='word_1_97' title='bbox 559 1500 710 1562; x_wconf 69' lang='lat' dir='ltr'>rabia</span> <span class='ocrx_word' id='word_1_98' title='bbox 776 1497 1032 1562; x_wconf 70' lang='lat' dir='ltr'>hominis</span> <span class='ocrx_word' id='word_1_99' title='bbox 1089 1497 1198 1561; x_wconf 72' lang='lat' dir='ltr'>sed</span> <span class='ocrx_word' id='word_1_100' title='bbox 1255 1498 1403 1561; x_wconf 70' lang='lat' dir='ltr'>levis</span> <span class='ocrx_word' id='word_1_101' title='bbox 1458 1503 1578 1562; x_wconf 89' lang='lat' dir='ltr'>cet.</span> <span class='ocrx_word' id='word_1_102' title='bbox 1649 1495 1771 1561; x_wconf 82' lang='lat' dir='ltr'>Sed</span> <span class='ocrx_word' id='word_1_103' title='bbox 1834 1517 2021 1562; x_wconf 90' lang='lat' dir='ltr'>omne</span> <span class='ocrx_word' id='word_1_104' title='bbox 2086 1497 2246 1562; x_wconf 85' lang='lat' dir='ltr'>mihi</span> <span class='ocrx_word' id='word_1_105' title='bbox 2317 1502 2629 1583; x_wconf 84' lang='lat' dir='ltr'>punctum</span> <span class='ocrx_word' id='word_1_106' title='bbox 2701 1494 2939 1561; x_wconf 84' lang='lat' dir='ltr'>laturus</span> 
     </span>
     <span class='ocr_line' id='line_1_13' title="bbox 563 1602 2937 1692; baseline -0.003 -22"><span class='ocrx_word' id='word_1_107' title='bbox 563 1625 699 1670; x_wconf 78' lang='lat' dir='ltr'>esse</span> <span class='ocrx_word' id='word_1_108' title='bbox 745 1604 1000 1671; x_wconf 84' lang='lat' dir='ltr'>videtur</span> <span class='ocrx_word' id='word_1_109' title='bbox 1043 1605 1155 1690; x_wconf 86' lang='lat' dir='ltr'>qui</span> <span class='ocrx_word' id='word_1_110' title='bbox 1203 1602 1521 1682; x_wconf 85' lang='lat' dir='ltr'>„hominis</span> <span class='ocrx_word' id='word_1_111' title='bbox 1566 1623 1694 1669; x_wconf 91' lang='lat' dir='ltr'>non</span> <span class='ocrx_word' id='word_1_112' title='bbox 1737 1602 2022 1669; x_wconf 83' lang='lat' dir='ltr'>liberalis</span> <span class='ocrx_word' id='word_1_113' title='bbox 2067 1602 2178 1668; x_wconf 89' lang='lat' dir='ltr'>sed</span> <span class='ocrx_word' id='word_1_114' title='bbox 2224 1602 2386 1670; x_wconf 83' lang='lat' dir='ltr'>levis</span> <span class='ocrx_word' id='word_1_115' title='bbox 2435 1603 2623 1692; x_wconf 84' lang='lat' dir='ltr'>(esse)</span> <span class='ocrx_word' id='word_1_116' title='bbox 2677 1602 2937 1668; x_wconf 83' lang='lat' dir='ltr'>arbitra·</span> 
     </span>
     <span class='ocr_line' id='line_1_14' title="bbox 560 1708 2932 1799; baseline -0.003 -23"><span class='ocrx_word' id='word_1_117' title='bbox 560 1708 792 1777; x_wconf 85' lang='lat' dir='ltr'>batur”</span> <span class='ocrx_word' id='word_1_118' title='bbox 860 1708 1113 1799; x_wconf 79' lang='lat' dir='ltr'>legerit.</span> <span class='ocrx_word' id='word_1_119' title='bbox 1205 1711 1308 1775; x_wconf 89' lang='lat' dir='ltr'>Sic</span> <span class='ocrx_word' id='word_1_120' title='bbox 1375 1709 1550 1775; x_wconf 92' lang='lat' dir='ltr'>enim</span> <span class='ocrx_word' id='word_1_121' title='bbox 1618 1712 1782 1775; x_wconf 85' lang='lat' dir='ltr'>ratio</span> <span class='ocrx_word' id='word_1_122' title='bbox 1850 1711 1918 1774; x_wconf 88' lang='lat' dir='ltr'>in</span> <span class='ocrx_word' id='word_1_123' title='bbox 1974 1715 2277 1796; x_wconf 84' lang='lat' dir='ltr'>promptu</span> <span class='ocrx_word' id='word_1_124' title='bbox 2336 1715 2434 1776; x_wconf 85' lang='lat' dir='ltr'>est</span> <span class='ocrx_word' id='word_1_125' title='bbox 2493 1731 2608 1776; x_wconf 84' lang='lat' dir='ltr'>cnr</span> <span class='ocrx_word' id='word_1_126' title='bbox 2650 1709 2897 1773; x_wconf 66' lang='lat' dir='ltr'>hominis</span> <span class='ocrx_word' id='word_1_127' title='bbox 2915 1751 2932 1780; x_wconf 84' lang='lat'><strong>,</strong></span> 
     </span>
     <span class='ocr_line' id='line_1_15' title="bbox 557 1814 1931 1903; baseline -0.003 -20"><span class='ocrx_word' id='word_1_128' title='bbox 557 1820 838 1903; x_wconf 85' lang='lat' dir='ltr'>positum</span> <span class='ocrx_word' id='word_1_129' title='bbox 880 1819 1047 1883; x_wconf 91' lang='lat' dir='ltr'>inter</span> <span class='ocrx_word' id='word_1_130' title='bbox 1091 1817 1251 1902; x_wconf 74' lang='lat' dir='ltr'>quod</span> <span class='ocrx_word' id='word_1_131' title='bbox 1292 1823 1357 1882; x_wconf 85' lang='lat' dir='ltr'>et</span> <span class='ocrx_word' id='word_1_132' title='bbox 1402 1839 1520 1881; x_wconf 73' lang='lat' dir='ltr'>non</span> <span class='ocrx_word' id='word_1_133' title='bbox 1540 1862 1556 1894; x_wconf 93' lang='lat'>,</span> <span class='ocrx_word' id='word_1_134' title='bbox 1605 1814 1931 1882; x_wconf 86' lang='lat' dir='ltr'>exciderit.</span> 
     </span>
    </p>
   </div>
   <div class='ocr_carea' id='block_1_3' title="bbox 737 1936 2104 2828">
    <p class='ocr_par' dir='ltr' id='par_1_6' title="bbox 737 1936 2104 2828">
     <span class='ocr_line' id='line_1_16' title="bbox 771 1936 1320 2015; baseline -0.002 -11"><span class='ocrx_word' id='word_1_135' title='bbox 771 1937 870 2004; x_wconf 77' lang='lat' dir='ltr'>Ex</span> <span class='ocrx_word' id='word_1_136' title='bbox 916 1936 1286 2003; x_wconf 82' lang='lat' dir='ltr'>Erasmiano</span> <span class='ocrx_word' id='word_1_137' title='bbox 1302 1983 1320 2015; x_wconf 89' lang='lat'>‚</span> 
     </span>
     <span class='ocr_line' id='line_1_17' title="bbox 737 2042 1315 2111; baseline -0.009 0"><span class='ocrx_word' id='word_1_138' title='bbox 737 2043 939 2111; x_wconf 80' lang='lat' dir='ltr'>Nonis</span> <span class='ocrx_word' id='word_1_139' title='bbox 981 2042 1315 2110; x_wconf 87' lang='lat' dir='ltr'>Decembr.</span> 
     </span>
     <span class='ocr_line' id='line_1_18' title="bbox 783 2167 2104 2220; baseline -0.005 0"><span class='ocrx_word' id='word_1_140' title='bbox 783 2167 1261 2220; x_wconf 75' lang='lat' dir='ltr'>momoocnm.</span> <span class='ocrx_word' id='word_1_141' title='bbox 2099 2186 2104 2191; x_wconf 83' lang='lat'><em>-</em></span> 
     </span>
     <span class='ocr_line' id='line_1_19' title="bbox 1507 2241 2048 2329; baseline 0 -24"><span class='ocrx_word' id='word_1_142' title='bbox 1507 2241 2048 2329; x_wconf 75' lang='lat' dir='ltr'>(Continuabitur).</span> 
     </span>
     <span class='ocr_line' id='line_1_20' title="bbox 1542 2775 1961 2828; baseline 0.002 -1"><span class='ocrx_word' id='word_1_143' title='bbox 1542 2775 1961 2828; x_wconf 62' lang='lat' dir='ltr'>rnu&#39;ranonus</span> 
     </span>
    </p>
   </div>
   <div class='ocr_carea' id='block_1_4' title="bbox 547 2937 2927 3451">
    <p class='ocr_par' dir='ltr' id='par_1_7' title="bbox 547 2937 2927 3241">
     <span class='ocr_line' id='line_1_21' title="bbox 547 2937 2927 3030; baseline -0.005 -18"><span class='ocrx_word' id='word_1_144' title='bbox 547 2947 612 3012; x_wconf 88' lang='lat' dir='ltr'>in</span> <span class='ocrx_word' id='word_1_145' title='bbox 661 2945 906 3012; x_wconf 78' lang='lat' dir='ltr'>Pericle</span> <span class='ocrx_word' id='word_1_146' title='bbox 951 2965 1085 3030; x_wconf 85' lang='lat' dir='ltr'>cap.</span> <span class='ocrx_word' id='word_1_147' title='bbox 1137 2942 1313 3011; x_wconf 87' lang='lat' dir='ltr'><strong>XIII.</strong></span> <span class='ocrx_word' id='word_1_148' title='bbox 1363 2943 1829 3024; x_wconf 75' lang='grc' dir='ltr'><strong><em>Στησίμβροτος</em></strong></span> <span class='ocrx_word' id='word_1_149' title='bbox 1878 2944 1906 3007; x_wconf 82' lang='grc' dir='ltr'><em>ὃ</em></span> <span class='ocrx_word' id='word_1_150' title='bbox 1957 2941 2187 3013; x_wconf 70' lang='grc' dir='ltr'><strong><em>Θάσιος</em></strong></span> <span class='ocrx_word' id='word_1_151' title='bbox 2235 2943 2420 3008; x_wconf 78' lang='grc' dir='ltr'><strong><em>δεινὸν</em></strong></span> <span class='ocrx_word' id='word_1_152' title='bbox 2467 2943 2777 3022; x_wconf 68' lang='grc' dir='ltr'><strong><em>ἀσέβημα</em></strong></span> <span class='ocrx_word' id='word_1_153' title='bbox 2833 2937 2927 3005; x_wconf 74' lang='grc' dir='ltr'>καὶ</span> 
     </span>
     <span class='ocr_line' id='line_1_22' title="bbox 547 3047 2923 3133; baseline -0.004 -16"><span class='ocrx_word' id='word_1_154' title='bbox 547 3052 840 3133; x_wconf 72' lang='grc' dir='ltr'><em>μυθῶδες</em></span> <span class='ocrx_word' id='word_1_155' title='bbox 897 3049 1238 3131; x_wconf 74' lang='grc' dir='ltr'><em>ἐξενεγκεῖν</em></span> <span class='ocrx_word' id='word_1_156' title='bbox 1289 3049 1632 3128; x_wconf 75' lang='grc' dir='ltr'><strong><em>ἐτόλμησεν</em></strong></span> <span class='ocrx_word' id='word_1_157' title='bbox 1679 3050 1764 3121; x_wconf 77' lang='grc' dir='ltr'>εἷς</span> <span class='ocrx_word' id='word_1_158' title='bbox 1811 3051 1920 3125; x_wconf 68' lang='grc' dir='ltr'>τὴν</span> <span class='ocrx_word' id='word_1_159' title='bbox 1966 3057 2237 3128; x_wconf 73' lang='grc' dir='ltr'>γυναῖκα</span> <span class='ocrx_word' id='word_1_160' title='bbox 2289 3053 2394 3115; x_wconf 82' lang='grc' dir='ltr'>τοῦ</span> <span class='ocrx_word' id='word_1_161' title='bbox 2443 3050 2570 3115; x_wconf 77' lang='grc' dir='ltr'>υἱοῦ</span> <span class='ocrx_word' id='word_1_162' title='bbox 2612 3051 2786 3116; x_wconf 71' lang='grc' dir='ltr'>κατὰ</span> <span class='ocrx_word' id='word_1_163' title='bbox 2825 3047 2923 3112; x_wconf 78' lang='grc' dir='ltr'>τοῦ</span> 
     </span>
     <span class='ocr_line' id='line_1_23' title="bbox 552 3150 2558 3241; baseline -0.004 -16"><span class='ocrx_word' id='word_1_164' title='bbox 552 3159 932 3241; x_wconf 75' lang='grc' dir='ltr'>Περικλέους.</span> <span class='ocrx_word' id='word_1_165' title='bbox 2549 3150 2558 3163; x_wconf 79' lang='grc'><em>“</em></span> 
     </span>
    </p>

    <p class='ocr_par' dir='ltr' id='par_1_8' title="bbox 551 3258 2920 3451">
     <span class='ocr_line' id='line_1_24' title="bbox 643 3258 2920 3351; baseline -0.002 -22"><span class='ocrx_word' id='word_1_166' title='bbox 643 3264 810 3344; x_wconf 83' lang='lat' dir='ltr'>Quid</span> <span class='ocrx_word' id='word_1_167' title='bbox 858 3266 943 3330; x_wconf 88' lang='lat' dir='ltr'>sit</span> <span class='ocrx_word' id='word_1_168' title='bbox 986 3263 1332 3351; x_wconf 79' lang='lat' dir='ltr'>legendnm</span> <span class='ocrx_word' id='word_1_169' title='bbox 1381 3262 1659 3328; x_wconf 85' lang='lat' dir='ltr'>declarat</span> <span class='ocrx_word' id='word_1_170' title='bbox 1704 3261 1883 3329; x_wconf 90' lang='lat' dir='ltr'>locus</span> <span class='ocrx_word' id='word_1_171' title='bbox 1929 3265 1997 3328; x_wconf 87' lang='lat' dir='ltr'>in</span> <span class='ocrx_word' id='word_1_172' title='bbox 2041 3263 2178 3330; x_wconf 81' lang='lat' dir='ltr'>vita</span> <span class='ocrx_word' id='word_1_173' title='bbox 2222 3263 2638 3331; x_wconf 81' lang='lat' dir='ltr'>Timoleontis</span> <span class='ocrx_word' id='word_1_174' title='bbox 2677 3287 2815 3351; x_wconf 87' lang='lat' dir='ltr'>cap.</span> <span class='ocrx_word' id='word_1_175' title='bbox 2845 3258 2920 3324; x_wconf 82' lang='lat' dir='ltr'>V:</span> 
     </span>
     <span class='ocr_line' id='line_1_25' title="bbox 551 3368 2918 3451; baseline -0.002 -16"><span class='ocrx_word' id='word_1_176' title='bbox 551 3368 938 3449; x_wconf 74' lang='grc' dir='ltr'><strong><em>Τιμολέοντα</em></strong></span> <span class='ocrx_word' id='word_1_177' title='bbox 976 3370 1373 3448; x_wconf 78' lang='grc' dir='ltr'>λοιδοροῦντες</span> <span class='ocrx_word' id='word_1_178' title='bbox 1413 3371 1490 3439; x_wconf 75' lang='grc' dir='ltr'>ὥς</span> <span class='ocrx_word' id='word_1_179' title='bbox 1529 3368 1760 3447; x_wconf 51' lang='lat' dir='ltr'>&amp;assic</span> <span class='ocrx_word' id='word_1_180' title='bbox 1801 3368 2266 3450; x_wconf 68' lang='grc' dir='ltr'>ἐξειργασμένον</span> <span class='ocrx_word' id='word_1_181' title='bbox 2292 3370 2396 3437; x_wconf 79' lang='grc' dir='ltr'>καὶ</span> <span class='ocrx_word' id='word_1_182' title='bbox 2422 3370 2713 3448; x_wconf 65' lang='grc' dir='ltr'>μυθῶδες</span> <span class='ocrx_word' id='word_1_183' title='bbox 2739 3370 2918 3451; x_wconf 75' lang='grc' dir='ltr'><strong><em>ἔργον.</em></strong></span> 
     </span>
    </p>
   </div>
   <div class='ocr_carea' id='block_1_5' title="bbox 1560 3593 1917 3647">
    <p class='ocr_par' dir='ltr' id='par_1_9' title="bbox 1560 3593 1917 3647">
     <span class='ocr_line' id='line_1_26' title="bbox 1560 3593 1917 3647; baseline -0.008 -1"><span class='ocrx_word' id='word_1_184' title='bbox 1560 3593 1917 3647; x_wconf 73' lang='lat' dir='ltr'>Amemus.</span> 
     </span>
    </p>
   </div>
   <div class='ocr_carea' id='block_1_6' title="bbox 551 3756 2911 4273">
    <p class='ocr_par' dir='ltr' id='par_1_10' title="bbox 553 3756 2911 3954">
     <span class='ocr_line' id='line_1_27' title="bbox 643 3756 2911 3849; baseline -0 -20"><span class='ocrx_word' id='word_1_185' title='bbox 643 3761 828 3829; x_wconf 79' lang='lat' dir='ltr'>Tom.</span> <span class='ocrx_word' id='word_1_186' title='bbox 875 3759 958 3826; x_wconf 91' lang='lat' dir='ltr'>II.</span> <span class='ocrx_word' id='word_1_187' title='bbox 1003 3781 1153 3847; x_wconf 79' lang='lat' dir='ltr'>pag.</span> <span class='ocrx_word' id='word_1_188' title='bbox 1201 3756 1331 3826; x_wconf 86' lang='lat'>&#39;746</span> <span class='ocrx_word' id='word_1_189' title='bbox 1379 3759 1574 3826; x_wconf 82' lang='lat' dir='ltr'>Dind.</span> <span class='ocrx_word' id='word_1_190' title='bbox 1625 3760 1794 3839; x_wconf 77' lang='grc' dir='ltr'><strong><em>λαβὲ</em></strong></span> <span class='ocrx_word' id='word_1_191' title='bbox 1839 3760 1909 3836; x_wconf 66' lang='grc' dir='ltr'>δὴ</span> <span class='ocrx_word' id='word_1_192' title='bbox 1942 3760 2048 3826; x_wconf 80' lang='grc' dir='ltr'>καὶ</span> <span class='ocrx_word' id='word_1_193' title='bbox 2087 3764 2157 3828; x_wconf 82' lang='grc' dir='ltr'>τὸ</span> <span class='ocrx_word' id='word_1_194' title='bbox 2197 3766 2280 3843; x_wconf 80' lang='grc' dir='ltr'>τῷ</span> <span class='ocrx_word' id='word_1_195' title='bbox 2324 3762 2575 3849; x_wconf 72' lang='grc' dir='ltr'><strong><em>Χαβρίᾳ</em></strong></span> <span class='ocrx_word' id='word_1_196' title='bbox 2615 3766 2911 3848; x_wconf 66' lang='grc' dir='ltr'><strong><em>ψήφισμα</em></strong></span> 
     </span>
     <span class='ocr_line' id='line_1_28' title="bbox 553 3866 2819 3954; baseline 0 -20"><span class='ocrx_word' id='word_1_197' title='bbox 553 3867 895 3954; x_wconf 79' lang='grc' dir='ltr'><strong><em>ψηφισθέν·</em></strong></span> <span class='ocrx_word' id='word_1_198' title='bbox 943 3869 972 3932; x_wconf 80' lang='grc' dir='ltr'><em>δ</em></span> <span class='ocrx_word' id='word_1_199' title='bbox 989 3889 1062 3946; x_wconf 81' lang='grc' dir='ltr'>ρο</span> <span class='ocrx_word' id='word_1_200' title='bbox 1082 3866 1116 3931; x_wconf 79' lang='grc' dir='ltr'>δ</span> <span class='ocrx_word' id='word_1_201' title='bbox 1130 3866 1153 3931; x_wconf 88' lang='grc' dir='ltr'>ι’</span> <span class='ocrx_word' id='word_1_202' title='bbox 1167 3889 1305 3930; x_wconf 84' lang='grc' dir='ltr'>σαι</span> <span class='ocrx_word' id='word_1_203' title='bbox 1351 3867 1744 3940; x_wconf 74' lang='grc' dir='ltr'>σκοπήσει</span> <span class='ocrx_word' id='word_1_204' title='bbox 1791 3867 1919 3948; x_wconf 69' lang='grc' dir='ltr'>γὰρ</span> <span class='ocrx_word' id='word_1_205' title='bbox 1968 3868 2122 3932; x_wconf 79' lang='grc' dir='ltr'><strong><em>αὐτὸ</em></strong></span> <span class='ocrx_word' id='word_1_206' title='bbox 2170 3869 2434 3935; x_wconf 76' lang='grc' dir='ltr'><strong><em>ἐνταῦθα</em></strong></span> <span class='ocrx_word' id='word_1_207' title='bbox 2484 3867 2642 3937; x_wconf 75' lang='grc' dir='ltr'>εἶναι’</span> <span class='ocrx_word' id='word_1_208' title='bbox 2687 3895 2819 3939; x_wconf 79' lang='grc' dir='ltr'>που.</span> 
     </span>
    </p>

    <p class='ocr_par' dir='ltr' id='par_1_11' title="bbox 551 3971 2909 4273">
     <span class='ocr_line' id='line_1_29' title="bbox 635 3971 2905 4059; baseline -0.003 -15"><span class='ocrx_word' id='word_1_209' title='bbox 635 3972 935 4044; x_wconf 86' lang='lat' dir='ltr'>Notabile</span> <span class='ocrx_word' id='word_1_210' title='bbox 993 3971 1341 4057; x_wconf 75' lang='lat' dir='ltr'>scriptilrae</span> <span class='ocrx_word' id='word_1_211' title='bbox 1402 3972 1707 4038; x_wconf 88' lang='lat' dir='ltr'>mendum</span> <span class='ocrx_word' id='word_1_212' title='bbox 1769 3995 1916 4059; x_wconf 83' lang='lat' dir='ltr'>pro:</span> <span class='ocrx_word' id='word_1_213' title='bbox 1960 3971 2158 4040; x_wconf 75' lang='lat' dir='ltr'>‘&#39;OPA</span> <span class='ocrx_word' id='word_1_214' title='bbox 2209 3984 2351 4041; x_wconf 80' lang='grc' dir='ltr'>ΚΑΙ</span> <span class='ocrx_word' id='word_1_215' title='bbox 2405 3986 2739 4046; x_wconf 76' lang='grc' dir='ltr'><strong>ΟΚΟΠΕΙ.</strong></span> <span class='ocrx_word' id='word_1_216' title='bbox 2781 3978 2905 4042; x_wconf 76' lang='grc' dir='ltr'>ΔΘΙ</span> 
     </span>
     <span class='ocr_line' id='line_1_30' title="bbox 552 4074 2909 4164; baseline -0.002 -15"><span class='ocrx_word' id='word_1_217' title='bbox 552 4085 679 4164; x_wconf 74' lang='grc' dir='ltr'>γαρ</span> <span class='ocrx_word' id='word_1_218' title='bbox 737 4079 890 4147; x_wconf 81' lang='grc' dir='ltr'><strong><em>αὐτὸ</em></strong></span> <span class='ocrx_word' id='word_1_219' title='bbox 952 4079 1220 4145; x_wconf 71' lang='grc' dir='ltr'><strong><em>ἐνταῦθα</em></strong></span> <span class='ocrx_word' id='word_1_220' title='bbox 1278 4074 1436 4143; x_wconf 64' lang='grc' dir='ltr'><strong><em>εἶναι</em></strong></span> <span class='ocrx_word' id='word_1_221' title='bbox 1492 4101 1631 4144; x_wconf 76' lang='grc' dir='ltr'>που.</span> <span class='ocrx_word' id='word_1_222' title='bbox 1681 4077 2047 4147; x_wconf 79' lang='lat' dir='ltr'>Sexcenties</span> <span class='ocrx_word' id='word_1_223' title='bbox 2096 4080 2332 4152; x_wconf 74' lang='lat' dir='ltr'>factum</span> <span class='ocrx_word' id='word_1_224' title='bbox 2381 4091 2477 4150; x_wconf 87' lang='lat' dir='ltr'>est</span> <span class='ocrx_word' id='word_1_225' title='bbox 2521 4093 2597 4150; x_wconf 84' lang='lat' dir='ltr'>ut</span> <span class='ocrx_word' id='word_1_226' title='bbox 2642 4096 2692 4151; x_wconf 83' lang='lat' dir='ltr'>K</span> <span class='ocrx_word' id='word_1_227' title='bbox 2742 4093 2802 4152; x_wconf 89' lang='lat' dir='ltr'>et</span> <span class='ocrx_word' id='word_1_228' title='bbox 2842 4085 2909 4144; x_wconf 89' lang='lat' dir='ltr'>IC</span> 
     </span>
     <span class='ocr_line' id='line_1_31' title="bbox 551 4186 2583 4273; baseline 0.001 -17"><span class='ocrx_word' id='word_1_229' title='bbox 551 4194 717 4257; x_wconf 88' lang='lat' dir='ltr'>inter</span> <span class='ocrx_word' id='word_1_230' title='bbox 762 4209 829 4254; x_wconf 87' lang='lat' dir='ltr'>se</span> <span class='ocrx_word' id='word_1_231' title='bbox 874 4186 1439 4269; x_wconf 82' lang='lat' dir='ltr'>confunderentur,</span> <span class='ocrx_word' id='word_1_232' title='bbox 1488 4186 1656 4251; x_wconf 88' lang='lat' dir='ltr'>unde</span> <span class='ocrx_word' id='word_1_233' title='bbox 1703 4210 1830 4252; x_wconf 80' lang='grc' dir='ltr'><strong><em>ισαι</em></strong></span> <span class='ocrx_word' id='word_1_234' title='bbox 1879 4208 1992 4273; x_wconf 88' lang='lat' dir='ltr'>pro</span> <span class='ocrx_word' id='word_1_235' title='bbox 2039 4190 2148 4254; x_wconf 80' lang='grc' dir='ltr'>καί</span> <span class='ocrx_word' id='word_1_236' title='bbox 2193 4195 2420 4256; x_wconf 84' lang='lat' dir='ltr'>natum</span> <span class='ocrx_word' id='word_1_237' title='bbox 2467 4200 2583 4258; x_wconf 83' lang='lat' dir='ltr'>est.</span> 
     </span>
    </p>
   </div>
   <div class='ocr_carea' id='block_1_7' title="bbox 2508 4310 2822 4382">
    <p class='ocr_par' dir='ltr' id='par_1_12' title="bbox 2508 4310 2822 4382">
     <span class='ocr_line' id='line_1_32' title="bbox 2508 4310 2822 4382; baseline -0.013 -2"><span class='ocrx_word' id='word_1_238' title='bbox 2508 4311 2579 4380; x_wconf 82' lang='lat' dir='ltr'>O.</span> <span class='ocrx_word' id='word_1_239' title='bbox 2627 4311 2711 4382; x_wconf 76' lang='lat' dir='ltr'>G.</span> <span class='ocrx_word' id='word_1_240' title='bbox 2757 4310 2822 4379; x_wconf 87' lang='grc' dir='ltr'>Ο.</span> 
     </span>
    </p>
   </div>
   <div class='ocr_carea' id='block_1_8' title="bbox 1579 4439 1870 4449">
    <p class='ocr_par' dir='ltr' id='par_1_13' title="bbox 1579 4439 1870 4449">
     <span class='ocr_line' id='line_1_33' title="bbox 1579 4439 1870 4449; baseline 0.003 -1"><span class='ocrx_word' id='word_1_241' title='bbox 1579 4439 1870 4449; x_wconf 57' lang='grc' dir='ltr'><em>...η-</em></span> 
     </span>
    </p>
   </div>
  </div>
 </body>
</html>
