3192 5017
644 254 775 320 358
1590 276 2085 323 Ams‘rorumns.

642 441 933 506 Primum
998 444 1290 527 equidem
1339 446 1700 529 suspicatus
1751 466 1892 509 sum
1944 445 2108 530 quod
2158 466 2224 510 re
2277 448 2430 509 bene
2477 445 2783 528 pensitam
2821 443 2968 525 pauci

642 548 1001 634 negabunt,
1054 558 1412 615 monstrum
1462 551 1645 628 πρίων
1692 551 2155 636 procurandum
2205 570 2341 616 esse
2378 557 2444 614 et
2482 549 2676 614 incidi
2711 551 2776 612 in
2811 548 2974 631 suspi-

643 654 888 719 cionem
914 701 930 732 ‚
993 654 1189 721 latere
1253 658 1661 741 participium
1732 657 1984 736 περιών,
2048 677 2197 722 nam
2247 656 2402 722 haec
2447 677 2598 720 vera
2644 656 2838 720 forma
2875 662 2979 733 est,

644 778 766 823 non
830 760 1092 838 περιιών,
1161 761 1239 827 ‹le
1299 782 1424 846 qua
1485 762 1809 827 Dobraeus
1868 763 2034 827 dixit
2093 762 2173 828 ad
2220 761 2543 846 Aristoph.
2594 760 2776 845 Vesp.
2823 755 2982 833 1020,

642 887 832 951 quem
875 866 1235 932 Meinekius
1280 867 1571 934 laudavit
1620 868 1700 933 ad
1749 867 2137 934 Pherecratis
2185 868 2624 954 fragmentum
2671 868 2738 930 in
2785 861 2985 929 Anecd.

645 971 762 1036 Bk.
828 993 888 1057 p.
955 971 1108 1039 573.
1171 972 1294 1037 25:
1366 973 1471 1038 καὶ
1538 974 1657 1045 τὰς
1720 974 2044 1045 βαλάνους
2106 974 2210 1039 καὶ
2273 975 2393 1043 τὰς
2441 974 2707 1042 ἀκύλους
2755 970 2853 1034 καὶ
2894 968 2986 1037 τὰς

643 1077 934 1157 ἀχράδας
984 1078 1451 1156 περιόντας.
1500 1079 1671 1145 Vide
1717 1087 2037 1165 praeterea
2085 1079 2527 1167 Phrynichum
2579 1077 2747 1163 apud
2793 1074 2989 1140 Athen.

643 1181 729 1248 IV
778 1205 838 1269 p.
893 1183 1020 1249 165
1068 1182 1139 1255 O.
1202 1184 1531 1251 Platonem
1584 1183 1919 1251 Comicum
1970 1187 2138 1273 apud
2186 1185 2435 1251 Polluc.
2486 1184 2547 1249 6.
2601 1182 2690 1247 49
2740 1187 2802 1247 et
2843 1180 2991 1245 Anti·

643 1288 916 1374 phanem
966 1310 1064 1376 ap.
1117 1290 1349 1355 Athen.
1397 1289 1458 1355 II
1505 1312 1567 1376 p.
1625 1291 1710 1356 66
1761 1291 1836 1358 D.
1887 1291 2131 1357 Deinde
2172 1289 2430 1356 difficile
2469 1298 2565 1355 est
2603 1310 2729 1355 non
2765 1291 2990 1358 tentare,

646 1416 800 1460 num
850 1396 1011 1462 forte
1059 1397 1178 1461 sub
1227 1394 1439 1460 πάντα
1485 1399 1582 1476 χῶ
1631 1396 1829 1461 lateat
1877 1401 2318 1476 πανταχοῦ
2365 1402 2427 1462 et
2476 1394 2666 1480 plane
2725 1392 2993 1459 contrario
3101 1484 3102 1491 ἵ

647 1500 837 1566 modo
897 1508 1174 1567 erratum
1235 1502 1362 1567 fuit
1408 1504 1473 1567 in
1519 1500 1851 1587 Sophoclis
1897 1502 2283 1590 fragmento,
2338 1501 2506 1587 quod
2554 1498 2775 1567 Schol.
2821 1498 2994 1564 Aiacis

652 1604 781 1671 190
828 1611 1144 1674 servavit:

1102 1709 1144 1776 ὦ
1194 1712 1406 1779 πάντα
1457 1713 1784 1793 πράσσων,
1834 1717 1909 1786 ὥς
1960 1715 1988 1778 ὃ
2042 1715 2315 1796 Σίσυφος
2363 1713 2560 1785 πολὺς

1110 1817 1350 1893 ἔνδηλος
1400 1820 1460 1884 ἐν
1503 1820 1592 1885 σοὶ
1645 1824 2089 1903 πανταχοῦ
2136 1821 2364 1899 μητρὸς
2412 1821 2668 1899 πατήρ,

647 1927 759 1991 ubi
805 1924 1073 1990 Vaterus
1120 1928 1403 2011 reposuit
1452 1927 1728 1991 πάντα
1772 1928 1905 2007 χώ.
1954 1926 2059 1993 Sic
2107 1928 2372 1993 fortasse
2416 1924 2606 1992 facile
2654 1928 2753 1990 est
2791 1922 2993 1988 Aristo-

646 2034 838 2117 phani
900 2052 1084 2097 suam
1149 2053 1410 2098 manum
1472 2035 1833 2099 restituere:
1897 2035 2009 2118 qui
2056 2031 2213 2099 olim
2261 2034 2696 2099 Acharnenses
2740 2030 2998 2097 carbones

646 2144 712 2202 et
772 2137 898 2203 alia
960 2137 1208 2203 venalia
1267 2139 1651 2215 habuerant,
1719 2140 1787 2203 bi
1855 2139 1979 2224 ipsi
2024 2160 2192 2205 nunc
2237 2159 2362 2205 non
2408 2138 2824 2204 inveniebant
2863 2131 2998 2198 unde

646 2263 854 2309 emere
903 2250 1172 2327 possent.
1226 2244 1456 2309 Paucis
1501 2244 1777 2310 literulis
1825 2247 2094 2311 mutatis
2139 2244 2568 2311 lucrabimur:

829 2348 980 2413 οὐδ’
1038 2351 1284 2420 αὐτὸς
1334 2350 1630 2429 ἐφεῦρε
1679 2355 2115 2431 πανταχοῦ
2158 2354 2446 2428 περιὼν
2491 2350 2810 2426 μάτην.

645 2455 711 2518 in
784 2455 1018 2539 quibus
1086 2461 1254 2520 certe
1321 2474 1443 2520 non
1512 2458 1709 2521 nimis
1771 2459 2181 2522 temerarium
2250 2462 2370 2529 est.
2442 2456 2607 2541 quod
2679 2477 2791 2541 pro
2850 2450 2996 2534 ἔφερε

646 2561 868 2643 scripsi
917 2559 1173 2639 ἐφεῦρες
1240 2560 1349 2625 sed
1399 2563 1682 2627 virorum
1733 2561 2063 2627 doctorum
2108 2561 2348 2627 iudicia
2394 2562 2816 2647 exspectanda
2857 2566 2995 2625 sunt.

737 2771 843 2837 Vs.
898 2769 983 2839 '76
1032 2774 1563 2838 constructionem
1618 2775 1813 2839 miror
1834 2791 1849 2836 ε

1506 2877 1549 2941 ὦ
1597 2878 1852 2955 Κραναὰ
1902 2876 2081 2950 πόλις
2103 2926 2119 2955 ,

962 2977 1062 3063 ἄρ’
1113 2982 1385 3048 αἰσθάνει
1432 2983 1563 3048 τὸν
1611 2984 2108 3062 κατάγελων
2154 2992 2303 3050 τῶν
2349 2986 2706 3068 πρέσβεωνς

645 3086 1023 3176 Elegantius
1069 3108 1175 3154 me
1220 3090 1430 3154 iudice
1477 3095 1806 3173 sequetur:

961 3190 1059 3276 ἆρ’
1106 3193 1378 3260 αἰσθάνει
1430 3219 1511 3260 σο
1532 3221 1564 3260 υ
1614 3220 1651 3260 ιι
1669 3221 1711 3260 α
1730 3220 1889 3274 ray
1913 3221 1940 3259 ε
1960 3197 2057 3261 λώ
2078 3221 2156 3261 ντ
2176 3224 2218 3263 ω
2237 3224 2266 3261 ν
2315 3200 2631 3279 πρέσβεων
2651 3230 2671 3275 ς

737 3407 854 3472 Est
916 3408 1073 3473 satis
1133 3414 1281 3473 nota
1342 3407 1580 3473 locutio
1643 3404 1679 3470 3
1718 3430 1779 3471 τι
1828 3431 1939 3487 περ
1985 3408 2367 3489 κεφάλαιον,
2414 3407 2452 3475 3
2492 3436 2552 3478 τι
2602 3437 2716 3493 περ
2764 3414 2994 3493 ὄφελος,

646 3508 683 3576 3
739 3538 798 3579 τι
860 3536 973 3591 περ
1034 3512 1320 3592 καθαρόν,
1377 3511 1414 3578 3
1454 3535 1514 3578 τι
1560 3537 1674 3593 περ
1722 3513 2181 3587 δυνατώτατον.
2229 3515 2306 3582 de
2356 3537 2482 3601 qua
2530 3517 2809 3587 Cobetus
2850 3519 2992 3584 dixit

643 3621 711 3685 in
777 3619 984 3686 Variis
1044 3618 1451 3685 Lectionibus
1498 3640 1561 3705 p.
1620 3618 1750 3684 312
1799 3626 1863 3686 et
1908 3620 1987 3687 ad
2033 3619 2277 3708 Hyper.
2325 3642 2390 3707 p.
2446 3623 2555 3691 71.
2608 3626 2842 3693 Eadem
2887 3624 2988 3689 nisi

645 3725 833 3793 fallor
878 3727 1067 3811 periit
1112 3745 1207 3791 vs.
1260 3724 1423 3790 153:

1011 3829 1115 3897 καὶ
1163 3836 1264 3896 νῦν
1310 3827 1498 3913 ὅπερ
1539 3834 2152 3912 μαχιμώτατον
2198 3842 2450 3918 Θρᾳκῶν
2503 3835 2658 3911 ἔθνος

1013 3936 1298 4017 ἔπεμψεν
1346 3939 1510 4014 ὑμῖν.

644 4045 859 4111 Multo
920 4043 1277 4133 elegantius
1328 4050 1452 4111 est:
1503 4040 1540 4108 3
1579 4069 1653 4110 τι
1702 4069 1845 4125 περ
1892 4047 2517 4126 μαχιμώτατον.
2613 4049 2788 4132 Quod
2832 4050 2984 4135 lege·

516 4178 533 4193 ·
645 4151 836 4216 batur
890 4150 1060 4236 apud
1122 4150 1478 4218 Lucianum
1542 4150 1621 4216 de
1680 4148 1973 4217 Mercede
2020 4153 2346 4219 conductis
2395 4154 2516 4220 39:
2565 4153 2708 4236 ὅπερ
2754 4151 2816 4230 ἦν
2859 4174 2988 4221 vost·

647 4259 933 4331 μώτατον
970 4257 1503 4335 ἀπανθισάμενος,
1543 4257 1610 4322 id
1650 4256 1871 4323 eodem
1908 4257 2097 4323 modo
2137 4263 2408 4326 correxit
2429 4261 2824 4329 Fritzschius.
2870 4259 2988 4343 Ipse

640 4369 858 4429 autem
899 4362 1065 4428 dixit
1101 4362 1559 4451 Aristophanes
1596 4361 1765 4429 Eccl.
1813 4362 1934 4427 53:
1980 4360 2016 4426 3
2045 4389 2102 4428 τι
2134 4364 2243 4445 πέρ
2269 4367 2356 4434 ἐς”
2381 4366 2605 4449 ὄφελος
2632 4371 2690 4432 ἐν
2714 4378 2782 4451 τῇ
2807 4365 2978 4431 πόλει.

3101 4526 3104 4659 1
