3192 5017
617 249 747 337 5314
1630 289 1979 341 coenamus

612 468 710 527 est
768 462 936 546 apud
996 462 1349 547 Nepotem,
1413 467 1522 549 qui
1580 462 1748 529 nihil
1809 462 1986 528 aliud
2033 484 2227 548 quam
2275 461 2720 548 Thucydidem
2766 460 2949 526 Latine

613 570 847 646 vertit,
907 569 1211 635 nonnulla
1273 571 1689 636 intercidisse.
1784 569 1927 634 Duo
1990 578 2168 635 erant
2215 570 2469 653 ephori,
2518 588 2779 653 quorum
2826 571 2952 632 alter

615 672 930 740 laetitiam
992 677 1191 740 animi
1256 678 1335 740 ob
1383 679 1522 741 eius
1567 675 2005 740 calamitatem
2053 676 2239 740 vultu
2288 674 2492 740 celare
2536 696 2659 739 non
2716 680 2954 760 poterat,

615 778 777 845 alter
820 785 1076 867 propter
1123 781 1631 848 benevolentiam
1679 784 1739 846 ei
1777 781 2040 846 obscuro
2078 791 2240 846 nutu
2281 782 2435 866 quid
2473 791 2766 868 ageretur
2799 782 2957 867 signi·

616 884 854 953 ficavit.
951 886 1128 953 Haec
1176 891 1393 953 omnia
1435 887 1647 972 Nepos
1694 887 1921 952 Latine
1970 894 2276 971 verterat,
2327 888 2435 952 sed
2476 908 2622 972 pars
2659 888 2957 952 verborum

616 998 728 1057 aut
789 995 1022 1058 amissa
1084 1001 1181 1060 est
1228 1001 1340 1059 aut
1388 1001 1699 1079 corrupta.
1796 991 2135 1059 Caeterum
2183 994 2586 1059 scribendum
2634 1015 2777 1058 cum
2815 1001 2961 1077 parte

617 1096 966 1165 Codicum:
1028 1103 1139 1187 qui
1196 1124 1335 1165 eum
1399 1103 1735 1165 admoneo-13
1795 1101 2093 1184 cupiebat
2153 1122 2264 1185 pro
2321 1103 2663 1165 admonerl.
2753 1099 2963 1183 Nempe

618 1207 748 1293 ipse
794 1226 944 1271 eum
993 1206 1331 1272 admonere
1379 1204 1668 1284 volebat,
1716 1226 1841 1271 non
1887 1207 1963 1270 ab
2011 1208 2152 1271 aliis
2200 1207 2549 1272 admoneri.

720 1412 957 1480 Cimon.
1005 1414 1050 1479 Ι.
1106 1414 1183 1480 2:
1247 1415 1502 1480 habebat
1545 1419 1611 1480 in
1659 1419 2057 1483 matrimonio
2104 1441 2375 1483 sororem
2424 1434 2775 1482 GERMANAM
2818 1439 2961 1480 suam

614 1524 858 1586 nomine
918 1522 1242 1610 Elpinicen
1302 1545 1425 1586 non
1486 1526 1687 1607 maqis
1733 1547 1941 1588 amore
1986 1548 2175 1611 quam
2222 1546 2390 1589 more
2436 1527 2691 1589 ductus:
2738 1545 2966 1609 uanaque

617 1626 1086 1693 Atheniensibus
1134 1629 1266 1694 licet
1310 1645 1528 1694 nomm
1571 1646 1779 1693 runs
1823 1649 2032 1695 navas
2076 1653 2292 1696 uxores
2339 1634 2572 1696 ducere.

709 1733 867 1813 Quis
927 1737 1090 1800 serio
1147 1735 1397 1801 credere
1459 1741 1672 1819 potest
1735 1757 1958 1800 sanum
2027 1736 2351 1802 hominem
2402 1737 2556 1802 haec
2602 1743 2735 1802 tam
2784 1742 2967 1822 aperte

615 1842 782 1906 inter
844 1862 910 1906 se
972 1842 1326 1929 pugnantia
1388 1843 1660 1907 scribere
1708 1840 2027 1926 potuisse?
2075 1841 2302 1927 Itaque
2347 1843 2729 1930 confugiunt
2769 1842 2847 1907 ad
2888 1862 2968 1907 ar-

615 1946 832 2031 gutias
912 1952 977 2012 et
1045 1946 1306 2032 planum
1378 1948 1579 2012 facere
1652 1955 1953 2034 satagunt
2016 1972 2381 2033 yermanam
2450 1970 2573 2014 non
2643 1947 2969 2036 significare

615 2073 1006 2134 oei-mamm,
1072 2053 1182 2117 sed
1242 2051 1647 2132 ὁμοπάτριον,
1697 2053 1805 2117 sed
1854 2054 2019 2118 nihil
2066 2060 2287 2141 agunt.
2383 2053 2684 2139 Suspicor
2729 2063 2794 2121 et
2838 2054 2893 2119 h.
2934 2051 2970 2116 l.

616 2163 680 2222 et
725 2160 793 2221 in
838 2159 1238 2244 Praefatione
1284 2179 1409 2224 non
1436 2153 1492 2225 'a
1537 2158 1786 2243 Nepote
1831 2162 2177 2244 scriptum,
2230 2162 2339 2228 sed
2388 2182 2426 2226 a
2472 2161 2667 2227 sciolo
2727 2161 2973 2243 adscrip-

618 2267 759 2328 tum
810 2283 942 2329 esse
991 2280 1366 2330 annuum.

703 2367 922 2434 Multa
981 2376 1131 2434 sunt
1191 2369 1466 2438 Athenis
1526 2379 1591 2439 et
1650 2377 1716 2437 in
1780 2372 2025 2458 reliqua
2088 2374 2356 2441 Graecia
2401 2373 2694 2459 exempla
2740 2394 2972 2452 eorum,

615 2477 726 2561 qui
772 2495 1048 2541 sororem
1098 2476 1320 2541 eodem
1369 2485 1547 2562 patre
1592 2485 1812 2544 natam
1859 2482 1927 2543 in
1969 2482 2379 2545 matrimonio
2418 2479 2739 2544 haberent.
2836 2477 2970 2543 Plu-

616 2583 871 2648 tarchus
927 2584 994 2646 in
1068 2583 1463 2649 Themistocle
1508 2605 1645 2670 cap.
1698 2583 1819 2649 32:
1872 2588 2408 2663 Μνησιπτολέμαν
2452 2623 2527 2634 -
2585 2585 2972 2667 Ἀρχέπτολις

615 2689 642 2754 ὅ
707 2689 981 2769 ἀδελφὸς
1044 2690 1148 2754 οὐκ
1211 2689 1287 2754 ὢν
1349 2688 1711 2769 ὁμομήτριος
1767 2691 2021 2768 ἔγημεν.
2070 2692 2534 2757 Demosthenes
2579 2713 2729 2779 pag.
2784 2689 2972 2757 1304:

613 2793 896 2874 ἀδελφὴν
940 2793 1068 2874 γὰρ
1117 2795 1143 2858 ὅ
1188 2794 1445 2868 πάππος
1491 2796 1673 2874 οὑμὸς
1718 2795 1951 2875 ἔγημεν
1989 2799 2108 2877 οὐχ
2148 2798 2545 2873 ὁμομητρίων.
2575 2799 2654 2865 of.
2681 2797 2970 2884 Nepotem

612 2901 679 2965 in
749 2901 949 2966 Dione
1013 2899 1061 2964 Ι.
1134 2900 1194 2966 1.
1252 2902 1362 2967 sed
1427 2905 1684 2988 nuptias
1716 2925 1895 2984 ,oum
1961 2925 2168 2970 sorore
2231 2906 2482 2969 uterina
2546 2906 2820 2969 incestas
2862 2922 2975 2968 esse

613 3008 769 3072 satis
815 3012 1064 3073 constat
1110 3006 1215 3074 vel
1261 3029 1337 3072 ex
1386 3011 1808 3094 Aristophane
1855 3014 1923 3075 in
1971 3010 2256 3092 Nubibus
2308 3008 2520 3075 1371:

2511 3117 2542 3180 ἐ
2621 3141 2704 3181 νει

935 3221 1247 3303 ἁδελφός,
1298 3217 1339 3285 ὦ
1389 3220 1739 3300 ’λεξίκοικεῐ
1789 3225 1899 3298 τὴν
1948 3224 2329 3303 ὁμομητρίαν
2376 3116 2681 3302 ἀδελέξὶν.

706 3428 778 3495 In
858 3430 1105 3498 Cimone
1171 3432 1223 3498 1.
1290 3432 1365 3496 4:
1436 3435 1718 3521 Elpinice
1800 3437 2039 3520 neyavit
2125 3458 2185 3499 se
2259 3459 2598 3522 passuram
2686 3431 2971 3499 Miltiadis

609 3541 963 3624 proqeniem
1009 3542 1074 3603 in
1116 3540 1369 3604 vinculis
1401 3541 1666 3628 publicis
1711 3543 1962 3606 interire
2010 3558 2294 3616 QUONIAM
2332 3542 2659 3628 prohibere
2698 3553 2917 3629 posset.

707 3643 999 3709 Absurda
1041 3644 1232 3711 lectio
1281 3652 1376 3711 est
1416 3648 1728 3733 quoniam.
1776 3646 2033 3732 Repone
2073 3648 2239 3731 quod
2279 3649 2345 3711 in
2389 3646 2507 3712 tali
2547 3667 2614 3711 re
2654 3648 2781 3711 dici
2805 3646 2974 3711 solet:

618 3772 810 3834 quum
868 3750 1055 3835 (cum)
1112 3751 1437 3838 prohibere
1476 3765 1714 3840 posset,
1764 3750 1894 3827 ἐξὸν
1944 3758 2232 3827 κωλύειν,
2280 3761 2354 3816 ut
2401 3752 2469 3816 in
2520 3754 2807 3817 Miltiade
2854 3748 2976 3815 Vll.

619 3853 695 3918 5:
743 3867 1058 3919 accusatus
1102 3867 1191 3920 est
1232 3893 1311 3904 --
1350 3860 1518 3942 quod
1560 3882 1697 3922 cum
1743 3859 1995 3923 Parum
2039 3879 2397 3945 expuynare
2434 3871 2644 3945 posset
2691 3859 2845 3944 (ἐξὸν
2882 3859 2978 3929 τὴν

618 3959 818 4039 Ποὶρον
876 3960 1062 4044 ἑλεῖν)
1119 3961 1363 4046 insectis
1406 3963 1582 4027 rebus
1629 3966 2010 4029 discessisset.
2060 3970 2124 4028 et
2170 3965 2236 4027 in
2299 3964 2358 4026 T
2349 3965 2518 4029 imol.
2573 3964 2651 4029 ΙΙ.
2704 3968 2782 4029 2:
2830 3961 2979 4027 Dio·

618 4069 866 4153 nysium
910 4090 1043 4131 cum
1093 4068 1429 4153 interficere
1465 4082 1676 4156 posset
1720 4069 1937 4134 noluit.
1989 4076 2054 4134 et
2104 4070 2195 4135 sic
2244 4072 2481 4153 passim
2534 4069 2701 4154 apud
2748 4068 2917 4134 alios.

715 4281 951 4346 Cimon.
1014 4278 1093 4344 ΙΙ.
1146 4279 1216 4343 5:
1269 4279 1530 4368 Scyrum
1579 4318 1663 4330 -
1714 4283 2042 4368 vacuefecit
2087 4299 2396 4349 ssssSoRssS
2443 4296 2664 4348 veteres
2706 4283 2848 4346 urbe
2894 4283 2982 4344 in-

619 4384 872 4472 sulaque
916 4389 1078 4450 eiecit
1097 4432 1112 4462 ‚
1157 4409 1341 4471 aqros
1387 4388 1612 4452 civibus
1661 4390 1891 4454 divisit.
