3192 5017
1130 254 1863 340 mmouomoncms.
2555 274 2683 345 16⁸7

298 458 739 548 Depravatum
785 482 920 529 esse
962 461 1351 529 vocabulum
1397 461 1565 528 vidit
1610 461 2089 529 Baumeisterus
2102 510 2119 541 ‚
2167 462 2278 528 sed
2315 483 2442 530 non
2465 466 2679 553 magis

299 567 593 656 intellegi
641 574 848 654 potest
894 568 1063 653 quod
1099 567 1328 633 leniter
1376 586 1525 632 sane
1574 570 1856 654 reposuit
1901 570 2450 650 καλαμοςρεφέων.
2536 570 2680 637 Nisi

298 672 486 740 fallor
504 721 520 752 ,
566 676 747 739 tenui
793 673 1040 740 calamo
1084 693 1304 739 mures
1347 672 1577 739 loricas
1627 676 1945 740 consuisse
1993 674 2241 740 dixerat
2288 681 2495 760 poeta.

657 777 938 860 θώρηκας
985 780 1040 844 δ’
1091 774 1262 861 εἶχον
1310 777 1892 860 καλαμοΡΡΑφέων
1939 778 2066 844 άπὸ
2113 779 2373 862 βυρσῶν.

390 886 623 953 Editur
663 907 759 954 vs.
815 887 935 951 151
990 906 1117 971 sq.:

661 989 858 1057 οὕτω
909 993 1035 1071 γάρ
1084 989 1415 1068 πνίξαντες
1464 993 1723 1061 ἐκείνους
1770 993 1910 1064 τοὺς
1959 991 2360 1070 άκολύμβους

659 1099 929 1176 etiamen
974 1094 1263 1173 εὐθύμως
1311 1098 1382 1163 τὸ
1427 1097 1757 1174 avons-dnos
1804 1093 1945 1162 ὦδε
1994 1097 2303 1179 τρόπαιον.

297 1201 424 1268 Pro
470 1197 580 1268 ὧδε
630 1202 815 1270 malit
862 1202 1091 1288 aliquis
1137 1199 1318 1268 ὦκα.
1413 1203 1537 1269 Sed
1582 1203 1732 1268 vide
1778 1224 1938 1289 quae
1984 1204 2150 1269 infra
2194 1205 2483 1271 monebo.
2607 1194 2613 1198 ⁴

389 1307 495 1374 Vs.
545 1307 679 1373 204
726 1309 847 1374 κὰδ
893 1308 947 1374 δ’
995 1308 1284 1374 ἔπεσεν
1329 1312 1589 1386 πρηνής,
1641 1309 1907 1378 drusae
1954 1308 2007 1373 δ’
2055 1310 2317 1376 ἑκόνισεν
2365 1309 2631 1391 ἐθείρας.

296 1413 465 1490 Quia
509 1414 765 1480 litterae
813 1424 918 1479 ΠΡ
970 1414 1215 1479 faciunt
1253 1416 1635 1499 positionem
1656 1460 1673 1489 ‚
1714 1417 1960 1480 abiecta
1995 1413 2212 1481 littera
2251 1414 2681 1502 ephelcystica

294 1520 613 1586 edendum
660 1520 868 1586 fuerat
912 1520 1122 1585 ἔπεσε.

386 1624 488 1691 Vs.
559 1624 691 1693 248
753 1624 1106 1691 άνεδύσΛτο
1168 1644 1282 1710 pro
1345 1624 1698 1690 ἀνεδύσετο
1746 1645 1880 1691 esse
1925 1629 2154 1711 potest·
2180 1624 2427 1692 librarii
2474 1648 2675 1704 error,

294 1751 444 1796 cum
491 1732 862 1816 praesertim
909 1730 1073 1795 infra
1118 1750 1214 1796 vs.
1262 1727 1395 1794 298
1442 1737 1612 1795 recte
1648 1729 1906 1817 legatur
1942 1730 2210 1795 ἐδύσετο
2249 1731 2302 1796 δ’
2343 1730 2505 1806 ἥλιος
2546 1733 2677 1808 ἤδη.

386 1834 490 1901 Vs.
541 1834 674 1901 255
721 1838 788 1901 in
834 1855 1088 1923 pugnae
1135 1835 1553 1919 descriptione
1596 1837 1796 1922 vulgo
1839 1835 2177 1901 scribitur:

474 1946 584 2007 τοῦ
633 1942 685 2006 δ’
735 1939 936 2019 ἔβαλε
982 1938 1369 2021 τρυφάλειαν
1417 1941 1715 2018 ἀμύμονα
1762 1941 1896 2005 καὶ
1946 1941 2504 2024 τετράχυτρον

476 2046 596 2118 δῖος
645 2046 1014 2125 Ὀριγανίων
1060 2045 1436 2123 μιμούμενος
1487 2046 1675 2110 αὐτὸν
1716 2050 1944 2126 Ἀρηα.

290 2151 700 2219 Novissimus
777 2152 1010 2229 editor,
1076 2151 1479 2238 distinguens
1549 2151 1964 2239 hypostigme
2031 2168 2175 2238 pom
2243 2154 2634 2234 τρυφάλειαν
2656 2208 2672 2236 ,

295 2257 505 2324 dedit:

1013 2362 1293 2440 άμύνονα
1342 2363 1446 2429 καὶ
1497 2365 1955 2445 Τετράχυτρον.

290 2467 383 2534 At
429 2490 656 2555 parum
704 2468 1030 2555 probabile
1077 2470 1197 2534 hoc
1245 2475 1342 2534 est
1389 2471 1595 2535 muris
1641 2490 1906 2547 nomen,
1952 2468 2225 2537 mirifica
2262 2492 2410 2539 vero
2448 2475 2513 2538 in
2553 2475 2673 2542 hoc

290 2577 497 2661 poesis
536 2595 768 2662 genere
814 2576 1104 2639 traiectio
1151 2572 1418 2658 copulae
1436 2620 1453 2649 ‚
1504 2594 1618 2639 nec
1663 2576 1820 2640 satis
1865 2579 2035 2639 recte
2082 2594 2117 2639 e
2163 2581 2548 2664 praegressis
2593 2580 2674 2648 ad

288 2678 747 2768 Origanionem
792 2683 1008 2744 mente
1056 2684 1303 2763 repetas
1350 2677 1560 2744 solum
1610 2678 1879 2744 verbum
1930 2676 2150 2755 ἔβαλε.
2200 2679 2463 2746 Rectius
2503 2682 2672 2750 Bau-

291 2787 629 2851 meisterus
689 2783 1067 2850 mendosum
1130 2804 1263 2849 esse
1321 2781 1643 2849 intellexit
1688 2781 2105 2862 τετράχυτρον
2153 2784 2410 2869 (optimi
2457 2810 2672 2868 τετρα-

289 2893 564 2975 χητρον),
619 2890 728 2955 sed
786 2909 1016 2974 parum
1079 2887 1318 2955 arridet
1377 2890 1515 2954 eius
1575 2890 1937 2954 coniectura
1996 2889 2416 2970 τετράχαιτον
2437 2940 2454 2964 ,
2502 2893 2668 2977 quod

290 3000 401 3062 vix
448 2994 806 3084 significare
852 2997 1065 3081 potuit
1111 3001 1365 3080 quatuor
1411 2994 1616 3059 cristis
1659 3005 1954 3078 ornatam,
1993 3015 2109 3060 nee
2148 2995 2340 3061 ferret
2378 2996 2669 3064 additam

293 3102 608 3189 copulam.
659 3100 831 3167 Mihi
870 3120 994 3169 non
1043 3098 1407 3186 displiceat:

518 3211 626 3273 τοῦ
674 3206 728 3271 δ’
777 3204 977 3284 ἔβαλε
1020 3206 1413 3287 τρυφάλειαν
1459 3207 1758 3284 ἀμύμονα
1806 3206 2465 3288 τετραφάληρον.

293 3312 593 3381 Ceterum
656 3318 803 3379 ante
864 3311 981 3378 hos
1032 3332 1248 3379 versus
1295 3312 1634 3379 statuenda
1677 3319 1776 3377 est
1820 3311 2080 3390 lacuna,
2130 3317 2282 3400 quia
2326 3335 2674 3400 pronomen

292 3423 399 3484 τοῦ
444 3419 663 3484 referri
709 3421 931 3505 nequit
976 3418 1052 3485 ad
1101 3418 1481 3484 Prassaeum
1502 3466 1519 3494 ‚
1570 3417 1649 3483 de
1696 3438 1820 3503 quo
1867 3438 2075 3484 sermo
2120 3418 2192 3485 fit
2236 3422 2304 3485 in
2349 3442 2675 3511 praegres-

293 3527 397 3590 sis.
506 3524 676 3590 Nam
749 3522 1097 3613 Origanion
1119 3574 1134 3600 ,
1204 3527 1339 3608 ipse
1409 3544 1560 3590 rana
1580 3571 1596 3600 ,
1668 3523 2045 3590 Prassaeum
2113 3546 2335 3592 ranam
2403 3530 2674 3616 aggredi

291 3632 667 3715 neutiquam
726 3630 958 3716 potuit.
1061 3629 1199 3711 Quo
1260 3634 1446 3715 pacto
1512 3630 2019 3695 turbatissimum
2081 3652 2333 3719 pugnae
2403 3633 2675 3719 descrip-

292 3740 531 3803 tionem
600 3743 746 3802 ante
814 3734 1017 3811 hunc,
1089 3735 1166 3802 de
1231 3755 1356 3821 quo
1428 3738 1717 3822 egimus,
1765 3734 1977 3801 locum
2018 3737 2084 3801 in
2123 3740 2446 3825 integrum
2487 3743 2675 3805 resti-

292 3850 471 3908 tuere
533 3849 793 3907 conatus
852 3844 939 3906 sit
997 3839 1408 3907 Draheimius
1469 3841 1707 3908 videsis
1771 3842 1939 3926 apud
1995 3844 2204 3926 ipsum
2256 3863 2403 3930 pag.
2453 3841 2540 3909 29
2578 3865 2671 3930 sq.

292 3959 359 4017 et
401 3949 715 4014 admirare
759 3967 1017 4014 mecum
1067 3949 1426 4014 acutissimi
1472 3949 1596 4013 viri
1646 3950 2085 4035 sagacitatem.

385 4052 626 4119 Pendet
695 4074 733 4119 a
797 4053 1036 4119 iudicio
1098 4053 1174 4118 de
1234 4062 1456 4138 poetae
1519 4058 1756 4130 aetate,
1825 4058 2043 4118 utrum
2100 4052 2226 4139 ipsi
2269 4074 2350 4119 an
2396 4054 2674 4122 librariis

292 4159 508 4226 deberi
575 4162 1024 4225 existimemus
1086 4159 1355 4224 formam
1423 4161 1779 4243 sequiorem
1844 4155 2134 4238 ἕξύφανα
2196 4179 2390 4244 quam
2445 4162 2673 4247 optimi

292 4266 443 4331 libri
510 4265 813 4331 exhibent
874 4286 971 4331 vs.
1029 4262 1159 4331 182
1205 4268 1270 4329 et
1314 4284 1535 4331 omnes
1585 4263 1690 4350 (sc.
1745 4260 1986 4350 ὕφανα)
2037 4285 2130 4331 vs.
2186 4264 2335 4344 186,
2383 4287 2496 4353 pro
2543 4265 2676 4345 ἐξύ-

295 4377 469 4456 φηυα
520 4368 807 4460 (ὕφηνα).
