3192 5017
1186 328 1566 383 mammos.
2452 313 2587 381 293

292 499 377 566 46
442 501 521 567 D.
587 503 660 569 Ε.
728 504 884 582 λέγε
947 502 1020 580 δὴ
1085 506 1202 578 τοὶς
1267 506 1381 582 μὲν
1431 501 1612 592 [ὅταν
1662 508 1909 581 πλείους
1964 512 2164 574 λῦπαι
2212 510 2328 572 τῶν
2377 508 2588 584 ἡδονῶν

199 608 573 695 γίγνωνται]
645 611 764 684 τοὶς
826 619 938 685 τῆς
999 614 1209 693 ψώρας
1273 610 1625 690 λεγομένας
1690 619 1789 678 νῦν
1852 615 1921 690 δὴ
1986 616 2227 687 ταύτας
2278 611 2430 679 εἶναι
2478 615 2583 680 καὶ

199 714 317 786 τὰς
384 717 501 780 τῶν
549 722 1030 796 γαργαλισμῶν.
1125 717 1196 785 Si
1242 719 1398 784 haec
1445 722 1800 805 scripsisset
1846 721 2055 798 Plato,
2104 723 2416 807 posuisset
2470 720 2593 787 sal·

199 824 329 886 tom
394 820 580 889 ὁπότε
644 824 1012 910 γίγνονται,
1073 846 1276 911 neque
1344 825 1587 899 ταύτας
1661 828 2093 904 adhibuisset3
2162 828 2270 893 sed
2340 827 2584 900 ταύτας

199 927 280 993 ad
327 930 552 998 verba:
604 932 670 995 α]
717 934 830 1008 μὲν
882 930 949 1008 ἐξ
993 931 1134 997 ἴσων
1182 939 1387 998 λυπῶν
1436 956 1506 996 τε
1549 933 1654 997 καὶ
1699 934 1907 1007 ἡδονῶν
1947 934 2373 1012 referendum3
2419 934 2588 1019 quod

197 1036 253 1099 si
300 1056 462 1121 quae
508 1059 676 1102 nunc
724 1037 955 1105 seclusi
1003 1042 1431 1116 retineantur,
1481 1042 1731 1124 primus
1779 1040 2039 1106 affectus
2086 1040 2155 1117 ἐξ
2201 1041 2342 1105 ἴσων
2382 1047 2589 1105 λυπῶν

196 1121 267 1205 τε
315 1141 420 1205 καὶ
470 1142 682 1218 ἡδονῶν
729 1165 1043 1230 nusquam
1094 1152 1631 1211 commemoratus
1678 1147 1889 1211 tuerit.
1983 1145 2106 1212 Sed
2152 1168 2267 1213 nec
2313 1147 2430 1218 τὰς
2473 1149 2585 1223 μὲν

197 1245 324 1312 alio
384 1248 601 1314 referri
665 1256 872 1334 potest
921 1251 1045 1317 nisi
1095 1251 1173 1316 ad
1220 1253 1496 1336 primam
1547 1251 1731 1317 illam
1778 1252 1948 1327 μῖξιν
1996 1259 2059 1318 et
2104 1255 2586 1331 γαργαλισμοὺς

197 1353 278 1419 ad
341 1354 596 1420 nullum
654 1356 829 1423 aliud
876 1379 1078 1445 genus
1128 1360 1441 1444 pertinere
1491 1358 1896 1423 manifestum
1946 1365 2060 1425 est.
2155 1360 2311 1425 Post
2356 1359 2589 1425 ὁπόταν

204 1460 260 1523 δ’
309 1460 473 1533 ἐντός
524 1460 786 1528 alterius
834 1467 1086 1550 generis
1134 1464 1498 1549 exemplum
1548 1465 1827 1543 affertur,
1877 1468 1943 1531 in
1992 1487 2117 1552 quo
2156 1466 2333 1533 dolor
2371 1467 2593 1554 volup·

205 1572 403 1633 tatem
492 1574 768 1653 superat.
879 1568 1211 1636 Postremo
1297 1571 1580 1636 eiusdem
1656 1576 1907 1659 generis
1975 1572 2149 1639 aliud
2222 1574 2588 1659 exemplum

203 1675 610 1758 proponitur,
676 1675 782 1741 sed
833 1676 945 1740 ubi
994 1675 1343 1761 voluptatis
1390 1681 1532 1761 plus
1581 1699 1772 1762 quam
1822 1678 2056 1744 doloris
2101 1681 2298 1755 inest,
2348 1679 2594 1746 scilicet

197 1780 268 1843 in
318 1778 485 1857 illis,
534 1782 742 1846 οὐκοῦν
788 1781 1020 1847 ὁπόταν
1070 1778 1151 1848 αὖ
1198 1784 1425 1846 πλείων
1473 1784 1644 1858 ἡδονή
1686 1785 1792 1847 κτὲ
1836 1788 2007 1869 (quis
2044 1789 2292 1869 primus
2333 1784 2412 1851 αὖ
2450 1796 2592 1871 post

203 1884 438 1950 ὁπόταν
489 1888 540 1951 δ’
588 1888 920 1954 secluserit
966 1890 1209 1965 nescio,
1260 1889 1378 1953 hoc
1425 1897 1592 1955 certe
1642 1892 1772 1955 scio
1820 1912 1922 1955 me
1970 1893 2231 1957 uncinos
2268 1914 2595 1958 removere

201 1992 540 2078 debuisse).
593 1992 715 2059 Sed
757 1999 1093 2079 postquam
1135 1998 1350 2060 omnia
1384 2016 1544 2080 quae
1585 1995 1663 2061 de
1704 1997 1940 2062 morbis
1980 1997 2245 2063 dicenda
2283 1997 2593 2064 habuerat

201 2098 513 2183 absolvit,
586 2100 818 2165 adiecit
889 2102 1054 2187 quod
1125 2108 1199 2166 ut
1265 2122 1432 2167 nuno
1502 2102 1746 2190 legitur
1806 2102 2225 2168 falsissimum
2290 2116 2418 2170 est:
2486 2106 2589 2170 καὶ

205 2207 449 2275 ταύτας
514 2231 595 2283 γε
659 2205 727 2279 δὴ
779 2196 1202 2272 Ιοϊι«ἰνταὶτι·αο·ιν
1264 2210 1361 2272 ἀεὶ
1432 2208 1803 2286 μεταδιώκει
1861 2206 1976 2289 ὅσῳ
2025 2209 2101 2273 ἂν
2146 2211 2591 2288 ακολαςότερός

199 2335 270 2377 τε
319 2312 423 2376 καὶ
472 2312 866 2392 ἄφρονές-ερας
918 2313 994 2378 ὢν
1034 2313 1349 2393 τυγχάνῃ.
1447 2312 1582 2379 Iam
1635 2315 1880 2399 pridem
1922 2319 2141 2380 monui
2183 2317 2592 2382 παντάπασιν

202 2440 319 2485 nec
367 2441 517 2484 cum
563 2420 664 2484 ἀεί
709 2441 823 2485 nec
870 2442 1016 2485 cum
1068 2420 1196 2485 alia
1241 2422 1467 2505 quavis
1514 2441 1667 2486 voce
1713 2424 1853 2505 capi
1904 2442 2100 2506 posse.
2155 2422 2346 2497 Deest
2394 2425 2584 2490 etiam

200 2552 297 2598 τις
361 2526 458 2592 vel
524 2525 738 2590 simile
793 2527 966 2611 quid.
1061 2525 1248 2589 Nunc
1306 2526 1566 2590 demum
1632 2527 1816 2591 video
1863 2526 2225 2593 lacunosum
2273 2550 2409 2594 esse
2456 2551 2596 2595 ora-

199 2636 478 2708 tionem,
544 2653 736 2716 quam
801 2631 931 2697 fere
994 2631 1161 2695 huno
1224 2631 1301 2695 ad
1363 2612 1628 2696 modum
1677 2632 2150 2717 suppleverim:
2194 2636 2298 2697 καὶ
2347 2638 2592 2707 ταύτας

199 2763 282 2817 γε
327 2739 397 2813 δὴ
445 2736 854 2801 παντάπασιν
895 2737 1131 2822 (ὁμοίας
1175 2732 1326 2800 εἶναι
1368 2735 1605 2817 Φατέον
1645 2737 1901 2808 ἐκείναις
1945 2731 2019 2807 ἃς
2060 2740 2176 2801 τῶν
2218 2741 2592 2822 ἀσχημόνων

199 2848 332 2913 πῶς
393 2846 511 2927 τις)
562 2844 658 2907 ἀεὶ
709 2841 1078 2919 μεταδιώκει
1127 2842 1254 2907 κτέ.
1311 2841 1491 2927 (Post
1537 2841 1652 2923 ὅσῳ
1699 2846 1767 2908 in
1814 2843 2154 2910 Clarkiano
2202 2846 2279 2909 ἂν
2324 2868 2449 2912 non
2496 2851 2589 2913 in-

201 2954 495 3026 venitur,
544 2970 738 3034 quare
792 2948 1270 3033 praeferendum
1318 2948 1573 3015 videtur
1621 2944 1736 3027 ὅσῳ
1792 2987 1877 2997 -
1928 2951 2003 3014 ὢν
2047 2951 2441 3033 τυγχάνει)
2510 2954 2587 3019 In

199 3056 612 3139 sequentibus
680 3055 891 3119 πάντα
962 3056 1046 3118 τοὶ
1119 3053 1553 3130 συμβαίνοντα
1622 3054 1981 3133 διεπέρανας
2045 3061 2200 3121 satis
2259 3062 2589 3143 perspicua

189 3168 382 3238 sunt,
445 3161 553 3227 sed
620 3181 745 3247 qua
809 3161 1052 3227 ratione
1114 3166 1320 3225 cetera
1384 3163 1618 3248 corrig-i
1666 3168 1951 3245 oporteat
1997 3163 2229 3229 frustra
2277 3169 2583 3250 quaesivi.

197 3268 326 3334 Sed
373 3270 438 3332 in
486 3269 778 3353 proximo
826 3265 1105 3333 Socratis
1155 3286 1448 3351 responso
1489 3267 1708 3334 videor
1753 3267 1915 3332 mihi
1958 3270 2209 3335 tandem
2253 3272 2590 3357 aliquando

198 3379 439 3441 certam
506 3373 863 3461 corrigendi
927 3374 1098 3439 viam
1163 3375 1529 3458 repperisse.
1626 3373 1783 3438 Dele
1844 3382 1959 3438 τῶν
2023 3376 2316 3450 ἐπιπολῆς
2364 3404 2432 3444 τε
2483 3382 2586 3445 καὶ

199 3481 376 3551 ἐκτὸς
425 3480 850 3560 κερασθέντων.
899 3478 1122 3564 Neque
1172 3479 1342 3545 enim
1389 3482 1692 3546 interiora
1739 3501 1885 3546 cum
1931 3487 2206 3548 externis
2247 3488 2593 3552 miscentur

197 3588 313 3654 sed
383 3592 627 3650 mimam
698 3610 824 3650 oum
895 3588 1100 3652 dolore
1161 3588 1514 3669 voluptatem
1575 3588 1879 3670 praebent.
1977 3587 2155 3656 Tunc
2219 3594 2589 3679 legendum:

199 3694 339 3767 περ)
408 3691 470 3757 δὲ
531 3698 647 3758 τῶν
694 3688 737 3758 ἃ
787 3694 969 3774 ψυχὴ
1019 3691 1198 3770 σῶμα
1249 3694 1309 3757 τ’
1357 3692 1604 3757 ἐναντία
1649 3691 2248 3770 ξυμβάλλετον.
2347 3698 2590 3765 Deinde

200 3799 344 3865 dele
392 3796 472 3865 αὖ
519 3799 685 3885 quod
733 3821 812 3863 ex
861 3800 1271 3884 praecedente
1312 3796 1587 3864 ὅπότΛΝ
1631 3805 1843 3864 ortum
1882 3806 2013 3872 est.
2056 3808 2121 3867 et
2159 3802 2329 3890 lege:
2379 3810 2587 3869 ταῦτα

200 3905 292 3979 δὴ
355 3903 500 3969 τότε
544 3905 659 3982 μὲν
708 3906 875 3989 [οὐκ]
922 3904 1438 3984 ἐμαρτυραμεθα,
1491 3911 1589 3969 νῦν
1638 3906 1701 3971 δὲ
1748 3907 2017 3984 λέγομεν
2063 3910 2138 3978 ὥς
2188 3910 2315 3973 κτὲ.

295 4012 534 4076 Partem
600 4011 862 4097 aliquam
931 4010 1091 4096 (scil.
1149 4011 1226 4076 de
1288 4011 1530 4076 κενώσει
1591 4017 1656 4076 et
1719 4012 1796 4077 de
1856 4015 2213 4091 πληρώσεως
2267 4017 2587 4103 ἐπιθυμία)

198 4120 333 4184 iam
391 4117 852 4202 explicaverat3
914 4137 1081 4182 nunc
1143 4116 1365 4182 adiicit
1433 4118 1518 4202 (ἐν
1578 4121 1775 4182 πᾶσι
1842 4120 2103 4196 τούτοις)
2158 4124 2405 4204 quoties
2453 4144 2585 4187 cor-

199 4225 375 4312 poris
421 4229 486 4289 et
532 4225 732 4289 animi
782 4223 1019 4289 diversi
1062 4228 1212 4287 sunt
1258 4223 1550 4297 affectus,
1603 4224 1865 4288 eandem
1916 4223 2049 4290 fieri
2095 4228 2491 4294 mixtionem.

297 4441 460 4507 Ibid.
526 4440 613 4506 48
681 4439 754 4508 Ο.
821 4441 900 4506 D.
972 4440 1268 4506 confusae
1336 4445 1485 4505 sunt
1554 4456 1890 4525 personae:
1961 4439 2104 4527 lege
2174 4482 2243 4490 -ω
2311 4454 2453 4515 111²:
2518 4451 2585 4518 τὸ
