3192 5017
555 265 688 337 1¹72
1369 287 1448 338 ns
1455 286 2114 341 moltonnum.

550 458 769 527 Hiadis
826 458 1154 544 pax-odiam
1219 461 1556 545 antiquum
1619 481 1849 547 poema
1862 509 1881 539 ,
1928 482 2196 551 pergam
2241 465 2311 527 in
2357 459 2800 527 enumerandis
2838 456 2906 522 iis

554 586 717 652 quae
773 566 841 630 in
902 564 1191 631 versibus
1251 568 1421 631 sanis
1483 571 1547 632 et
1591 567 1887 654 genuinis
1933 566 2258 634 offensioni
2308 567 2516 633 forent
2558 566 2626 631 in
2673 567 2908 649 antiquo

552 676 742 757 poeta
756 717 775 748 ‚
823 672 892 736 in
937 671 1178 736 receuti
1222 690 1372 737 vero
1417 676 1736 757 poetastro
1781 693 1980 758 aequo
2027 675 2243 739 animo
2282 671 2539 739 ferenda
2575 676 2745 738 sunt.
2791 668 2908 749 Quo

553 776 817 846 oonsilio
861 796 1090 863 poema
1135 775 1353 843 ordine
1396 798 1781 864 percurram.

641 884 717 949 V.
772 883 804 947 1
884 880 1259 963 Ἀρχόμενος
1309 889 1540 962 πρῶτον
1588 887 1921 950 Μουσῶν
1967 884 2149 968 χορὸν
2195 884 2280 964 ἐξ
2324 887 2752 954 Ἑλικῶνος

885 990 1153 1055 ἐλθεῖν
1201 990 1316 1061 εἰς
1364 990 1555 1065 ἐμὸν
1605 987 1787 1071 ἦτορ
1835 990 2206 1072 ἐπεύχομαι.

644 1096 781 1162 Nee
837 1095 1064 1183 Pigres
1122 1097 1533 1161 invocaturus
1577 1097 1787 1162 fuerat
1829 1116 2006 1163 more
2053 1097 2370 1164 Hesiodeo
2416 1097 2641 1164 Musas
2687 1096 2912 1160 Heum-

552 1210 722 1287 m’as,
792 1221 996 1287 neque
1057 1200 1223 1266 alius
1284 1202 1622 1286 quisquam
1684 1207 1871 1286 poeta
1932 1206 2231 1288 antiquus
2285 1203 2622 1270 Musarum
2669 1203 2914 1268 chorum

553 1308 820 1375 dixisset
886 1327 1000 1392 pro
1068 1307 1402 1373 Musarum
1474 1309 1905 1392 inspiratione.
2001 1307 2178 1375 Haec
2246 1312 2419 1376 enim
2489 1306 2917 1375 tantummodo

554 1417 683 1483 diei
743 1418 991 1500 poterat
1051 1413 1245 1478 ἐλθεῖν
1306 1412 1391 1485 εἰς
1445 1450 1527 1462 -
1579 1410 1739 1492 ἦτορ.
1837 1413 2174 1481 Praeterea
2235 1421 2419 1482 vetus
2475 1420 2664 1500 poeta
2726 1413 2918 1479 Ionios

556 1521 836 1589 scribens
898 1518 1171 1585 dedisset
1232 1517 1545 1584 Μουσέων.
1640 1518 1878 1585 Verum
1926 1521 2019 1586 sie
2061 1522 2185 1586 iste
2231 1520 2409 1587 solet.
2505 1517 2613 1586 Sic
2661 1515 2791 1584 127
2835 1522 2919 1582 est

553 1627 824 1708 βυρσῶν,
900 1624 1032 1691 163
1094 1623 1422 1705 κραμβῶν,
1498 1623 1629 1690 185
1691 1632 1993 1708 κοχλιῶν,
2060 1625 2186 1691 101
2251 1625 2468 1704 μοίρας
2527 1645 2644 1711 pro
2687 1624 2917 1703 μοίρης,

554 1732 642 1801 82
689 1730 894 1813 ὅραμα
910 1779 927 1809 ,
979 1730 1126 1797 alia.

640 1839 727 1906 V.
780 1837 860 1903 11
934 1837 1038 1902 τὸν
1101 1836 1166 1903 δὶ
1226 1834 1535 1903 κατεῖδεν.
1628 1837 1706 1903 In
1766 1838 1946 1923 epioo
2011 1857 2299 1904 sermone
2357 1839 2617 1917 καθορᾶν
2676 1843 2776 1902 est
2833 1838 2919 1900 de·

549 1969 793 2033 epncere.

642 2052 719 2120 V.
775 2050 858 2116 12
930 2052 1071 2121 ἔπος
1121 2048 1175 2113 δ’
1220 2046 1590 2129 ἐφθέγξατο
1636 2056 1809 2115 τοῖον.
1863 2047 1970 2114 Sic
2021 2048 2148 2114 138
2195 2055 2291 2116 est
2336 2045 2472 2115 εἶπέ
2513 2074 2584 2115 τε
2632 2059 2802 2128 τοῖα,
2843 2045 2920 2113 92

552 2160 747 2230 τοίους
802 2152 1177 2238 ἐφθέγξατο
1223 2154 1470 2233 μύθους.
1560 2153 1704 2220 Hae
1748 2154 2061 2221 formulae
2105 2157 2315 2243 magis
2361 2157 2619 2241 sapiunt
2664 2155 2922 2221 Alexan·

552 2267 766 2332 drinos
786 2312 801 2340 ,
874 2259 1055 2329 velut
1118 2258 1529 2345 Apollonium
1587 2257 1913 2325 Rhodium
1935 2308 1951 2338 ,
2016 2262 2199 2325 euius
2260 2262 2338 2327 cf.
2401 2259 2643 2348 Argon.
2692 2261 2730 2325 1
2777 2259 2919 2339 350,

551 2369 708 2455 699,
756 2368 861 2446 al„
910 2387 1100 2452 quam
1149 2364 1509 2431 Homerum
1554 2370 1925 2451 veteresque
1971 2367 2200 2450 epicos.

821 2581 930 2646 καί
972 2603 1055 2656 με
1105 2580 1310 2658 πατὴρ
1357 2578 1602 2651 Πηλεὺς
1650 2576 2219 2663 ἀνεθρέψατο,
2262 2579 2701 2659 ’Ὑδρομεδούοᾞ

814 2683 1080 2767 μιχθεὶς
1128 2685 1188 2749 ἐν
1234 2683 1530 2764 φιλότητι
1581 2684 1729 2764 παρ’
1777 2681 1986 2764 ὄχθας
2041 2684 2394 2764 Ἠριδανοῖο.

545 2794 739 2862 Verbi
801 2792 997 2858 medii
1058 2790 1167 2856 hie
1222 2811 1376 2856 usus
1434 2795 1532 2855 est
1586 2790 1905 2867 novitius;
1954 2789 2196 2878 legitur
2236 2789 2406 2876 apud
2450 2792 2821 2877 Appianum
2865 2798 2921 2856 et

541 2899 999 2968 Herodianum.
1096 2893 1398 2962 Ceterum
1447 2896 1604 2960 satis
1650 2893 1858 2978 lepide
1906 2915 2205 2961 ranarum
2252 2916 2361 2962 rex
2410 2894 2919 2984 Physignathus.

544 3008 708 3075 alter
750 3002 1043 3070 Achilles
1063 3049 1079 3079 ‚
1131 3023 1198 3068 se
1246 3005 1431 3067 vocat
1476 2999 1657 3066 Pelei
1703 3005 1768 3065 et
1813 2998 2338 3087 Hydromeduses
2383 3002 2457 3087 (i.
2502 3023 2560 3068 e.
2610 3000 2917 3085 Thetidis)

538 3113 771 3181 filium.

630 3219 688 3286 V
735 3218 822 3284 25
884 3217 1072 3282 τίπτε
1131 3214 1308 3294 γένος
1373 3212 1600 3290 τούμὸν
1662 3213 1969 3296 ζητεῖςς
2039 3214 2164 3281 Pro
2211 3215 2416 3297 ζητεῖς
2463 3217 2714 3302 epicum
2764 3215 2920 3281 foret

545 3326 848 3409 Ipeelvuc,
913 3324 1205 3389 Atticum
1267 3321 1514 3404 ἐρωτᾷς.
1582 3318 1716 3385 Nee
1776 3322 1843 3385 in
1902 3323 2081 3406 epico
2142 3327 2329 3407 poeta
2371 3321 2698 3388 ferendum
2749 3321 2918 3400 γένος

539 3430 796 3512 τούμόν.

632 3538 710 3606 V.
757 3535 846 3603 25
1843 3533 2022 3608 δῆλον
2070 3533 2123 3598 δ’
2170 3536 2231 3600 ἐν
2275 3532 2514 3601 ἅπασιν

773 3639 1112 3723 ἀνθρώποις
1162 3664 1233 3705 τε
1279 3637 1446 3711 θεοῖς
1493 3664 1580 3704 τε
1629 3639 1764 3703 καὶ
1812 3640 2217 3721 οὐρανίοις
2265 3647 2720 3714 πετεηνοῖς.

540 3752 793 3819 ffltima
837 3748 1031 3814 verba
1077 3746 1157 3812 ad
1205 3745 1592 3831 explendum
1642 3765 1898 3812 versum
1961 3746 2387 3834 incogitanter
2452 3746 2722 3812 adiecta.
2793 3744 2917 3813 cur

543 3860 714 3927 enim
768 3856 983 3941 potius
1032 3853 1261 3919 avibus
1314 3871 1503 3937 quam
1552 3850 1958 3918 terrestribus
2005 3851 2416 3929 animalibus,
2469 3851 2704 3918 felibus
2748 3872 2917 3938 prae·

542 3965 765 4033 sertim
814 3966 878 4027 et
933 3953 1272 4024 mustelis?

633 4068 712 4136 V.
761 4066 849 4134 2¹7
900 4062 1273 4145 Ψιχάρπαξ.
1322 4061 1817 4130 Substantivum
1863 4063 1983 4147 ψίξ
2007 4115 2022 4143 ,
2071 4065 2241 4131 unde
2283 4085 2514 4132 nomen
2562 4066 2916 4133 derivatum

542 4187 641 4245 est
655 4222 673 4254 ,
722 4193 846 4240 non
893 4170 1137 4258 legitur
1183 4171 1306 4235 nisi
1353 4169 1522 4254 apud
1568 4171 1907 4256 scriptores
1953 4191 2098 4238 aera
2138 4177 2354 4238 nostra
2398 4176 2788 4240 recentiores.

634 4279 720 4349 V.
771 4276 858 4344 34
2065 4275 2199 4342 οὐδέ
2246 4302 2328 4355 με
2377 4276 2560 4355 λήθει

927 4381 1109 4465 ἄρτος
1155 4381 1191 4447 δ
1207 4405 1226 4446 ι
1241 4405 1282 4448 ο·
1297 4407 1335 4448 κ
1357 4405 1386 4448 ο
1404 4405 1454 4448 π·
1470 4407 1514 4448 α
1532 4407 1563 4447 ν
1579 4407 1599 4448 ι
1619 4405 1659 4451 ς·
1675 4381 1703 4447 ὸ
1722 4406 1752 4454 ς
1799 4380 1915 4449 ἀπ’
1963 4384 2262 4451 εὐκύκλου
2308 4383 2560 4450 κανέοιο.
