3192 5017
1400 272 1762 323 nummum.
2737 248 2779 317 3

835 444 1116 527 χαίρειν,
1171 442 1460 521 Ἀθάνα,
1510 442 1701 509 τᾶλλ’
1753 443 1875 521 ἐγώ
1924 444 1988 508 σ’
2041 443 2336 527 ἐφίεμαι·

836 559 1027 619 κεῖνος
1077 551 1140 617 δὲ
1187 551 1344 617 τίσει
1387 550 1565 626 τήνδε
1619 551 1766 615 κούκ
1815 547 2018 625 ἄλλην
2059 550 2246 625 δίκην.

384 660 571 726 Dixit
635 659 712 724 de
773 679 845 725 eo
893 679 1013 723 usu
1046 655 1470 724 -Casaubonus
1516 655 1594 721 ad
1643 654 2055 721 Theocritum
2101 655 2240 721 XV.
2291 655 2365 733 3;
2416 658 2612 722 etiam
2656 655 2773 725 Co·

384 768 570 832 betus
616 767 685 830 in
730 763 969 829 Mnem.
1021 763 1097 829 V.
1143 763 1264 842 84;
1315 766 1452 849 ipse
1495 762 1623 828 alia
1663 762 1970 846 quaedam
2012 762 2156 827 dedi
2195 765 2263 827 in
2297 762 2536 829 Mnem.
2565 764 2769 830 XVII.

350 872 521 940 -367
571 878 635 938 et
685 870 822 937 fieri
867 876 1078 956 potest
1127 876 1199 935 ut
1248 869 1470 936 eadem
1519 868 1837 933 medicina
1885 868 2379 934 succurrendum
2426 871 2512 934 sit
2557 869 2771 937 Marco

390 982 457 1044 in
521 976 872 1065 Evangelio
941 975 979 1043 7
1047 999 1136 1043 vs.
1191 976 1230 1041 6
1281 982 1345 1041 et
1392 974 1466 1053 9,
1522 974 1634 1039 sed
1680 974 1758 1039 de
1806 995 1881 1039 ea
1927 977 2284 1060 suspicione
2329 995 2521 1061 penes
2566 974 2772 1042 'Pheo-

392 1084 574 1171 logos
620 1084 933 1149 iudicium
983 1088 1138 1149 esto,

481 1302 694 1390 Negat
756 1302 996 1369 Hector
1056 1302 1343 1368 Rhesum
1407 1322 1555 1368 cum
1605 1300 1858 1367 Achille
1906 1302 2209 1388 congredi
2257 1321 2457 1386 posse.
2530 1301 2772 1368 Tamen

389 1411 560 1474 fame
608 1415 736 1485 est,
787 1411 999 1494 iuquit
1049 1409 1334 1486 Rhesus,
1386 1430 1533 1474 eum
1580 1408 1834 1493 Trojam
1881 1409 2250 1495 navigasse:

799 1517 901 1579 καὶ
955 1516 1075 1593 μὴν
1122 1515 1304 1591 λόγος
1356 1513 1426 1592 γ’
1479 1509 1544 1588 ἦν
1592 1517 1669 1587 ὡς
1721 1513 1973 1578 ἔπλευσ’
2027 1515 2122 1578 ἐπ’
2165 1517 2374 1579 Ἴλιον.

394 1619 515 1686 Oui
561 1622 840 1700 Hector,
891 1644 983 1688 vs.
1036 1628 1132 1687 est
1181 1621 1350 1687 494:

934 1726 1199 1793 ἔπλευσε
1248 1729 1382 1792 καὶ
1434 1727 1815 1808 πάρες-ιν·
1864 1728 2039 1792 ἀλλὰ
2090 1728 2313 1804 μηνίων

936 1834 1429 1914 ςρατηλσὶταισιν
1477 1836 1541 1899 οὐ
1591 1833 1941 1911 ‹favaim-as
1990 1831 2142 1911 δόρυ.

395 1939 559 2006 Mire
621 1940 929 2027 languent
984 1941 1102 2006 illa
1148 1941 1252 2005 καὶ
1302 1940 1579 2021 πάρες-ιν.
1675 1940 1840 2020 Quid
1888 1942 2206 2025 requiram
2258 1939 2500 2005 efficere
2547 1944 2782 2026 poteris

398 2066 475 2111 ex
545 2048 742 2131 copiis
810 2045 1172 2112 Blomfieldi
1241 2047 1318 2112 ad
1387 2044 1619 2111 Aesch.
1691 2046 1923 2134 Agam.
1996 2068 2090 2111 vs.
2159 2045 2244 2110 66
2309 2053 2372 2111 et
2437 2043 2663 2112 Cobeti
2710 2052 2777 2113 in
2847 2052 2852 2057 ’

398 2150 636 2215 Mnem.
687 2151 827 2217 XV.
884 2149 947 2216 4.
995 2149 1344 2218 Continebo
1383 2173 1489 2217 me
1528 2155 1697 2217 intra
1731 2173 1933 2221 ‚unum
1981 2152 2350 2238 Euripi-Tem
2392 2152 2559 2238 apud
2584 2174 2776 2238 quem

398 2278 647 2322 mvem:

535 2362 706 2427 Med.
762 2361 970 2428 lOll:
1195 2366 1504 2443 ἤγγειλας
1556 2360 1640 2428 οἷ’
1692 2365 2037 2442 ἤγγειλας·
2087 2365 2218 2430 οὐδὲ
2266 2365 2628 2446 μέμφομαι.

535 2467 758 2534 Troad.
811 2465 978 2535 626:
1188 2468 1413 2535 ὄλωλεν
1458 2473 1534 2542 ὡς
1580 2470 1844 2555 ὄλωλεν,
1894 2469 2047 2535 ἀλλ’
2098 2468 2257 2547 ὅμως
2308 2472 2473 2548 ἐμοῦ.

462 2650 471 2661 ,
535 2571 739 2639 Orest.
791 2572 910 2640 79:
1190 2572 1442 2640 ἔπλευσ’
1489 2571 1648 2647 ὅπως
1700 2573 1977 2640 ἔπλευσα
2025 2578 2314 2651 θεομανεῖ
2356 2574 2599 2656 πότμῳ.

536 2678 769 2753 Electr.
819 2678 985 2745 289:
1186 2679 1430 2761 ἔκυρσεν
1478 2684 1554 2754 ὥς
1605 2680 1847 2762 ἔκυρσεν
1898 2680 2233 2758 ἐκβληθεὶς
2283 2681 2497 2759 δόμων.

542 2784 675 2869 Iph.
730 2784 916 2849 Taur.
973 2785 1132 2852 5¹75:
1187 2785 1411 2851 ὄλωλεν
1458 2789 1534 2859 ὥς
1583 2783 1776 2852 ὄλωλε
1822 2794 2012 2852 τοῖσιν
2057 2784 2295 2852 εἷδόσιν.

403 2889 612 2974 Atque
659 2890 879 2957 eodem
929 2892 1118 2980 modo
1164 2895 1231 2957 in
1281 2892 1489 2959 Rheso
1535 2894 1996 2978 rescripserim:

854 2994 1154 3063 ἔπλευσεν
1201 2999 1292 3069 ὥς
1341 2996 1787 3064 ἔπλευσεν·
1834 3000 2009 3065 ἄλλα
2057 2999 2282 3075 μηνίων

855 3102 1347 3181 ςρατηλοὶταισιν
1393 3105 1458 3169 οὐ
1506 3103 1854 3185 ξυναίρεται
1905 3105 2060 3184 δόρυ.

406 3208 765 3275 Nimirum:
854 3210 1038 3295 plura
1123 3213 1477 3295 percontari
1567 3210 1813 3287 desine,
1894 3232 2044 3276 nem
2115 3213 2440 3279 veneritne
2509 3212 2792 3279 Achilles

405 3336 629 3393 necne,
700 3319 912 3381 nostra
975 3315 1138 3380 nihil
1202 3317 1492 3393 interest:
1559 3316 1736 3383 sedet
1782 3319 1954 3382 enim
2004 3316 2179 3383 domi
2227 3319 2293 3381 in
2343 3320 2612 3384 tentorio
2658 3324 2789 3384 sto-

405 3422 762 3487 machosus.

494 3637 824 3703 Diomedis
871 3637 1081 3707 verba.
1109 3642 1257 3702 sunt
1305 3637 1383 3703 ad
1433 3632 1736 3724 Ulyssem
1788 3656 1875 3702 vs.
1931 3634 2097 3701 624:
2229 3714 2242 3719 ²

861 3744 986 3822 ἐγὼ
1033 3742 1349 3823 Φονεύσω,
1399 3742 2085 3820 πωλοδαμνήσεις
2135 3742 2197 3807 δὲ
2243 3746 2342 3809 σύ.

406 3848 670 3916 Malim:
722 3848 1389 3928 πωλοδαμνησον.

501 4063 851 4146 Postquam
899 4062 1196 4127 Paridem
1247 4063 1466 4148 procul
1513 4065 1878 4149 conspexit,
1921 4064 2266 4130 Diomedes
2308 4063 2662 4131 Minervam
2703 4064 2797 4130 ita

408 4170 762 4255 interrogat
808 4190 902 4234 vs.
955 4166 1121 4234 633:

824 4274 1032 4339 οὔκουν
1082 4273 1384 4354 ὑπάρχειν
1429 4273 1602 4342 τόνδε
1651 4303 1689 4342 κ
1706 4301 1749 4341 α
1766 4300 1806 4341 τ
1821 4274 1870 4340 θ
1888 4300 1931 4339 α
1948 4276 2072 4341 νόν
2089 4301 2125 4340 τ
2145 4299 2188 4339 α
2236 4276 2382 4357 χρή.

412 4378 535 4448 Oui
582 4380 698 4448 dea
742 4380 1110 4465 respondet:
