3192 5017
566 266 694 333 396
1432 335 1439 341 ,
1517 288 1993 342 amemus.

653 456 808 525 981.

799 568 1116 645 ’Ήλθομεν
1168 568 1511 646 Mydon-ouo
1558 566 1787 649 πέρας,
1841 568 2226 648 περικαλλέα
2274 576 2468 652 νῆσον,

799 674 1022 746 Ἴσιδος
1074 674 1351 755 Ἰναχίης
1404 683 1603 752 γαῖαν
1651 674 2016 754 ἐποψόμενοι

806 781 912 845 καὶ
962 782 1191 848 Νείλου
1235 781 1404 860 βαθὺ
1452 786 1714 864 χεῦμα,
1763 776 1823 852 ὃς
1877 780 2200 859 Αἴγυπτον
2247 780 2596 860 πολύολβον

809 896 1252 953 AleNeToc
1299 886 1474 968 σώζει
1524 889 1827 967 Καίσαρος
1878 889 2226 968 εὐτυχίαις.

558 993 791 1059 Editur
840 995 971 1059 αἰὲν
1018 993 1148 1067 ἔτος
1176 1044 1192 1072 ,
1245 1002 1309 1060 et
1355 993 1712 1079 explicatur
1756 994 2111 1079 quotannis,
2161 993 2328 1080 quod
2372 997 2464 1058 sie
2503 994 2631 1060 dici
2663 996 2910 1078 potuisse

558 1101 729 1167 haud
794 1100 980 1167 facile
1030 1101 1305 1167 adducar
1351 1106 1425 1165 ut
1473 1099 1748 1165 credam.
1844 1101 1977 1164 Aut
2022 1100 2321 1185 lapidarii
2367 1106 2480 1165 aut
2527 1100 2908 1166 describentis

556 1206 836 1292 lapidem
886 1229 1057 1273 error
1102 1229 1237 1274 esse
1285 1214 1441 1293 puto
1490 1226 1602 1291 pro
1641 1213 2062 1279 AIeNAoc‚
2106 1209 2243 1272 sive
2282 1205 2472 1272 malis
2529 1215 2910 1289 merle-oc,

558 1334 718 1399 quae
782 1314 1214 1380 semibarbara
1272 1314 1510 1391 forma,
1566 1316 1626 1376 si
1670 1313 1912 1377 sincera
1954 1311 2145 1377 lectio
2193 1318 2324 1389 est,
2374 1312 2652 1378 traditur
2698 1311 2837 1391 367,
2881 1313 2906 1377 1

924 1419 1237 1485 ’Λένεον
1283 1417 1422 1483 τόδε
1472 1425 1692 1495 σῆμα
1738 1422 1942 1499 πατὴρ
1990 1416 2232 1498 εἵδρυσε
2275 1420 2555 1500 θυγατρί.

557 1524 683 1592 Sed
730 1525 885 1605 250,
935 1526 978 1590 4
1023 1526 1265 1614 legitur

1055 1637 1276 1702 σκοῖνος
1327 1632 1440 1697 ὑπὸ
1488 1630 1708 1714 ςῶλοι
1755 1630 2097 1710 κρύπτεται
2146 1630 2460 1714 αἱενοὶῳ.

559 1758 719 1823 quae
781 1741 1111 1824 inscriptio
1177 1743 1272 1803 est
1320 1741 1492 1821 eius,
1540 1757 1732 1822 quam
1781 1758 1949 1802 nune
1998 1743 2228 1813 traet0,
2277 1738 2407 1803 fere
2451 1737 2751 1823 aequalis.
2837 1739 2916 1804 Ex

558 1850 827 1930 utraque
899 1850 1158 1931 apparet
1226 1844 1346 1910 hoe
1416 1842 1804 1909 vocabulum
1874 1842 2042 1928 apud
2112 1846 2430 1928 aequiores
2500 1863 2625 1910 non
2693 1852 2915 1910 tantum

559 1953 852 2036 usurpari
895 1952 972 2016 de
1020 1971 1184 2036 aqua
1231 1956 1295 2015 et
1343 1950 1421 2015 de
1464 1951 1546 2014 iis
1594 1969 1755 2033 quae
1802 1970 1948 2014 cum
2001 1969 2164 2033 aqua
2211 1958 2660 2034 comparantur
2706 1951 2800 2035 (ut
2842 1958 2959 2014 est-

558 2057 780 2122 εὶενοίου
831 2062 1038 2135 κρήνης
1090 2056 1243 2127 813.
1293 2054 1336 2121 2
1385 2062 1450 2120 et
1489 2056 1704 2119 ἀέναον
1744 2055 1995 2133 δάκρυον
2041 2054 2192 2131 562,
2224 2056 2292 2141 6)
2331 2055 2437 2121 sed
2479 2075 2736 2142 prorsus
2772 2056 2920 2121 idem

556 2162 912 2250 significare
975 2163 1143 2247 quod
1210 2164 1419 2234 ἀίδιος.
1516 2158 1613 2226 Of.
1672 2163 1868 2225 etiam
1922 2158 2119 2246 1063,
2173 2160 2235 2235 l,
2285 2162 2399 2225 ubi
2446 2168 2543 2227 est
2589 2161 2802 2234 α’έναος
2845 2159 2923 2226 δυ’·

557 2292 689 2347 μσς,
747 2268 840 2335 De
891 2268 1144 2334 ultimis
1190 2269 1477 2335 versibus
1524 2270 1657 2334 iam
1704 2270 1810 2355 egi
1859 2287 2049 2353 supra
2095 2266 2174 2333 ad
2223 2264 2375 2334 778.

651 2482 828 2552 1028
877 2483 1208 2571 (Hymnus
1257 2487 1324 2549 in
1372 2482 1656 2568 Isidem).
1704 2481 1842 2548 Vss.
1893 2481 1980 2550 '70
2027 2503 2196 2569 sqq.:

1303 2589 1498 2662 νάσως
1547 2591 1611 2656 δὲ
1657 2588 2083 2667 βαθυνομένοις
2143 2590 2269 2655 ἀπὸ
2315 2587 2482 2672 ῥιζοῖν

822 2698 882 2771 ἐς
932 2697 1093 2780 φάος
1143 2697 1213 2761 ἐκ
1258 2697 1482 2775 βυθίας
1532 2698 1991 2774 ποτανοὶγαγον
2038 2697 2206 2766 ἰλύος
2255 2696 2463 2781 αὐτοὶ,

824 2806 963 2885 ὥρια
1012 2804 1117 2870 καὶ
1165 2804 1384 2869 πεδίων
1431 2804 1740 2883 σπορίμαν
1785 2804 2016 2886 βάσιν,
2066 2802 2305 2882 ὀργάδα
2350 2801 2409 2867 τ’
2455 2801 2676 2884 ἄκραις

825 2919 1143 2992 ςηρικταΐς
1189 2909 1458 2992 ζείδωρον
1507 2910 1965 2994 ὑπερτείνοισα,
2013 2909 2307 2987 βοαύλοις

819 3014 1225 3103 amandum&
1275 3039 1345 3081 τε
1397 3063 1413 3080 .
1442 3062 1458 3081 .
1485 3063 1499 3079 .
1533 3016 1701 3101 .]αν·
1753 3016 1852 3080 ἐπ’
1898 3015 2214 3096 ἀφριόεντι
2269 3013 2334 3080 δὲ
2382 3015 2620 3095 Νηρεὺς
2668 3018 2794 3082 κτέ.

545 3122 652 3189 Sic
723 3120 923 3189 edidit
994 3121 1243 3189 Kaibel.
1314 3121 1485 3188 Mihi
1555 3121 1815 3207 quidem
1879 3141 2004 3188 non
2067 3124 2280 3208 aptius
2340 3124 2656 3189 suoeurrit
2715 3122 2912 3188 ultimi

550 3250 765 3298 versus
811 3230 1328 3316 supplementum
1377 3249 1570 3313 quam
1619 3228 1774 3294 hoo:

1093 3336 1510 3421 μηλοκόμοι[ς
1559 3337 1620 3399 τ’
1667 3336 2159 3420 ἄνθεῦσ]αν·
2209 3337 2336 3400 κτὲ.

544 3447 681 3510 sive
740 3444 1012 3510 formam
1079 3441 1394 3527 ἅνθεισαν,
1458 3462 1620 3528 quae
1684 3447 1898 3508 tamen
1946 3444 2143 3507 nimis
2190 3441 2374 3508 docta
2419 3441 2586 3508 mihi
2634 3443 2905 3519 videtur,

545 3550 938 3637 praetuleris.
989 3548 1276 3614 Verbum
1324 3548 1491 3634 quod
1538 3554 1636 3613 est
1682 3549 1880 3613 ἀνθεῖν
1932 3548 2008 3613 de
2055 3551 2281 3633 quavis
2326 3549 2717 3616 abundantia
2750 3569 2909 3613 usur·

543 3656 680 3743 pari
727 3677 764 3723 a
808 3658 1011 3742 poetis
1054 3661 1279 3720 notum
1329 3661 1443 3720 est.
1540 3652 1715 3734 Quae
1763 3654 2089 3741 hueusque
2136 3657 2459 3742 proposita
2504 3664 2655 3722 sunt
2699 3656 2909 3721 merito

542 3762 904 3849 repudiavit
951 3764 1380 3847 peritissimus
1427 3760 1651 3827 editor.

634 3870 710 3936 In
757 3868 1041 3936 eiusdem
1088 3870 1390 3934 carminis
1428 3888 1616 3933 versu
1662 3864 1769 3952 1¹7,
1811 3887 2002 3952 quem
2038 3870 2130 3933 sio
2166 3867 2581 3953 probabiliter
2615 3868 2916 3955 explevit:

904 3975 1021 4040 τὰν
1069 3974 1271 4059 αὐτὰν
1319 3972 1690 4039 ἀνέλυε-α
1738 3975 2043 4051 γενέθλιον
2100 3972 2365 4060 [ὀργάδα
2415 3972 2622 4059 νηδύν]
2649 3997 2662 4013 ·

538 4085 782 4168 optime
840 4082 1016 4147 idem
1081 4086 1299 4146 tuetur
1363 4080 1632 4147 verbum
1699 4077 1976 4144 οὶνέλυσα
1998 4127 2015 4159 ,
2065 4080 2175 4147 sed
2223 4082 2419 4146 miror
2464 4100 2617 4146 eum
2661 4100 2788 4148 non
2833 4086 2917 4145 at-

546 4188 770 4254 tulisse
815 4185 1093 4253 similem
1142 4186 1355 4253 looum
1406 4184 1606 4270 1035,
1655 4184 1696 4251 9

818 4290 1212 4371 ·τικτδμενον
1264 4296 1430 4377 Δία,
1478 4292 1759 4375 μητρῴην
1802 4291 1902 4358 ὅτε
1952 4294 2274 4376 γαςέρα
2324 4297 2587 4359 λῦσεν.
