3192 5017
1311 326 1674 375 aummmu.
2300 328 2307 333 ·
2550 306 2685 377 315

286 520 447 565 vare
519 503 797 585 poterat,
861 504 1030 564 recte
1092 496 1219 578 ὄζος
1286 498 1569 575 dicatur;
1634 518 1794 583 quae
1861 500 2177 565 dubitatio
2238 498 2409 564 haud
2455 519 2683 584 parum

285 604 709 671 confirmatur
770 626 875 680 eo,
942 604 1108 689 quod
1172 626 1318 670 mox
1382 612 1503 683 (vs.
1556 603 1759 690 1098)
1808 603 2085 691 legitur:
2138 603 2322 684 ὄζοισί
2373 607 2432 669 τ’
2481 606 2691 671 ἐλατί-

286 736 478 778 νοισιν
542 711 900 792 ἠκοντίζετο.
996 711 1117 775 Sed
1180 710 1305 776 alio
1367 712 1578 794 potius
1633 717 2012 797 argumento
2061 711 2501 776 demonstrabo
2548 732 2690 777 ver-

286 839 440 884 sum
506 840 639 883 esse
686 823 1075 901 corruptum.
1171 816 1451 881 Verbum
1501 819 1673 880 cuim
1722 816 2154 898 αναχαιτίζειν
2201 818 2278 882 de
2325 838 2486 902 equo
2533 818 2691 883 dici·

287 931 399 988 tur
472 923 701 1009 (Hipp.
770 921 964 988 1232.
1029 922 1220 988 Rhes.
1288 920 1467 1007 786),
1537 942 1689 1009 ergo
1751 925 1883 987 iam
1947 928 2160 988 nostro
2208 944 2392 989 versu
2442 923 2686 1009 aliquid

285 1032 646 1116 requiritur
664 1080 684 1105 ‚
751 1029 918 1114 quod
981 1029 1061 1094 ad
1122 1049 1261 1094 eam
1318 1028 1761 1113 metaphoram
1809 1028 2021 1094 ducat.
2069 1026 2271 1096 Credo
2315 1028 2685 1116 Euripidem

285 1137 658 1222 scripsisse:

847 1241 1079 1307 Πενθέα
1127 1239 1180 1304 δ’
1228 1239 1472 1321 ἱδρύσας
1522 1242 1815 1306 ἐλατίνων
1861 1239 2023 1324 ὄχων
2071 1240 2194 1307 ἔπι.

284 1349 436 1415 Non
488 1350 840 1434 provocabo
889 1348 966 1412 ad
1017 1370 1107 1412 vs.
1162 1345 1358 1424 1100,
1406 1368 1606 1432 quum
1655 1348 1907 1412 videam
1958 1348 2226 1414 editores
2273 1369 2384 1434 pro
2421 1349 2688 1437 vulgata

287 1454 575 1521 lectione
643 1454 906 1525 Πενθέως
974 1456 1030 1516 τ’
1080 1453 1224 1534 ὄχον
1272 1453 1560 1527 δύστηνον
1605 1456 1912 1539 recepisse
1958 1453 2209 1519 Reiskii
2256 1456 2686 1522 coniecturam

288 1560 567 1631 Πενθέως
616 1559 846 1640 στόχον
892 1559 1213 1635 δύστηνον,
1266 1580 1655 1644 quamquam
1703 1560 2128 1624 incertissima
2167 1581 2241 1625 ea
2290 1567 2415 1627 est:
2483 1583 2686 1648 neque

285 1667 469 1732 enim
509 1666 965 1751 expeditiorem
1010 1665 1162 1730 facit
1199 1667 1771 1748 constructionem,
1812 1670 1877 1731 et
1915 1667 2142 1745 στόχος
2183 1667 2351 1751 apud
2385 1666 2689 1755 Tragicos

284 1771 502 1839 seme]
564 1778 816 1838 tantum
862 1773 1174 1856 reperitur
1221 1772 1469 1857 (Aesch.
1522 1771 1721 1856 Supp.
1771 1770 1956 1851 243),
2009 1774 2224 1857 ibique
2271 1772 2399 1839 alia
2444 1772 2686 1861 signifi·

286 1881 570 1946 catione.

386 2091 501 2157 Vs.
556 2091 766 2156 1125:
816 2092 1112 2170 λαβοῦσα
1160 2091 1213 2155 δ’
1266 2092 1540 2179 (Agave)
1587 2091 1835 2166 ὠλέναις
1883 2094 2207 2172 ἀριστερὰν
2255 2095 2418 2177 χέρα
2468 2098 2595 2161 κτὲ.

382 2196 628 2264 Vereor
689 2205 762 2262 ut
825 2196 1072 2270 ὠλέναις
1137 2196 1364 2275 λαβεῖν
1432 2198 1499 2262 id
1545 2198 1903 2285 significare
1948 2201 2178 2285 possit,
2232 2201 2398 2286 quod
2444 2202 2550 2266 hic
2596 2224 2689 2268 re·

289 2307 582 2390 quiritur
597 2324 614 2381 ;
666 2303 895 2370 malim
945 2320 1131 2392 ergo:

850 2409 1146 2488 λαβοῦσα
1194 2411 1247 2476 δ’
1296 2410 1514 2485 ὠλένην
1556 2411 1880 2492 ἀριστερὰν
1925 2413 2085 2493 χερί.

385 2627 502 2693 Vs.
570 2623 745 2691 1140
806 2646 938 2711 sqq.
1007 2625 1278 2692 Penthei
1339 2627 1657 2703 membra,
1696 2607 2013 2692 'manibus
2068 2627 2316 2714 direpta
2359 2631 2686 2709 nefandis,

293 2735 585 2822 dispersa
629 2736 872 2799 iacent:

1586 2841 1790 2918 κρᾶτα
1838 2838 1890 2903 δ’
1938 2838 2147 2904 ἄθλιον

847 2943 991 3022 ὅπερ
1040 2944 1334 3022 λαβοῦσα
1384 2943 1698 3027 τυγχάνει
1746 2947 1949 3023 μήτηρ
1997 2955 2201 3026 χεροῖν

853 3050 1087 3129 πήξασ’
1139 3051 1238 3116 ἐπ’
1285 3048 1463 3131 ἄκρον
1510 3052 1717 3131 θύρσον
1761 3055 1837 3125 ὠς
1889 3052 2195 3134 ὀρεστέρου

848 3159 1020 3241 Φέρει
1068 3158 1326 3229 λέοντος.

391 3266 535 3347 Quo
580 3265 830 3349 saepius
877 3264 1223 3330 secundum
1271 3284 1527 3330 versum
1576 3265 1725 3352 lego
1761 3285 1835 3331 eo
1874 3265 2168 3352 frigidior
2208 3266 2368 3332 mihi
2407 3269 2683 3334 videtur.

300 3371 476 3448 Quid
526 3375 583 3436 si
629 3374 721 3436 sic
767 3369 1093 3457 legamus:

850 3477 1000 3556 ἤπερ
1046 3475 1340 3553 λαβοῦσα
1390 3477 1701 3560 τυγχάνει
1749 3479 1952 3557 μήτηρ
1999 3487 2242 3560 χεροῖν,

302 3606 517 3652 nonne
555 3587 744 3649 unius
781 3582 1076 3650 literulae
1115 3586 1471 3649 mutatione
1509 3584 1901 3672 singularem
1942 3586 2078 3650 vim
2119 3586 2178 3651 ei
2218 3586 2692 3655 addiderimus?

399 3795 506 3862 Vs.
563 3796 757 3861 1145.
807 3799 1029 3884 Agave
1075 3796 1302 3863 urbem
1350 3798 1550 3862 intrat

1351 3904 1760 3967 ἀνακαλοῦσα
1811 3903 2083 3986 Βάκχιον

855 4008 960 4073 τὸν
1005 4008 1399 4087 ξυγκύναγον
1443 4008 1547 4073 τὸν
1594 4008 1973 4089 ξυνεργάτην
2018 4007 2221 4090 ἄγρας

853 4115 955 4178 τὸν
1002 4116 1382 4192 καλλίνικον,
1433 4112 1469 4195 ᾖ
1514 4115 1750 4195 δάκρυα
1798 4116 2128 4196 νικηφόρει.

311 4219 513 4286 Tertii
562 4243 778 4288 versus
827 4220 1094 4286 alteram
1143 4228 1389 4306 partem
1441 4228 1804 4307 corruptam
1856 4242 1989 4288 esse
2035 4245 2221 4290 nemo
2266 4233 2477 4314 negat.
2550 4228 2695 4295 Non

312 4332 526 4393 tamen
587 4330 913 4413 acquiesco
976 4329 1040 4390 in
1103 4326 1454 4416 Hartungii
1523 4331 1885 4394 coniectura
1935 4324 1972 4410 ᾖ
2018 4328 2255 4409 δάκρυα
2302 4333 2431 4408 νίκη
2482 4335 2694 4415 Φέρει,

313 4453 459 4498 nam
525 4456 647 4501 non
697 4436 774 4499 de
819 4434 1081 4519 Agave,
1130 4434 1238 4499 sed
1288 4435 1364 4498 de
1411 4434 1662 4501 Baccho
1710 4434 1972 4520 aliquod
2019 4439 2422 4505 enuntiatum
2471 4462 2697 4528 expec-
