3192 5017
471 199 557 277 72
1468 217 1867 274 momm.

465 399 710 463 tionem
771 397 1003 485 tragici
1061 399 1283 482 poetae
1329 398 1642 462 sexcentis
1687 396 1894 461 modis
1941 397 2193 463 variant
2209 443 2228 480 ,
2277 394 2388 461 sed
2434 399 2690 464 servant
2734 397 2868 462 im·

469 506 853 589 perativum.
902 501 941 567 J
945 522 1095 569 ason
1140 502 1320 568 verbi
1365 522 1555 569 cause
1602 502 1836 569 liberos
1879 522 2026 568 suos
2071 500 2420 587 alloquitur
2464 500 2641 568 Med.
2691 499 2858 567 918:

471 606 824 686 αὐξανεσθε
882 629 1086 695 neque
1151 607 1493 676 Alcestidis
1553 610 1904 675 novissima
1963 608 2158 675 verba
2216 607 2411 674 fuisse
2479 607 2859 675 crediderim

474 736 568 783 vs.
636 713 804 780 323:
866 716 1190 797 χαίροντες
1256 713 1694 794 εύφραίνοισθε
1761 714 1872 781 sed
1928 711 2343 796 εὐφραίνεσθε
2405 719 2471 781 et
2513 713 2737 781 eadem
2784 713 2863 780 de

476 841 665 888 causa
736 843 831 889 vs.
894 817 1064 888 272:
1130 820 1487 902 χαίροντες,
1550 816 1593 885 ὦ
1659 820 1884 900 τέκνα,
1946 819 2087 888 τόδε
2148 819 2312 902 Φαος
2375 821 2690 902 ὃρῷτον,
2742 840 2869 887 non

478 929 840 1014 scripserim
889 948 1040 994 cum
1084 925 1392 993 Elmsleio
1434 926 1689 1009 δρῷτην,
1730 926 1840 993 sed
1886 928 2206 1008 ὁρᾶτον,
2258 947 2418 1014 quae
2457 928 2735 992 mutatio
2774 931 2874 992 est

479 1037 675 1103 etiam
735 1035 959 1101 lenior.
1022 1032 1264 1099 Verum
1308 1031 1449 1099 Alc.
1502 1032 1638 1099 437
1686 1032 1853 1098 nihil
1901 1033 2257 1100 offensionis
2302 1039 2400 1101 est
2443 1035 2515 1097 in
2557 1032 2876 1114 χαίρουσα

479 1142 838 1220 οἷκετεύοις,
901 1140 1007 1207 vel
1065 1160 1159 1206 vs.
1214 1139 1427 1204 1004:
1472 1141 1651 1220 χαῖρ’
1675 1136 1741 1215 ,ὦ
1787 1138 2005 1225 πότνι’,
2053 1134 2122 1205 εὖ
2166 1141 2229 1206 δὲ
2277 1140 2459 1214 δοίης.
2557 1138 2874 1206 Videlicet

479 1250 547 1313 in
595 1246 1162 1314 exclamationibus
1181 1295 1200 1319 ,
1250 1266 1412 1331 quae
1459 1267 1497 1311 a
1541 1246 1836 1331 precibus
1880 1265 2135 1332 prorsus
2181 1246 2468 1313 diversae
2514 1249 2666 1311 sunt
2683 1294 2701 1329 ,
2766 1264 2881 1331 op·

481 1357 727 1420 tativus
787 1353 1138 1419 rectissime
1183 1354 1466 1438 ponitur.
1563 1349 1668 1416 Sic
1712 1350 2023 1418 Androm.
2074 1352 2243 1418 900:
2290 1349 2333 1417 ὦ
2383 1352 2562 1430 Φοῖβ’
2611 1350 2834 1433 οξκέςορ
2860 1400 2877 1427 ,

486 1459 792 1537 πημάτων
852 1458 1011 1532 δοίης
1072 1458 1247 1522 λύσιν
1308 1462 1373 1522 et
1430 1455 1684 1523 Hecub.
1753 1456 1920 1522 255:
1969 1458 2123 1535 μηδὲ
2169 1455 2623 1537 γιγνώσκοισθέ
2668 1481 2772 1536 μοι
2821 1452 2878 1523 οἳ

480 1568 624 1638 τοὺς
687 1565 910 1646 φίλους
970 1562 1371 1643 βλάπτοντες
1434 1564 1501 1629 οὐ
1565 1562 1922 1646 Φροντίζετε
1990 1571 2055 1631 et
2115 1564 2359 1630 Phoen.
2430 1562 2595 1630 185:
2625 1648 2629 1653 .
2659 1563 2738 1628 σύ
2785 1585 2880 1629 τοι

486 1672 974 1752 μεγαλαγορίαν
1023 1669 1359 1750 ὑπεράνορα
1410 1669 1734 1754 κοιμίζοις,
1780 1691 1931 1737 nam
1977 1669 2223 1737 fulmen
2270 1672 2364 1736 ibi
2411 1673 2732 1759 Antigone
2790 1669 2886 1736 al·

486 1779 773 1865 loquitur
825 1784 891 1844 et
935 1776 1283 1842 ridiculum
1332 1776 1495 1842 foret
1540 1774 1806 1856 κοίμιζε.
1854 1775 1981 1843 Sed
2026 1776 2267 1843 Phoen.
2316 1774 2484 1842 586:

932 1881 976 1950 ὦ
1023 1881 1153 1949 θεοὶ
1202 1880 1601 1962 γένοισθε
1648 1882 1824 1948 τῶνδ’
1873 1882 2209 1964 ἀπότροποι
2258 1889 2460 1949 κακῶν

946 1990 1051 2055 καὶ
1099 1987 1422 2067 ξύμβασίν
1469 1990 1583 2055 τιν’
1635 1988 1899 2054 Οἰδίπου
1946 1990 2175 2062 τέκνοις
2221 1986 2362 2054 δότε
2383 2037 2404 2067 ,

487 2120 636 2165 cum
677 2098 813 2164 δότε
856 2098 1238 2183 coniungere
1279 2094 1451 2160 malo
1493 2096 1982 2181 imperativum,
2021 2114 2148 2160 non
2185 2097 2546 2180 optativum
2568 2093 2883 2174 γένοισθε.

487 2204 808 2290 Denique,
881 2209 959 2267 ut
1026 2202 1108 2268 ad
1167 2199 1558 2288 Aeschylum
1621 2200 1880 2266 tandem
1943 2200 2198 2267 redeam
2216 2248 2235 2281 ,
2297 2200 2524 2288 Suppl.
2591 2198 2680 2266 28
2727 2221 2882 2268 cum

491 2310 773 2378 Hesthio
820 2309 1131 2375 scribam:

1039 2411 1082 2479 ὦ
1130 2413 1309 2485 πόλις
1329 2462 1346 2491 ,
1398 2410 1440 2477 ὦ
1488 2419 1575 2491 γῆ
1625 2414 1729 2480 κα)
1777 2413 1992 2479 λευκὸν
2041 2411 2210 2498 ὕδωρ,

1035 2518 1266 2586 ὕπατοί
1311 2543 1383 2585 τε
1432 2517 1562 2585 θεοὶ
1613 2521 1717 2586 καὶ
1768 2521 2101 2600 βαρύτιμοι

1036 2625 1277 2709 χθόνιοι
1328 2626 1515 2701 θήκας
1567 2625 1987 2712 κατέχοντες,

1040 2733 1145 2798 καὶ
1196 2734 1349 2805 Ζεὺς
1396 2736 1592 2814 σωτὴρ
1638 2734 1874 2814 τρίτος,
1922 2730 2272 2815 οἰκοφύλαξ

993 2840 1213 2905 ’ὁσίων
1261 2839 1521 2920 ἀνδρῶν,
1569 2837 1907 2917 δέξασθ’
1956 2840 2185 2917 ἱκέτην,
2234 2842 2389 2926 κτὲ.,

487 2972 602 3019 nec
648 2969 876 3036 sequar
919 2944 1352 3026 Dindorfium,
1403 2950 1514 3033 qui
1562 2949 1878 3014 servavit:
1930 2943 2176 3023 δέξαιθ’
2228 2946 2456 3022 ἱκέτην.

586 3160 758 3247 Sept.
811 3159 981 3228 379:
1907 3237 1912 3243 ·

1301 3265 1475 3350 πόρον
1521 3267 1575 3334 δ’
1626 3266 1901 3344 Ἰσμηνὸν
1950 3267 2058 3332 οὐκ
2107 3267 2180 3351 ἔᾷ
2235 3270 2428 3348 περᾶν

854 3375 882 3439 ὃ
928 3370 1191 3452 μάντις·
1237 3375 1304 3440 ού
1350 3374 1477 3454 γὰρ
1526 3371 1789 3455 σφάγια
1834 3373 2233 3452 γίγνεται
2288 3371 2487 3439 καλά.

490 3481 916 3550 Commendo:
969 3478 1458 3559 γίγνεσθαι.

580 3693 783 3761 Multi
819 3697 959 3781 jam
1005 3692 1455 3779 quaesiverunt
1499 3692 1577 3759 de
1624 3691 1798 3778 Sept.
1848 3690 2015 3758 429:

945 3801 1075 3865 θεοῦ
1123 3822 1195 3863 τε
1240 3799 1368 3879 γὰρ
1415 3795 1701 3872 θέλοντος
1752 3799 2059 3880 ἐκπέρσειν
2108 3781 2304 3866 πόλιν’

947 3905 1051 3971 καὶ
1098 3906 1187 3984 μὴ
1235 3902 1523 3978 θέλοντός
1569 3910 1800 3989 φησιν,
1849 3906 1983 3972 οὐδὲ
2032 3910 2173 3972 ‘tene
2221 3907 2365 3981 Διὸς

937 4012 1158 4093 Ἔριν
1203 4011 1371 4078 πέδοι
1420 4013 1858 4091 σκήψασαν
1906 4013 2181 4089 ἐμποδῶν
2225 4010 2607 4094 σχεθεῖν.

480 4123 579 4190 De
617 4121 742 4189 loci
780 4122 1094 4187 sententia
1130 4124 1411 4204 constat,
1451 4118 1560 4184 sed
1599 4120 1794 4187 verba
1827 4118 2143 4187 laborant.
2192 4118 2644 4187 Desideramus
2680 4121 2858 4189 verbi

478 4227 738 4311 σχεθεῖν
806 4231 1162 4315 objectum;
1229 4246 1355 4292 non
1426 4225 1819 4314 intelligitur
1889 4246 2193 4311 quorsum
2263 4227 2577 4311 pertineat
2642 4227 2858 4294 Eridis

477 4340 746 4422 mentio,
796 4358 911 4403 nec
954 4337 1191 4428 poterit
1237 4335 1507 4400 aoristus
1567 4352 1682 4417 pro
1742 4330 1959 4398 futuro
2020 4335 2292 4419 servari,
2354 4335 2482 4398 nisi
2569 4332 2647 4400 ἂν
2692 4337 2886 4422 perti·
