3192 5017
571 279 659 352 68
1568 297 1963 352 mamm.

573 471 927 542 Tantalum
996 476 1239 543 vitium
1304 475 1373 539 in
1442 475 1757 540 sententia
1810 477 1947 539 tam
2009 473 2343 559 perspicua
2404 475 2615 539 tantas
2673 471 2976 539 tenebras

571 581 774 648 doctis
818 581 1162 649 lectoribus
1209 579 1526 647 offundere
1571 576 1892 666 potuisse!

660 789 1025 859 Secundum
1087 791 1490 880 Aeschylum
1553 791 1974 858 Prometheus
2031 791 2283 857 solutus
2340 792 2466 857 fuit
2510 797 2655 878 post
2691 790 2974 880 triginta

570 919 880 965 annorum
942 899 1185 977 millia,
1250 919 1376 985 qua
1435 899 1512 965 de
1572 919 1641 964 rs
1701 899 1849 964 vide
1895 919 2056 983 quas
2104 897 2541 965 Weckleinius
2584 898 2852 986 collegit
2896 899 2971 963 in

569 1003 817 1071 Studiis
862 1005 1238 1093 Aeschyleis
1283 1026 1346 1092 p.
1396 1004 1504 1073 27.
1554 1004 1778 1091 Itaque
1823 1003 2093 1071 ridicule
2139 1007 2530 1071 vaticinatur
2576 1025 2669 1070 vs.
2722 1002 2893 1069 959:
2941 1077 2950 1083 ,

1029 1112 1268 1184 δισσοὺς
1313 1110 1630 1192 τυράννους
1672 1110 2047 1183 ἐκπεσόντας
2095 1108 2415 1196 ᾐσθόμην,

1028 1218 1228 1299 τρίτον
1276 1218 1341 1283 δὲ
1386 1218 1491 1283 τὸν
1536 1224 1639 1284 νῦν
1685 1220 2049 1300 κοιρανοῦντ’
2098 1216 2414 1297 ἐπόψομαι

1029 1323 1303 1406 αἰσχιςα
1349 1324 1454 1391 καί
1501 1323 1602 1390 τά
1617 1347 1845 1404 χιςα.

573 1431 718 1496 Non
764 1428 939 1518 fugit
983 1429 1103 1497 hoc
1149 1430 1692 1506 Herwsrdenum‚
1744 1431 1854 1516 qui
1902 1429 2215 1499 κάκιςα
2264 1431 2568 1497 coniecit:
2615 1436 2825 1506 recto,
2866 1432 2973 1495 uti

574 1536 743 1600 mihi
798 1535 1076 1602 videtur.
1169 1535 1378 1602 Sicuti
1436 1543 1741 1622 perpetuo
1788 1539 2261 1624 conjunguntur
2305 1537 2618 1623 adjectiva
2663 1535 2857 1607 καλὸς
2903 1543 2973 1603 st

575 1639 828 1721 άγαθός
852 1692 867 1714 .
919 1644 1011 1708 sic
1066 1644 1540 1730 conjunguntur
1583 1662 1831 1727 quoquo
1879 1641 2141 1725 αἰσχρὸς
2188 1648 2252 1708 et
2299 1644 2485 1715 κακὸς
2535 1663 2687 1708 cum
2737 1642 2970 1710 adver-

575 1749 701 1814 biis
745 1750 1015 1831 αἰσχρῶς
1066 1757 1132 1816 et
1178 1752 1403 1821 κακῶς.
1495 1748 1882 1834 Exemplum
1930 1755 2027 1814 ost
2069 1751 2136 1813 in
2183 1748 2415 1815 Bacch.
2466 1746 2677 1814 1308:

1121 1855 1392 1937 αἰσχιςα
1447 1855 1554 1921 καὶ
1603 1853 1836 1924 κάκιςα
1883 1852 2267 1921 κατθανόνθ’
2316 1856 2441 1936 δρῶ.

576 1961 673 2031 Cf.
724 1962 940 2029 Prom.
989 1960 1123 2032 '7¹74
1170 1968 1235 2028 et
1283 1960 1410 2027 94:
1456 1962 1560 2028 τὸν
1608 1968 1861 2044 μυριετῆ
1906 1962 2119 2044 χρόνον
2164 1959 2479 2029 ἀθλεύσω.

666 2173 883 2241 Prom.
929 2159 1104 2240 1082
1123 2193 1140 2239 2
1182 2174 1425 2256 βρυχία
1465 2174 1519 2239 δ’
1558 2176 1690 2254 ἠχὼ
1741 2199 1792 2239 π
1810 2198 1852 2238 α
1868 2198 1899 2254 ρ
1917 2200 1959 2240 α
1978 2199 2030 2252 μ
2047 2199 2081 2239 υ
2100 2200 2137 2240 κ
2153 2179 2197 2241 οἳ
2213 2200 2254 2241 τ
2276 2198 2389 2252 αι,
2422 2178 2562 2262 jam
2600 2173 2973 2264 significavi

574 2280 822 2348 Mncm.
871 2282 999 2348 XII
1047 2280 1179 2348 320
1224 2282 1391 2347 mihi
1435 2279 1839 2347 scribendum
1886 2280 2093 2348 videri
2139 2306 2188 2346 π
2204 2307 2234 2348 ε
2251 2307 2282 2363 ρ
2298 2306 2317 2347 ι
2336 2306 2388 2360 μ
2405 2307 2439 2345 υ
2458 2307 2495 2347 κ
2511 2286 2555 2347 οἳ
2573 2307 2610 2348 τ
2627 2306 2732 2349 αι.

666 2494 838 2562 Leve
882 2495 1120 2561 vitium
1169 2499 1267 2560 sst
1310 2495 1379 2560 in
1425 2492 1600 2579 Sept.
1651 2492 1794 2560 adv.
1843 2492 2042 2558 Theb.
2092 2514 2192 2559 vs.
2243 2492 2366 2559 41:

941 2598 1061 2674 ἥκω
1108 2605 1286 2680 σαφῆ
1334 2598 1632 2666 τάκεῒθεν
1679 2600 1748 2664 ἐκ
1794 2603 2021 2680 ςρατοῦ
2067 2598 2267 2680 Φέρων

937 2708 1125 2780 αὐτὸς
1173 2706 1492 2781 κατόπτης
1542 2705 1593 2770 δ’
1642 2704 1798 2784 εἴμ’
1847 2706 1968 2785 ἐγὼ
2016 2707 2132 2772 τῶν
2181 2704 2592 2787 πραγμάτων.

573 2814 788 2903 Lege:
838 2811 916 2879 δε
933 2816 967 2879 ῦ
984 2815 1036 2895 ρ’
1085 2813 1228 2892 ἐγώ.

666 3024 948 3094 Gravius
994 3028 1091 3092 ost
1137 3024 1306 3111 quod
1351 3026 1573 3091 statim
1621 3025 1912 3111 sequitur
1956 3045 2051 3092 vs.
2099 3024 2218 3091 49:

1037 3129 1319 3210 μνημεῖά
1353 3128 1435 3196 ’θ’
1484 3131 1682 3197 αὑτῶν
1727 3138 1855 3205 τοῖς
1903 3137 2180 3198 τεκοῦσιν
2225 3132 2286 3205 ἐς
2334 3130 2551 3210 δόμους

1026 3239 1173 3320 πρὸς
1219 3235 1372 3317 ἅρμ’
1423 3237 1726 3320 ’Λδράςου
1774 3237 1987 3320 χερσὶν
2045 3235 2266 3321 ἔςεφον
2286 3286 2305 3318 ,
2356 3238 2544 3318 δάκρυ

1030 3345 1503 3423 λείβοντες·
1552 3340 1750 3419 οἶκτός
1798 3347 1858 3410 τ’
1903 3344 2068 3418 οὔτις
2117 3342 2184 3422 ἦν
2232 3345 2334 3411 διὰ
2380 3345 2571 3424 ςόμα.

573 3452 718 3519 Non
765 3450 1045 3518 difficilis
1092 3450 1428 3518 intellectu
1474 3451 1579 3517 hic
1625 3450 1804 3517 locus
1851 3457 1969 3519 est.
2067 3459 2370 3529 Μνημεῖα
2417 3457 2568 3519 sunt
2613 3454 2968 3521 secundum

573 3558 978 3646 Hesychium
1025 3558 1111 3624 τά
1160 3555 1366 3623 οἴκαδε
1414 3557 1795 3637 πεμπόμενα
1846 3559 1963 3624 ὑπὸ
2011 3565 2127 3625 τῶν
2175 3560 2235 3625 ἐν
2281 3558 2535 3641 πολέμῳ
2591 3576 2966 3637 τετελευτη-

574 3663 763 3730 κότων
806 3673 934 3736 τοῖς
983 3663 1234 3736 οἰκείοις.
1281 3661 1488 3730 Addit
1529 3663 1883 3732 Scholiasta
1924 3665 2079 3732 huso
2116 3666 2313 3733 fuisse
2360 3666 2620 3747 περόνας
2661 3667 2695 3742 ἢ
2735 3669 2965 3751 τρίχας

575 3771 610 3849 ἥ
675 3794 737 3837 τι
798 3775 1063 3836 τοιοῦτον
1083 3792 1102 3808 ·
1166 3768 1304 3844 ἔθος
1372 3770 1498 3852 γὰρ
1565 3765 1633 3845 ἦν
1692 3769 1834 3843 τοὺς
1883 3771 1944 3836 ἐν
1989 3770 2239 3853 πολέμῳ
2289 3770 2783 3861 (άποθανόντας)
2834 3782 2961 3848 τοῖς

570 3877 803 3950 οἰκείοις
877 3876 1148 3955 πέμπειν
1219 3884 1485 3956 σημεῖα,
1559 3876 1816 3958 περόνας
1890 3879 1925 3954 ἢ
1987 3878 2232 3953 ταινίας
2296 3881 2331 3955 ἢ
2391 3880 2738 3962 βοςρύχους
2801 3882 2836 3957 ἤ
2896 3905 2958 3947 τι

568 3988 855 4051 τοιοῦτον.
945 3981 1054 4049 Ad
1113 4004 1249 4050 rom
1295 3982 1715 4050 Blomfisldus
1761 3984 2001 4051 confert
2045 3984 2203 4051 Eur.
2247 3984 2387 4072 Iph.
2437 3986 2625 4052 Tzur.
2679 3985 2848 4054 820:
2894 3989 2960 4055 τί

568 4092 731 4171 γάρ;
792 4088 994 4168 κόμας
1045 4089 1163 4160 σὰς
1208 4091 1395 4169 μητρί
1443 4089 1630 4155 δοῦσα
1676 4100 1752 4173 σῇ
1802 4092 2008 4172 φέρειν
2023 4111 2041 4169 ;
2092 4091 2392 4170 Μνημεῒά
2439 4095 2507 4172 γ’
2555 4093 2693 4158 άντί
2745 4094 2953 4172 σώμαι

572 4220 675 4268 τος
723 4197 949 4272 τούμοῦ
998 4200 1208 4276 τάφῳ.
1254 4193 1501 4282 Aperta
1544 4217 1646 4262 ros
1692 4202 1823 4275 est,
1871 4196 1982 4263 ssd
2025 4198 2175 4283 quid
2222 4219 2435 4265 censes
2482 4199 2559 4265 de
2595 4199 2954 4268 lacrimulis

568 4304 700 4369 illis
784 4302 1048 4369 fortium
1118 4303 1401 4368 virorum
1477 4302 1557 4369 ad
1625 4302 1872 4369 bellum
1941 4303 2524 4390 proficiscentium?
2591 4304 2949 4376 Audiamus

567 4409 943 4481 Schfitzium
1006 4409 1161 4498 quid
1224 4408 1429 4482 dicat:
1492 4409 1856 4482 sauvissima
1918 4422 2006 4476 est
2021 4459 2039 4490 ,
2102 4413 2313 4498 inquit
2331 4461 2348 4496 ‚
2397 4412 2648 4504 pictura
2693 4414 2948 4500 duplicis
