3192 5017
600 262 732 332 320
1623 283 1972 335 eonnnnms

690 455 991 523 XXXIV.
1043 457 1164 522 593
1216 457 1552 545 Menippus
1597 460 1917 545 deprecari
1963 495 2044 507 —-
2086 471 2305 545 patres
2350 460 2598 524 institit.

692 564 979 630 XXXV.
1039 565 1158 630 113
1209 567 1408 630 redire
1452 566 1717 649 institit,
1768 563 1881 629 alii
1926 566 2219 630 instituit.

691 671 959 736 XXXV.
1013 671 1132 737 30:
1184 674 1354 759 sequi
1396 694 1652 736 suorum
1699 693 1916 757 aymen
1966 708 2048 718 —
2097 674 2411 737 insistunt.

692 778 1050 845 XXXVII.
1100 776 1224 844 273
1275 781 1504 843 institit
1549 780 1738 865 sequi.

692 884 1057 950 XXXVIII.
1107 884 1179 952 7:
1226 885 1570 951 cunis-idum
1611 908 1789 971 ayere
1833 887 2127 951 instituit.

691 993 828 1057 XL.
883 991 958 1056 5:
1007 993 1279 1078 sinyulos
1326 1006 1561 1058 tentare
1610 1029 1693 1041 —
1743 994 1992 1058 institit.

692 1099 826 1164 XL.
882 1098 1004 1164 39:
1054 1123 1277 1184 aarum
1325 1101 1552 1164 institit
1601 1112 1859 1164 vastare.

689 1208 827 1273 XL.
880 1206 989 1274 39.
1041 1208 1115 1272 5:
1168 1210 1408 1296 omissis
1455 1231 1612 1294 quae
1656 1229 1831 1292 ayere
1878 1209 2252 1272 instituerat.

689 1314 827 1379 XL.
878 1312 1003 1378 493
1051 1314 1262 1378 urbem
1309 1336 1669 1401 oppuynare
1714 1315 1962 1378 institit.

689 1420 890 1485 XLII.
943 1419 1059 1487 17:
1107 1433 1313 1508 petere
1356 1424 1603 1486 institit.

690 1527 898 1593 XLII.
949 1526 1068 1594 593
1117 1550 1359 1593 monere
1403 1530 1652 1593 institit.

690 1632 927 1698 XLIII.
978 1633 1056 1699 2:
1107 1635 1398 1700 delectum
1442 1635 1660 1700 habere
1708 1637 1949 1700 institit.

691 1738 926 1805 XLIII.
984 1740 1101 1807 19:
1154 1766 1435 1828 a99erem
1486 1780 1566 1790 —-
1617 1747 1829 1807 ducere
1873 1745 2117 1807 institit.

688 1839 1113 1913 XL111.'26:
1164 1852 1394 1914 institit
1439 1852 1751 1914 disserere.

689 1952 903 2018 Facile
950 1962 1211 2040 apparet
1258 1957 1557 2020 omnibus
1604 1955 1702 2019 his
1749 1954 1906 2020 loeis
1953 1962 2065 2020 aut
2110 1955 2506 2021 retinendam
2547 1967 2659 2021 aut.
2690 1976 2947 2041 reponen-

597 2062 744 2126 dam
789 2083 923 2127 esse
963 2062 1234 2127 formam
1275 2064 1505 2137 institi,
1547 2065 1813 2144 institit,
1855 2064 2244 2139 institerunt,
2287 2063 2634 2140 institerat,
2672 2065 2944 2127 insistunt.

691 2168 884 2253 Apud
943 2168 1219 2254 reliquos
1278 2168 1395 2233 hae
1441 2169 1683 2234 formae
1730 2188 1870 2233 raro
1918 2175 2242 2252 apparent.
2336 2168 2621 2234 Unicum
2670 2178 2762 2234 est.
2804 2165 2949 2233 testi·

597 2275 888 2340 monium
947 2271 1226 2345 Catulli:

1048 2395 1105 2446 et
1151 2386 1261 2468 qui
1296 2386 1615 2472 principio
1662 2384 1771 2448 sub
1819 2396 1989 2447 terra
2034 2404 2322 2469 quaerere
2368 2404 2550 2447 venas

1184 2504 1461 2553 INS'I'I'I'H·
1507 2502 1565 2554 et
1600 2491 1775 2575 ferri
1805 2492 2048 2576 finyere
2092 2492 2409 2553 duritiem.

686 2595 950 2658 unicum
1015 2592 1337 2661 Ciceronis
1387 2595 1467 2660 ad
1528 2594 1761 2660 Famil.
1813 2594 1898 2660 X.
1955 2593 2068 2660 16:
2106 2596 2407 2681 flayitare
2453 2608 2698 2660 senatus
2743 2595 2941 2660 institit

606 2699 949 2788 Cornutum
995 2713 1065 2764 ut
1114 2702 1376 2787 referret
1422 2704 1655 2765 statim.

684 2809 951 2873 unicum
1000 2804 1212 2873 Curtii
1258 2806 1375 2873 IX.
1430 2807 1503 2871 13
1552 2808 1746 2871 aliam
1784 2821 2035 2894 partem
2081 2829 2279 2872 secare
2324 2810 2572 2873 institit.

684 2912 916 2981 Caesar
962 2935 1147 3000 saepe
1195 2915 1413 2979 eadem
1463 2915 1669 2979 forma
1716 2934 1870 2978 usus
1904 2918 2087 2991 erat,
2136 2914 2247 2980 sed
2284 2916 2350 2977 in
2395 2913 2763 2999 expellendo
2785 2911 2948 2978 verbo

592 3021 947 3106 antiquiore
990 3021 1392 3086 librariorum
1435 3022 1610 3085 natio
1653 3033 1981 3104 tamquam
2026 3022 2385 3084 coniurasse
2425 3018 2699 3085 videtur.
2750 3017 2947 3083 Editur

590 3150 758 3194 nunc
803 3131 869 3195 in
919 3128 1096 3193 Bello
1145 3124 1416 3213 Gallica.-

681 3234 808 3300 ΙΙΙ.
861 3232 985 3299 233
1035 3235 1464 3300 commeatibus
1510 3247 1756 3298 nostros
1802 3233 2198 3298 intercludere
2243 3234 2597 3298 instituunt.

683 3338 796 3404 alii
843 3342 1155 3405 insistunt.

682 3444 793 3509 111.
842 3445 966 3510 28:
1013 3449 1123 3532 qui
1166 3446 1338 3532 lonye
1383 3446 1511 3510 alia
1558 3449 1798 3512 ratione
1842 3447 2061 3511 bellum
2109 3467 2285 3530 ayere
2331 3448 2753 3511 instituerunt.

682 3549 794 3615 III.
845 3551 967 3616 293
1027 3550 1255 3617 Caesar
1299 3552 1485 3617 silvas
1532 3555 1771 3617 caedere
1816 3555 2109 3617 instituit.

681 3658 806 3723 III.
857 3657 978 3725 293
1027 3683 1163 3722 cum
1223 3657 1450 3724 Caesar
1495 3672 1701 3724 castra
1748 3661 1992 3723 munire
2041 3661 2428 3723 instituisset.

679 3764 753 3828 V.
804 3763 891 3829 23
924 3786 940 3830 3
987 3767 1318 3830 exereitum
1364 3777 1684 3852 reportare
1728 3767 2016 3829 instituit.

680 3871 783 3937 VI.
843 3873 909 3936 13
963 3871 1254 3935 delectum
1299 3870 1515 3936 habere
1559 3874 1853 3937 instituit.

683 3977 786 4042 VI.
840 3976 921 4042 93
962 3978 1174 4062 facere
1211 3989 1464 4065 pontem
1509 3980 1805 4043 instituit.

685 4083 827 4149 VII.
884 4083 1003 4147 123
1053 4083 1496 4147 Noviodunum
1543 4107 1904 4171 oppuynare
1947 4087 2315 4151 instituerat.

682 4190 833 4255 VII.
887 4188 1011 4255 273
1062 4190 1343 4277 operibus
1390 4213 1545 4275 quae
1581 4191 1793 4276 facere
1840 4193 2213 4256 instituerat.

682 4295 817 4362 VII.
871 4294 991 4362 57:
1040 4308 1281 4360 nostros
1329 4298 1602 4360 transitu
1640 4297 1965 4383 prohibere
2009 4299 2299 4364 instituit.

682 4401 860 4467 Idem
909 4422 1113 4490 genus
1161 4400 1374 4467 mendi
1425 4421 1645 4467 omnes
1685 4402 1952 4487 Nepotis
1998 4404 2196 4469 libros
2244 4404 2510 4470 obsidet.
