3192 5017
1304 318 1544 373 mono.
2483 291 2616 363 2⁶71

260 488 387 573 ivea
427 490 718 574 ascriptio
762 509 896 557 esse
941 488 1221 576 aliquid3
1264 513 1415 560 nam
1458 492 1587 560 nisi
1632 495 1799 559 esset
1846 491 2033 578 [nim.
2085 492 2154 557 in
2190 489 2447 579 leg-ibus
2500 485 2616 553 211-

261 592 399 677 quid
440 596 569 658 iuri
613 597 1053 682 contrarium]‚
1106 596 1226 663 hoc
1257 600 1328 664 in
1365 598 1663 665 omnibus
1692 598 1947 685 legibus
1980 617 2106 663 non
2143 590 2620 662 ascriberetur.’'

258 696 476 763 Contra
539 701 608 764 in
675 700 945 788 vulgata
1011 701 1166 768 haec
1227 706 1544 770 sententia
1605 710 1731 769 est:
1812 709 1988 769 estne
2057 701 2410 787 quidquam
2478 708 2616 764 tam

255 803 553 869 iniustum
570 851 589 882 ‚
652 811 727 870 ut
786 805 1059 892 populus
1114 828 1241 873 non
1301 812 1502 894 possit
1549 815 1764 876 vetare
1811 813 1924 875 aut
1965 804 2249 873 iuben-132·
2268 804 2435 871 nihil
2481 810 2620 869 tam

254 909 555 974 iniustum
600 916 724 987 est,
773 915 927 996 quin
972 912 1249 998 populus
1296 915 1497 1000 possit
1540 914 1782 981 iubere.
1875 910 1978 979 Ad
2025 933 2187 998 quae
2231 931 2356 977 non
2393 929 2617 976 conve-

253 1015 341 1079 nit
379 1034 775 1100 responsum.

329 1224 423 1293 De
465 1228 609 1296 loco
651 1230 986 1298 notissimo
1032 1231 1068 1314 ς
1113 1227 1278 1294 102:
1345 1231 1568 1309 „iubet
1613 1233 1787 1297 enim
1836 1231 2058 1298 eodem
2100 1233 2239 1298 iure
2285 1252 2419 1298 esse
2468 1232 2618 1317 (Vo-

248 1327 608 1420 laterranos)
686 1355 811 1421 quo
877 1336 1116 1401 fuerint
1185 1338 1638 1414 Ariminenses;
1720 1357 1878 1422 quos
1946 1337 2091 1422 quis
2161 1340 2416 1425 ignorat
2487 1337 2619 1404 XII

250 1433 630 1515 coloniarum
687 1440 883 1506 fuisse
947 1445 1013 1506 et
1073 1460 1112 1505 a
1154 1441 1406 1508 civibus
1453 1440 1763 1507 Romanis
1810 1441 2194 1508 hereditates
2239 1461 2460 1527 capere
2504 1463 2615 1528 po·

250 1541 521 1609 tuisseP‘
593 1566 796 1631 nuper
851 1546 988 1634 egit
1044 1544 1281 1611 Beloch
1298 1592 1315 1623 ,
1378 1546 1491 1612 der
1549 1545 1852 1613 Italische
1914 1545 2104 1611 Bund
2167 1552 2355 1613 unter
2415 1546 2618 1614 Roms

247 1642 636 1734 Hegemonie
654 1701 675 1725 ‚
745 1649 1011 1737 Leipzig
1059 1648 1256 1735 1880,
1303 1672 1371 1737 p.
1424 1650 1576 1735 155,
1625 1672 1761 1737 sqq.
1778 1671 1796 1730 ;
1847 1654 2187 1718 coniiciens
2232 1672 2344 1737 pro
2392 1657 2621 1717 Arimi-

241 1771 441 1817 ασκεω
454 1786 475 1816 .·
534 1756 824 1822 Ardeates
839 1803 857 1834 ,
922 1761 999 1821 ut
1060 1755 1216 1822 haec
1275 1756 1739 1844 intellegantur
1799 1756 1877 1822 de
1939 1759 2080 1823 iure
2137 1756 2472 1823 duodecim
2522 1779 2624 1825 co-

243 1852 549 1924 loniarum
586 1881 743 1946 quas
757 1909 772 1938 ,
822 1882 972 1926 cum
1006 1861 1314 1927 militiam
1355 1861 1808 1929 detrectassent
1845 1860 2011 1927 bello
2049 1861 2295 1927 Punico
2318 1861 2612 1940 secunde,

246 1969 483 2031 constat
536 1986 615 2032 ex
677 1964 822 2033 Liv.
880 1964 1169 2032 XXVII.
1233 1966 1274 2031 9
1345 1967 1569 2034 deinde
1632 1968 1940 2033 deteriore
2003 1968 2141 2032 iure
2185 1966 2381 2032 fuisse
2428 1986 2621 2053 quam

244 2065 644 2151 duodwffnti
701 2070 982 2156 reliquas
1001 2119 1019 2155 ,
1080 2091 1242 2156 quae
1286 2073 1355 2136 in
1400 2070 1522 2137 fide
1566 2073 2011 2158 perstitissent.
2109 2070 2269 2137 Vere
2314 2072 2481 2137 mihi
2525 2075 2624 2137 iu-

248 2168 449 2240 dicare
505 2175 763 2277 videtur
779 2223 798 2253 ‚
858 2177 972 2242 vix
1035 2176 1113 2243 de
1159 2176 1289 2242 alio
1335 2177 1721 2243 duodenario
1763 2197 2029 2243 numero
2074 2177 2465 2243 coloniarum
2512 2178 2623 2265 agi

249 2293 456 2358 posse3
515 2300 745 2365 parum
802 2283 976 2346 enim
1022 2281 1349 2366 probabile
1396 2287 1492 2348 est
1537 2281 1663 2348 duo
1707 2301 1943 2369 genera
1984 2282 2375 2347 coloniarum
2423 2282 2624 2348 fuisse

252 2381 602 2451 condicione
665 2385 914 2452 diversa
931 2434 950 2469 ,
1011 2406 1284 2470 quorum
1346 2392 1690 2472 utrumque
1738 2385 2057 2453 duodenas
2103 2388 2293 2453 urbes
2339 2387 2620 2473 comple-

250 2506 398 2553 xum
437 2492 523 2556 sit
539 2540 555 2564 ‚
598 2491 819 2556 eodem
867 2498 1083 2556 tamen
1127 2490 1265 2556 XII
1309 2492 1673 2556 coloniarum
1717 2492 1975 2558 nomine
2023 2499 2366 2578 utrumque
2415 2494 2621 2580 signi-

252 2589 521 2661 ficatum.
614 2597 703 2661 At
762 2596 945 2662 nobis
994 2596 1193 2681 ⁸hodie
1208 2645 1228 2681 ,
1290 2599 1511 2682 opinor
1527 2646 1545 2680 ‚
1608 2616 1734 2663 non
1794 2599 1950 2662 satis
2010 2587 2236 2664 notum
2281 2604 2410 2677 est,
2461 2598 2616 2684 quid

253 2694 420 2766 Sulla
464 2701 542 2766 de
587 2699 1105 2767 Ariminensibns
1121 2750 1139 2784 ‚
1186 2701 1368 2766 novis
1413 2700 1653 2767 colonis
1711 2722 1749 2767 a
1795 2721 1861 2766 se
1899 2701 2187 2766 deductis
2227 2703 2333 2785 (cf.
2362 2702 2623 2789 Zumpt,

254 2797 488 2870 Comm.
533 2805 757 2892 Epigr.
806 2827 866 2891 p.
916 2804 1078 2890 255)
1124 2808 1426 2871 statuerit
1441 2854 1460 2890 ‚
1506 2811 1583 2871 ut
1626 2826 1937 2893 negemus
1977 2806 2344 2872 Ariminum
2383 2807 2451 2872 in
2475 2805 2622 2871 aliis

254 2907 501 2975 coloniis
562 2910 1018 2976 constituendis
1078 2908 1296 2976 Sullae
1356 2909 1649 2996 exemplo
1706 2930 1840 2975 esse
1897 2913 2199 2995 potuisse.
2297 2910 2424 2976 Sed
2471 2931 2619 2976 cum

250 3021 479 3082 constet
546 3018 915 3082 Ariminum
984 3037 1110 3082 non
1171 3017 1551 3101 pertinuisse
1620 3015 1700 3081 a'd
1761 3014 1889 3080 XII
1945 3013 2220 3081 colonias
2281 3015 2582 3082 Livianae
2606 3063 2623 3094 ,

252 3122 521 3187 noudum
583 3121 936 3187 abiicienda
996 3121 1253 3188 videtur
1312 3120 1588 3188 Salvinii
1649 3121 2011 3187 coniectura
2054 3140 2168 3206 pro
2213 3119 2345 3186 XII
2391 3120 2624 3186 substi-

253 3229 479 3292 tuentis
537 3225 748 3292 XIIX.
820 3224 945 3293 Cui
1013 3247 1138 3292 non
1197 3226 1384 3293 video
1403 3272 1420 3303 ,
1486 3225 1641 3311 quid
1696 3229 1897 3310 possit
1959 3227 2192 3310 opponi
2214 3274 2229 3301 ‚
2280 3227 2407 3291 nisi
2451 3224 2620 3311 quod

251 3350 367 3396 uon
420 3332 652 3397 diserte
716 3336 997 3408 constet,
1038 3331 1446 3413 duodovfflnti
1490 3331 1753 3396 coloniae
1800 3332 2057 3416 proprio
2105 3336 2171 3397 et
2216 3331 2398 3416 quasi
2444 3332 2624 3397 tech-

253 3439 384 3504 nico
443 3436 752 3504 vocabulo
814 3439 1018 3503 dictas
1078 3457 1213 3503 esse
1271 3457 1433 3522 quae
1488 3437 1558 3501 in
1605 3434 1727 3502 fide
1774 3438 2171 3501 mansissent.
2269 3434 2343 3501 In
2389 3455 2463 3500 eo
2507 3456 2627 3501 nu·

255 3563 418 3609 mero
465 3547 746 3609 erratum
796 3563 929 3608 esse
969 3562 1095 3608 non
1142 3542 1402 3627 quidem
1448 3540 1642 3607 fidem
1688 3541 1845 3607 facit
1866 3587 1883 3619 ,
1931 3540 2039 3606 sed
2073 3548 2289 3608 tamen
2326 3541 2625 3625 suspitio·

256 3667 388 3713 sum
434 3656 530 3713 est
575 3647 744 3732 quod
791 3646 1016 3713 deletis
1059 3645 1306 3711 duabus
1352 3648 1519 3711 notis
1564 3645 1668 3711 XI
1691 3668 1733 3684 ··
1781 3644 1975 3710 habet
2011 3644 2416 3711 Francianus.
2463 3644 2624 3710 Eius

256 3754 586 3818 auctoritas
656 3772 781 3817 non
849 3771 1088 3839 magna
1146 3771 1258 3836 per
1313 3771 1381 3816 se
1442 3755 1572 3827 est3
1640 3756 1857 3816 tamen
1902 3750 2204 3834 inspectis
2249 3749 2623 3816 melioribus

257 3855 565 3922 codicibus
610 3854 745 3922 fieri
791 3860 1004 3942 potest
1051 3861 1125 3920 ut
1163 3856 1565 3921 correctionis
1606 3856 1883 3941 vestigia
1924 3853 2225 3919 similiter
2260 3860 2622 3938 appareant.

337 4003 467 4072 Scr.
513 4005 685 4073 Trai.
734 4006 827 4074 M.
872 4006 913 4073 J
915 4007 1174 4073 anuario

559 4117 624 4178 a⁰
675 4110 872 4177 1881.
1731 4107 1801 4175 O.
1849 4107 1946 4174 M.
1994 4106 2487 4175 FRANGKEN.

335 4274 599 4364 Scriptis
657 4278 762 4342 his
820 4278 899 4343 ab
963 4278 1351 4344 amicissimo
1415 4277 1664 4365 collega
1722 4275 2148 4343 Herwerdeno
2195 4276 2435 4360 accipio
2482 4296 2626 4341 con·

256 4389 526 4467 spectum
574 4402 839 4471 operum
886 4384 1206 4449 societatis
1243 4381 2003 4471 philologiwhistoricae
2038 4379 2427 4447 Hauniensis
2451 4380 2626 4475 (kort
