3192 5017
572 316 703 383 304
1590 335 1940 386 commus

569 507 725 591 [his]
776 506 1217 571 consulentibus
1261 510 1633 574 nominatim
1679 508 1919 593 Pythia
1958 513 2275 598 praecepit
2320 524 2391 575 ut
2440 508 2795 574 Miltiadem
2832 512 2927 573 im·

557 625 916 701 perator-em
963 614 1081 678 sibi
1124 627 1450 680 sumerent.

658 718 972 805 Compara
1029 720 1317 785 leemist.
1366 720 1450 786 II.
1492 720 1563 785 6:
1613 724 1913 786 miserunt
1954 721 2233 810 Delphos
2271 724 2614 788 consultum
2656 724 2927 809 quidnam

555 826 840 911 facerent
901 829 974 890 de
1021 827 1194 890 rebus
1240 829 1387 891 suis.
1483 827 1981 892 Deliberantibus
2030 830 2272 914 Pythia
2320 831 2639 916 respondit
2684 841 2755 892 ut
2796 850 2928 891 moe-

567 934 746 996 nibus
791 932 1005 1017 liyneis
1051 955 1111 997 se
1158 936 1490 998 munirent.
1540 933 1733 998 Vides
1780 935 2180 999 deliberatum
2217 942 2281 999 et
2319 935 2664 1000 consultum
2702 953 2930 1020 prorsus

562 1040 736 1102 idem
807 1059 976 1122 esse,
1049 1059 1173 1124 quo
1242 1041 1454 1127 magis
1513 1039 1686 1104 fraus
1745 1039 2028 1124 perpluit
2090 1042 2157 1105 in
2219 1041 2453 1126 puerili
2519 1040 2929 1105 additamento

569 1144 710 1229 [qui
770 1145 1144 1208 consulerent
1205 1144 1615 1232 Apollinem}
1714 1144 1925 1210 Stulte
1971 1149 2143 1211 enim
2190 1148 2283 1212 sio
2329 1147 2428 1211 bis
2473 1146 2646 1210 idem
2698 1144 2928 1210 dieitur.

564 1249 803 1315 Eodem
853 1250 1090 1314 indicio
1134 1251 1230 1314 his
1274 1250 1727 1334 interpolatum
1779 1273 1912 1317 esse
1960 1252 2471 1337 deprehenditur.

656 1356 868 1421 Multa
936 1362 1086 1421 sunt
1153 1359 1221 1421 in
1291 1356 1560 1442 Nepotis
1628 1357 1813 1423 libris
1874 1358 2312 1423 additamenta
2364 1359 2443 1424 de
2501 1377 2736 1444 genere
2795 1356 2929 1431 hoc,

566 1482 836 1548 quorum
906 1464 1038 1527 iam
1112 1463 1274 1527 bona
1337 1483 1479 1548 pars
1542 1466 1873 1529 communi
1935 1461 2323 1530 Critieorum
2386 1484 2693 1530 consensu
2756 1464 2931 1527 eiecta

567 1574 700 1652 est,
761 1569 871 1634 sed
933 1569 1237 1634 nonnulla
1289 1570 1396 1633 hic
1444 1568 1618 1646 illic,
1669 1576 1741 1634 ut
1790 1571 2231 1649 ostendemus,
2284 1571 2490 1636 adhuc
2538 1570 2762 1635 latent.
2816 1567 2930 1634 vid.

580 1675 845 1739 Timoth.
894 1673 1003 1739 III.
1055 1672 1134 1738 2:
1183 1675 1322 1738 huic
1365 1677 1434 1738 in
1478 1675 1799 1740 consilium
1846 1679 2082 1741 dantur
2126 1680 2250 1741 viri
2286 1679 2413 1741 duo
2461 1679 2764 1761 [quorum
2809 1694 2930 1739 eon·

564 1780 711 1846 silio
781 1781 1121 1865 utereturJ.
1216 1779 1292 1844 In
1363 1780 1656 1845 Miltiade
1726 1781 1837 1845 IV.
1908 1782 1983 1846 3:
2052 1795 2375 1869 praetores
2438 1784 2581 1867 [qui
2644 1781 2932 1846 exercitui

563 1889 953 1971 praeessent]
973 1934 990 1962 ,
1055 1894 1122 1951 et
1177 1885 1289 1950 ΙΙΙ.
1340 1884 1414 1950 2:
1468 1888 1599 1971 [cui
1643 1888 1755 1951 illa
1802 1891 2079 1953 custodia
2125 1889 2491 1973 crederetur]
2514 1935 2530 1964 ‚
2598 1893 2664 1952 et
2711 1884 2931 1952 similia

565 1995 827 2075 passim.

658 2098 1045 2164 Praesertim
1111 2099 1594 2184 interpolatores
1658 2102 1724 2163 in
1789 2120 1972 2186 opere
2034 2102 2255 2168 videas
2317 2100 2430 2166 ubi
2488 2106 2585 2166 est
2650 2098 2932 2164 mendosa

565 2207 800 2271 oratio:
878 2224 1039 2289 quae
1106 2207 1191 2270 sit
1253 2207 1404 2270 vitii
1465 2205 1645 2270 sedes
1704 2227 1829 2272 non
1893 2207 2451 2283 animadvertunt,
2514 2205 2627 2270 sed
2672 2204 2834 2290 quod
2874 2204 2933 2266 in

565 2314 832 2379 buccam
877 2313 1058 2377 venit
1103 2312 1448 2377 inferciunt
1496 2311 1574 2377 de
1623 2333 1736 2378 suo
1784 2320 1857 2377 ut
1907 2315 1974 2376 in
2021 2313 2311 2399 Ayesilao
2365 2311 2536 2378 VIII.
2588 2313 2659 2376 2:
2707 2335 2838 2376 cum
2874 2311 2932 2373 in

564 2433 703 2484 acta
766 2420 1131 2483 accubuisset
1183 2455 1263 2466 -
1313 2421 1644 2493 eodemmm
1705 2421 1950 2484 comites
2012 2444 2215 2485 omnes
2260 2422 2511 2494 vestitu,
2569 2438 2694 2482 non
2742 2436 2930 2482 sense-

563 2530 715 2590 runt
782 2526 986 2590 eodem
1057 2542 1179 2598 Quo
1241 2528 1488 2589 comites
1551 2548 1757 2589 omnes
1818 2546 2047 2594 verum
2113 2547 2277 2600 esse,
2343 2525 2454 2591 sed
2498 2531 2745 2590 retento
2788 2524 2930 2590 vitio

563 2629 760 2696 stulte
808 2636 950 2716 post
997 2654 1200 2695 omnes
1247 2630 1324 2695 de
1372 2650 1486 2696 suo
1529 2632 1941 2696 accubuissent
1985 2631 2472 2718 interpolarunt.

652 2737 969 2803 Restituit
1014 2735 1228 2802 locum
1275 2736 1621 2824 Pluygers.

653 2844 728 2908 In
785 2842 1034 2909 Cimone
1080 2842 1186 2908 IV.
1243 2843 1307 2906 l:
1364 2868 1501 2908 cum
1546 2845 1964 2932 compluribus
2011 2846 2154 2911 locis
2200 2845 2410 2910 hortos
2457 2845 2729 2920 haberet,
2765 2867 2930 2907 num-

561 2975 750 3038 quam
791 2952 858 3015 in
903 2953 981 3015 iis
1025 2952 1331 3014 custodem
1368 2952 1620 3036 posuit,
1669 2950 2050 3016 addiderunt
2095 2954 2424 3035 perinepte
2471 2952 2753 3035 [fructus
2809 2970 2926 3012 ser-

561 3060 751 3122 vandi
788 3054 1026 3143 qratia]
1049 3102 1067 3132 ,
1116 3055 1282 3138 quod
1329 3075 1409 3119 ne
1454 3054 1760 3120 Latinum
1809 3056 2068 3140 quidem
2117 3062 2230 3121 est.
2282 3054 2440 3135 Quis
2483 3063 2700 3119 autem
2745 3053 2927 3118 nescit

560 3184 672 3229 cur
738 3163 1028 3228 custodes
1095 3164 1163 3225 in
1232 3161 1436 3226 hortis
1497 3161 1920 3246 ponerentur?
1984 3162 2125 3245 Ipse
2188 3162 2518 3227 hortorum
2582 3160 2736 3226 deus
2773 3158 2925 3243 apud

560 3269 893 3335 Catullum
943 3270 1036 3332 ita
1083 3267 1274 3332 dicit:

1107 3374 1436 3457 ayellulum
1485 3375 1644 3439 hunc
1692 3411 1775 3421 -

1107 3480 1353 3566 keo-ique
1399 3481 1678 3546 villulam
1724 3482 2156 3568 hortulumque
2191 3483 2495 3568 pauperis

1109 3597 1252 3649 tuor
1296 3586 1613 3673 malasque
1641 3587 1829 3669 fmis
1875 3609 2048 3651 arceo
2095 3610 2335 3650 manus.

653 3690 775 3758 Oui
821 3711 946 3756 non
993 3689 1232 3756 notum'
1263 3690 1549 3775 lepidum
1603 3693 2050 3777 proverbium:

1106 3799 1360 3874 γλυκεῖ’
1408 3800 1612 3874 ὀπώρα
1660 3801 1947 3878 Φύλακος
1997 3796 2443 3870 ἐκλελοιπότος.

650 3905 723 3970 In
788 3904 1106 3992 Iphicrate
1168 3903 1217 3966 Ι.
1273 3903 1347 3966 4:
1425 3927 1572 3967 nam
1630 3907 1905 3991 pondere
1966 3906 2237 3969 detracto
2283 3907 2451 3991 quod
2494 3927 2678 3992 aeque
2721 3921 2915 3988 corpus

561 4023 781 4098 teyeret
830 4013 923 4092 [et
969 4007 1109 4073 leve
1158 4009 1343 4093 esset]
1383 4013 1651 4098 curavit.

654 4117 928 4183 Evidens
973 4117 1029 4179 si
1076 4115 1241 4199 quod
1290 4115 1466 4180 aliud
1505 4116 1824 4181 emblema
1864 4119 2111 4202 primus
2150 4116 2474 4205 Pluygers
2512 4114 2909 4204 deprehendit.

652 4224 727 4289 In
785 4222 1055 4287 Chabria
1100 4220 1215 4285 111.
1266 4220 1325 4286 3.
1377 4242 1526 4286 vera
1571 4221 1761 4287 lectio
1808 4229 1940 4287 est:
1989 4246 2177 4310 neque
2219 4227 2429 4289 animo
2476 4247 2665 4311 aequo
2694 4241 2909 4312 paupe-

563 4354 658 4396 res
707 4330 972 4423 alienam
1019 4328 1384 4415 opulentiAM
1429 4331 1807 4394 intueantur.
1855 4330 2096 4395 Natum
2148 4338 2244 4396 est
2292 4332 2529 4396 vitium
2578 4331 2909 4420 opulentitm

562 4445 626 4504 et
664 4457 833 4502 nune
871 4436 938 4500 in
972 4433 1153 4499 libris
1190 4433 1468 4521 legitur:
1499 4435 1764 4502 alienam
1791 4437 2170 4524 opulentiam
2195 4440 2554 4504 intueantur
2576 4447 2906 4504 sommum.
