3192 5017
560 294 690 363 404
1548 312 1947 364 nnnoooroe.

553 486 844 554 Bentleio
891 496 1002 552 aut
1048 486 1324 553 Porsono
1373 490 1481 575 agi
1529 493 1735 573 putes.
1793 485 2035 553 Deinde
2086 485 2378 572 exempla
2426 486 2914 553 emendationum

553 617 590 660 a
666 597 796 659 viro
866 596 1407 678 perspicacissimo
1481 600 1874 679 repertarum
1944 594 2098 659 haec
2170 594 2498 679 apponitz‘
2542 593 2639 670 „L
2703 592 2760 655 9.
2819 611 2914 677 pro

557 698 912 779 Ἐῦόψεται
955 702 1209 784 scripsit
1253 708 1354 764 ΟΕ
1398 697 1663 780 ὄψεται,
1714 698 1821 764 88.
1873 699 2096 782 χρόνῳ]
2145 700 2307 779 χρή,
2365 698 2512 763 126.
2564 705 2672 769 τῆς
2713 698 2918 779 χώρης]

555 831 646 880 τις
711 812 925 886 χῶρος.
991 805 1082 870 ΙΙ.
1143 805 1242 869 11.
1291 806 1502 870 πλοίου
1545 804 1919 893 ἀρξαμένου]
1969 807 2182 870 πλοίου
2221 796 2641 884 ἀρξαρὶένΩῙ,
2687 804 2789 869 15.
2829 803 2922 867 αὖ·

556 916 702 997 τῶν]
752 912 982 988 αὐτήν,
1031 910 1182 976 124.
1232 910 1434 999 ἄλλῳ]
1483 914 1636 993 λαῷ.
1687 911 1834 979 175.
1879 910 2379 999 καταχθόμενον]
2430 912 2534 974 καὶ
2577 910 2921 989 ἀχθόμενον.

556 1018 669 1084 III.
735 1017 842 1083 20.
909 1017 1042 1106 καὶ]
1114 1024 1300 1099 φασι.
1370 1017 1476 1082 31.
1543 1021 1734 1102 τοῖσι]
1802 1026 1953 1082 τοῖσι
2021 1017 2302 1097 Πέρσησι.
2359 1017 2470 1082 54.
2525 1017 2923 1101 ὑπερέβησαν]

557 1125 895 1203 ἐπέβησαν.
958 1123 1063 1189 59.
1133 1125 1395 1209 Θυρέαν]
1456 1123 1730 1203 Ὕδρέαν.
1795 1123 1898 1188 61.
1966 1148 2032 1187 τε
2100 1120 2284 1209 ἦσαν]
2351 1123 2588 1198 εἴησαν.
2647 1123 2779 1188 VII.
2826 1121 2923 1186 22.

558 1231 752 1316 ἐντός]
801 1229 996 1309 ἐκτός,
1046 1236 1110 1295 et
1156 1230 1283 1295 alia
1328 1230 1766 1327 compluscula
1812 1229 2050 1295 eisdem
2100 1230 2375 1313 farinae,
2418 1232 2484 1293 in
2525 1231 2758 1315 quibus
2783 1229 2926 1293 nihil

557 1340 754 1405 ferme
802 1344 896 1403 est
943 1337 1109 1422 quod
1159 1357 1280 1401 non
1330 1337 1602 1421 quilibet
1647 1339 1756 1421 qui
1803 1338 1922 1401 hoc
1966 1343 2117 1424 agat
2155 1342 2219 1401 et
2259 1336 2671 1401 mediocriter
2710 1333 2930 1402 Graece

559 1446 717 1511 sciat
763 1442 935 1509 facili
981 1445 1239 1530 nogotio
1287 1445 1600 1530 corrigere
1645 1445 1958 1527 potuerit,
2009 1442 2117 1507 sed
2172 1442 2352 1507 nulla
2393 1442 2701 1527 palmaris
2740 1463 2929 1507 emen·

559 1553 731 1618 «latio
799 1550 1091 1616 Bentleio
1163 1555 1274 1614 aut
1338 1549 1613 1614 Porsono
1672 1548 1887 1636 digna.
1985 1547 2511 1613 Admirabundus
2579 1562 2796 1613 tamen
2852 1550 2930 1612 ita

559 1660 770 1744 pergit
816 1655 994 1721 Stein
1043 1656 1278 1720 dicere:
1338 1657 1525 1739 „quid
1566 1655 1723 1739 quod
1766 1654 1920 1717 vidit
1966 1655 2105 1717 olim
2156 1677 2303 1739 quae
2334 1662 2546 1738 postea
2595 1656 2799 1718 critici
2836 1676 2930 1717 no-

561 1764 706 1828 biles
752 1763 972 1828 vidisse
1016 1763 1133 1824 eibi
1168 1761 1357 1844 primi
1398 1763 1773 1839 videbantur,
1822 1761 2009 1824 veluti
2056 1759 2166 1824 III.
2218 1758 2277 1825 7.
2348 1758 2759 1846 ἘΛξαντας]
2814 1769 2931 1824 CA·

558 1869 811 1947 ξαντας.
882 1866 989 1932 66.
1051 1870 1138 1944 μὴ
1203 1867 1346 1951 μέν]
1412 1868 1500 1943 μή
1550 1892 1676 1944 μιν.
1725 1865 1839 1931 IV.
1895 1866 1956 1931 ὅ.
2008 1869 2146 1950 τοῦ]
2199 1872 2336 1929 τῶν.
2391 1865 2492 1931 78.
2549 1865 2740 1952 αὕτη]
2787 1868 2927 1939 αὐτή

560 2001 687 2041 cum
752 1976 1025 2052 Rachia,
1095 1973 1201 2038 IV.
1256 1972 1360 2040 79.
1414 1973 1666 2058 ,cirta-s]
1718 1981 1971 2038 κατεῖσε
2022 1996 2147 2035 cum
2207 1972 2622 2037 ValckenariO.
2675 1973 2787 2038 III.
2836 1970 2929 2036 68.

559 2079 953 2166 ἀνιςοὶμενος]
1011 2079 1358 2155 ἕνας-άμενος
1412 2103 1538 2142 cum
1586 2086 1850 2163 ula-oque.
1902 2077 2016 2143 III.
2069 2077 2174 2142 69.
2215 2078 2315 2163 ἣν]
2359 2080 2411 2141 εἱ
2452 2103 2580 2141 cum
2608 2082 2922 2157 Schaesero.

562 2189 665 2254 VI.
718 2186 827 2253 8¹7.
875 2189 1198 2269 πεντήρης]
1247 2185 1597 2264 πεντετηρίς
1647 2208 1776 2248 cum
1826 2184 2281 2249 Schoemanno.”
2375 2185 2557 2251 Nihil
2610 2190 2811 2251 estin
2845 2187 2928 2250 his

561 2293 976 2359 memorabile
1023 2300 1268 2378 praeter
1314 2314 1514 2357 unum
1568 2291 1912 2367 ΕΑξαντ-ας
1962 2312 2073 2376 pro
2119 2289 2537 2369 ἝΛξαντας,
2584 2295 2696 2357 sed
2747 2300 2930 2358 osten·

561 2402 786 2467 demus
832 2399 998 2463 infra
1044 2419 1236 2483 quam
1288 2397 1469 2463 facile
1516 2400 1681 2462 inter
1726 2419 1791 2462 se
1840 2396 2306 2461 confundantur
2357 2407 2460 2462 CA
2509 2406 2574 2465 et
2630 2408 2777 2475 ΕΛ,
2831 2407 2928 2461 ΔΕ

560 2516 624 2572 et
674 2514 818 2583 AC,
886 2515 1000 2570 ΛΕ
1049 2510 1112 2569 et
1159 2513 1297 2589 AC,
1366 2510 1438 2568 ut
1486 2504 1540 2569 I.
1595 2502 1768 2570 1742·
1812 2503 2204 2580 ΒυβΛΕο-Ιης
2253 2524 2364 2587 pro
2413 2506 2832 2582 ΒυβΛςο-ἰης,
2877 2512 2928 2569 et

560 2634 685 2679 non
756 2618 851 2677 est
924 2609 1267 2686 (ῐΑξαντ-ας
1336 2631 1447 2695 pro
1514 2608 1893 2683 ἝΛζ-ἀντας
1959 2611 2399 2696 peringeniose
2466 2620 2787 2696 repertum
2836 2610 2928 2676 sed

560 2722 821 2804 antiqua
883 2723 947 2782 et
1007 2719 1201 2803 proba
1259 2715 1448 2781 lectio
1510 2723 1605 2781 est
1656 2714 1999 2791 (ΞΛξ-ἀντας
2052 2736 2089 2780 a
2138 2716 2521 2781 dormitante
2568 2715 2830 2784 librario
2873 2721 2928 2780 in

564 2825 909 2901 ΕΛξαντας
962 2828 1273 2907 corrupta.

649 2932 746 2997 Ne
809 2929 1124 2998 Graecum
1175 2929 1432 3014 quidem
1480 2936 1575 2993 est
1625 2924 1849 3011 ἕλξας,
1899 2948 2047 2992 nam
2097 2934 2341 2994 veteres
2389 2950 2606 2994 omnes
2658 2931 2932 2996 dicebant

562 3037 756 3115 ἕλκω,
827 3033 982 3113 ἕλξω
1055 3042 1118 3100 et
1187 3032 1479 3115 εἵλκυσα,
1543 3039 1619 3099 ut
1676 3031 1868 3114 ἕρπω,
1939 3032 2100 3111 ἕρψω
2168 3042 2231 3099 et
2283 3033 2561 3114 εἵρπυσα.
2614 3035 2770 3102 Sero
2813 3037 2930 3100 nati

562 3141 860 3210 Graeculi
904 3138 1088 3219 εἶλξα
1137 3149 1199 3207 et
1248 3136 1431 3220 εἶρψα
1480 3147 1817 3223 coeperunt
1864 3140 2088 3216 dicere,
2135 3146 2206 3205 ut
2251 3140 2328 3205 ad
2369 3141 2750 3208 Philostrati
2775 3145 2930 3207 vitm·

561 3250 870 3334 Apollonii
934 3249 1253 3335 Tyaneneis
1301 3247 1457 3313 olim
1506 3247 1770 3312 ostendi.
1865 3246 2322 3331 Exemplorum
2375 3247 2562 3332 plena
2610 3256 2764 3313 sunt
2808 3269 2930 3313 om-

562 3360 700 3433 nia;
757 3376 954 3420 unum
1006 3354 1153 3420 vide
1198 3353 1284 3418 Π.
1338 3353 1458 3421 25;
1510 3351 1677 3417 ἕλκει
1722 3392 1801 3400 -
1829 3352 1898 3417 τὸ
1949 3350 2097 3433 ὕδωρ
2131 3392 2208 3401 -
2240 3354 2507 3425 ἑλκύσας
2559 3355 2625 3420 δὲ
2667 3354 2928 3420 ἀπωθέει.

652 3461 839 3528 Nunc
902 3461 1110 3526 dicam
1173 3481 1283 3525 cur
1346 3460 1673 3525 Romanus
1737 3457 1950 3529 Codex
2012 3480 2156 3524 vere
2205 3464 2268 3523 et
2317 3463 2601 3544 optimus
2657 3466 2927 3527 omnium

562 3576 626 3636 et
687 3568 859 3633 idem
926 3569 1241 3653 pessimus
1302 3569 1484 3631 testis
1541 3568 1752 3631 vocari
1800 3568 2016 3650 possit.
2114 3565 2453 3631 Derivatus
2503 3574 2599 3632 est
2648 3572 2817 3633 enim
2861 3588 2926 3631 ex

560 3676 725 3742 libro
765 3676 1025 3758 antiquo
1068 3673 1580 3737 emendatissime
1629 3674 1860 3757 scripto
1909 3678 1972 3736 et
2010 3671 2200 3758 longe
2239 3671 2553 3760 longeque
2577 3672 2852 3741 fideliore
2873 3679 2928 3738 et

561 3784 824 3849 certiore
892 3785 1051 3845 teste
1114 3799 1304 3863 quam
1356 3784 1504 3844 sunt
1550 3780 1606 3842 A
1655 3784 1717 3843 et
1767 3777 1838 3842 B.
1891 3778 2141 3842 Passim
2191 3778 2303 3843 ille
2351 3778 2515 3845 liber
2558 3784 2764 3866 ipsam
2813 3781 2928 3846 He·

558 3888 764 3954 rodoti
834 3905 1098 3952 manum
1161 3883 1332 3948 solus
1395 3886 1674 3950 servavit
1737 3890 2100 3969 corruptam
2166 3886 2332 3969 apud
2382 3885 2659 3972 reliquos
2706 3908 2924 3954 omnes.

519 3995 656 4059 .Ex
720 3993 833 4059 illo
895 3991 1126 4058 Codice
1186 3990 1507 4056 fluxerunt
1557 4011 1667 4075 per
1714 3990 2071 4075 complures
2122 3990 2458 4056 hominum
2506 4000 2743 4060 aetates
2789 4013 2924 4078 apo·

557 4101 802 4187 grapha
856 4097 1177 4183 permulta
1239 4095 1363 4162 alia
1427 4118 1504 4161 ex
1568 4096 1715 4161 aliis
1779 4102 2162 4183 propagata,
2223 4118 2495 4181 quorum
2562 4100 2793 4165 ultima
2855 4096 2921 4163 ad

561 4211 842 4270 nostram
907 4206 1181 4266 aetatem
1238 4202 1679 4287 perdurarunt.
1775 4202 1845 4266 In
1910 4224 2128 4268 eorum
2192 4224 2457 4269 numero
2519 4211 2668 4271 sunt
2711 4204 2924 4271 nobilis

566 4309 675 4375 ille
736 4307 889 4373 olim
956 4306 1427 4373 Sancroftianus
1489 4309 1801 4394 (Archias)
1865 4307 2101 4394 aliique
2167 4310 2332 4394 apud
2381 4310 2694 4377 Steinium
2737 4310 2919 4378 notati

563 4420 717 4482 brev.
781 4415 874 4481 Hi
935 4434 1152 4480 omnes
1221 4417 1290 4479 in
1351 4415 1602 4479 mendis
1659 4423 1724 4479 et
1770 4415 2084 4481 erroribus
2134 4420 2198 4480 et
2244 4415 2489 4483 lacunis
2537 4419 2728 4485 ferme
2773 4419 2920 4482 inter
