3192 5017
636 318 772 384 434
1677 336 1998 385 luminans.

730 508 887 594 Peg.
940 506 1045 573 33.
1097 527 1161 574 c:
1211 507 1484 583 πόλεμος
1535 506 1685 585 ἱερὸς
1736 506 1931 572 ὁποῖον
1979 504 2081 571 τὸν
2131 505 2395 571 Φωκικὸν
2439 506 2734 579 άκούομεν
2769 511 2978 577 'fibici-

639 640 737 681 ναι
787 616 958 680 κατα
1008 616 1145 687 τοὺς
1198 614 1553 694 ἔμπροσθεν.

732 721 875 786 Non
919 730 1014 785 est
1055 722 1159 788 hic
1197 721 1373 787 locus
1414 726 1607 788 verbo
1641 722 1903 793 ἕνςῆναι.
1954 719 2027 784 In
2055 720 2355 787 Vossiano
2379 726 2473 786 est
2496 719 2788 793 ἀκούομεν
2810 725 2975 789 cirac.

640 827 875 893 Verum
908 829 1070 893 vidit
1095 828 1397 894 Petavius
1424 836 1709 901 ΟΤςῆναι
1736 847 2059 911 reponens.
2101 827 2367 909 Iulian0,
2393 830 2502 912 qui
2533 825 2974 890 Demosthenem

639 944 704 999 et
751 933 1082 999 Platonem
1132 935 1386 1000 tenebat
1432 934 1820 1009 memoriter,
1863 932 2316 998 obversabatur
2361 932 2540 998 locus
2579 929 2975 996 Demosthenis

626 1062 745 1123 pro
792 1062 1007 1103 corona
1053 1061 1200 1127 pag.
1250 1038 1418 1104 230:
1467 1044 1575 1103 τοῦ
1623 1038 1748 1117 γάρ
1797 1043 2068 1103 Φωκικοῦ
2116 1038 2414 1110 συςάντος
2467 1038 2754 1114 πολέμου.

734 1252 894 1339 Peg.
945 1251 1051 1317 34.
1100 1254 1168 1315 b:
1231 1252 1539 1331 ἐπιλείψει
1588 1276 1671 1327 με
1718 1252 1997 1316 τάκείνου
2043 1252 2434 1330 διηγούμενον
2484 1254 2514 1317 ὃ
2560 1254 2763 1333 χρόνος
2807 1255 2973 1327 ἀδική-

644 1382 830 1434 ματα
878 1360 981 1423 καὶ
1033 1361 1142 1434 τὴς
1191 1359 1528 1438 τυραννίδος
1581 1365 1691 1431 τῆς
1743 1357 2233 1435 καταλαβούσης
2283 1359 2354 1423 τὸ
2401 1359 2683 1436 μέγεθος.

740 1464 945 1545 Quam
1008 1468 1225 1551 inepta
1282 1466 1437 1530 haec
1498 1472 1593 1531 est
1647 1465 1988 1531 verborum
2052 1464 2461 1550 compositio!
2513 1466 2863 1554 Legendnm
2901 1474 2973 1531 est

649 1571 958 1653 ἐπιλείψει
1030 1594 1112 1647 με
1176 1574 1203 1635 ό
1268 1569 1478 1653 χρόνος
1542 1572 1822 1665 τάκείνου
1887 1570 2278 1649 διηγούμενον
2340 1572 2732 1651 ἀδικήματα.
2820 1573 2976 1638 Amat

651 1678 858 1743 dicere
914 1677 1204 1743 Iulianus
1269 1677 1577 1752 ἐπιλείψει
1641 1701 1724 1752 με
1774 1677 1802 1740 ό
1847 1677 2080 1756 χρόνος.
2175 1678 2496 1762 Frequens
2552 1684 2650 1744 est
2696 1680 2844 1765 apud
2886 1680 2976 1743 At-

651 1785 809 1848 ticos
872 1783 1145 1848 ἐπιλίποι
1204 1785 1276 1860 μ’
1323 1782 1397 1849 ἂν
1450 1787 1483 1858 ἦ
1534 1782 1770 1861 ἡμέρα,
1818 1784 1948 1847 εἰὶσε
1991 1807 2078 1846 me
2122 1784 2399 1866 deficiat,
2450 1792 2518 1850 et
2565 1806 2844 1871 pompose
2879 1783 2974 1849 Iso·

651 1894 853 1954 crates
898 1911 1042 1977 pag.
1096 1890 1154 1954 4.
1206 1911 1278 1953 a:
1329 1890 1599 1954 ἐπιλίποι
1649 1888 1700 1952 δ’
1749 1887 1826 1952 ἄν
1875 1890 2042 1964 ἡμᾶς
2090 1892 2120 1951 ό
2170 1894 2297 1961 πάς
2343 1890 2577 1971 χρόνος.

742 2103 912 2190 Peg.
962 2101 1069 2168 35.
1116 2120 1177 2166 c:
1231 2100 1382 2168 οὕτω
1430 2103 1500 2166 τὸ
1549 2100 1846 2180 πράττειν
1893 2098 1959 2167 εὖ
2008 2102 2182 2180 παρα
2221 2103 2330 2177 τὴν
2367 2101 2557 2179 άξίαν
2592 2106 2753 2184 aaz&
2789 2104 2976 2169 πολλά·

653 2235 744 2284 κις
794 2210 1016 2289 γέγονε
1066 2215 1192 2281 τοῖς
1241 2208 1511 2282 άνοήτοις
1558 2207 1844 2288 μειζόνων
1893 2212 2241 2289 συμφορῶν.

745 2314 1204 2380 Demosthenes
1272 2317 1339 2379 in
1421 2316 1773 2400 Olynthium
1843 2317 2051 2399 prima
2123 2335 2268 2402 pag.
2304 2329 2313 2337 ·
2347 2314 2449 2394 16,
2507 2318 2578 2383 l:
2650 2319 2718 2383 τὸ
2777 2320 2882 2399 γὰρ
2929 2314 2977 2382 εὖ

655 2419 951 2501 πράττειν
1000 2422 1171 2499 παρὰ
1220 2423 1328 2495 τὴν
1373 2421 1557 2496 άξίαν
1608 2420 1860 2502 άφορμη
1907 2424 2012 2484 τοῦ
2062 2427 2264 2494 κακῶς
2311 2428 2553 2503 Φρονεῒν
2604 2436 2725 2497 τοῖς
2760 2428 2975 2499 ivoni-roae

657 2530 975 2608 γίγνεται.
1069 2526 1393 2611 Quidquid
1444 2534 1579 2593 erat
1625 2530 1692 2591 in
1741 2524 2009 2593 Graecia
2053 2527 2388 2593 hominum
2436 2529 2872 2618 elegantiorum
2924 2534 2976 2594 ut

657 2635 925 2702 Homeri
987 2636 1269 2698 carmina
1332 2636 1423 2699 sic
1471 2633 1919 2698 Demosthenis
1965 2636 2278 2699 orationes
2327 2637 2629 2704 tenebant
2672 2640 2978 2705 memoriter

657 2748 722 2808 et
767 2742 988 2806 statim
1036 2741 1459 2827 agnoscebant
1505 2742 1560 2804 si
1610 2742 1752 2824 quis
1799 2742 1878 2804 iis
1927 2737 2133 2823 lepide
2180 2745 2246 2806 et
2289 2745 2447 2807 scite
2490 2752 2790 2811 uteretur.

749 2845 1083 2931 Cleopatra
1144 2846 1379 2910 dicitnr
1439 2846 1506 2909 in
1570 2843 1864 2910 Ciliciam
1928 2848 2174 2911 venisse
2221 2847 2299 2911 ad
2345 2846 2702 2915 Antonium
2748 2848 2808 2916 εὖ
2850 2848 2980 2913 ἐντύ-

659 2958 821 3020 νασά
885 2953 913 3016 ὲ
971 2952 1189 3025 αὑτήν.
1253 2951 1421 3036 apud
1482 2950 1905 3016 Plutarchum
1955 2954 2021 3016 in
2067 2956 2330 3017 Antonio
2378 2974 2512 3040 cap.
2563 2955 2676 3020 25.
2724 2954 2981 3022 Recorda-

658 3063 892 3127 bantur
953 3078 1172 3123 omnes
1238 3057 1314 3121 de
1363 3056 1600 3123 Iunone
1646 3057 1800 3121 haec
1845 3060 1912 3121 in
1961 3056 2163 3124 Iliade
2217 3059 2343 3123 dici
2388 3066 2454 3125 et
2489 3062 2652 3145 quid
2697 3062 2844 3127 Iuno
2880 3068 2980 3123 tam

662 3166 925 3252 pulchre
970 3168 1267 3229 exornata
1315 3165 1663 3228 moliretur.

753 3271 1053 3337 Sciebant
1117 3282 1336 3335 omnes
1384 3268 1876 3335 Demosthenem
1928 3269 2161 3335 dixisse
2210 3272 2342 3356 (pro
2387 3295 2604 3337 corona
2655 3294 2788 3361 pag.
2831 3269 2983 3354 269):

664 3381 752 3446 σοὶ
805 3377 865 3442 δὲ
914 3379 1175 3454 άρετῆς,
1226 3372 1265 3438 ὦ
1315 3374 1644 3452 κάθαρμα,
1696 3379 1728 3449 ἢ
1780 3383 1905 3446 τοῖς
1947 3384 2071 3449 σοῖς
2113 3377 2207 3449 τίς
2247 3380 2591 3457 μετουσίας
2633 3386 2695 3446 et
2717 3379 2981 3445 Iulianum

663 3507 808 3573 pag.
858 3481 1007 3547 235.
1060 3483 1105 3544 d
1146 3481 1292 3545 hinc
1342 3482 1642 3546 sumsisse
1690 3499 1916 3545 snum:
1967 3481 2057 3546 σο)
2099 3481 2161 3546 δὲ
2199 3484 2416 3562 αἱρετῆς
2459 3485 2491 3559 ἢ
2535 3495 2662 3558 τοῖς
2702 3494 2811 3556 σοῖς
2847 3483 2985 3548 53⁶).-

665 3600 806 3673 φοῖς
835 3627 919 3638 -
945 3589 1198 3667 άφελὼν
1245 3588 1306 3651 δὲ
1355 3586 1424 3651 τὸ
1473 3586 1797 3667 δύσφημον
1845 3588 1914 3651 τὸ
1957 3588 2312 3666 λειπόμενον
2354 3591 2539 3664 αὐτὸς
2581 3593 2986 3670 άναπλιὶρωσον.

754 3696 1046 3762 Iulianus
1113 3694 1334 3758 scribit
1404 3693 1482 3760 ad
1540 3692 1964 3760 Athenienses
2028 3716 2176 3782 pag.
2245 3694 2399 3762 287.
2449 3717 2511 3761 c:
2577 3700 2648 3764 τὸ
2695 3702 2886 3765 παθεῖν
2922 3694 2986 3759 τὰ

666 3806 920 3885 ἔσχατα
969 3808 1190 3878 προσῆν
1240 3802 1341 3862 καὶ
1392 3800 1482 3863 ἔτι
1535 3802 1569 3875 ἧ
1620 3806 1737 3864 τῶν
1784 3800 2181 3879 πραγμάτων
2228 3804 2497 3884 αἰσχύνη
2540 3806 2814 3883 οὐδεμιᾶς
2845 3802 2988 3868 ἔλάτ·

665 3936 782 3977 των
843 3908 1069 3991 ζημίας
1139 3912 1265 3977 τοῖς
1328 3929 1406 3984 γε
1470 3910 1794 3987 σώφροσιν.
1888 3907 2337 3993 Agnoscebant
2383 3908 2795 3979 Athenienses
2838 3927 2985 3976 suum

667 4015 1159 4083 Demosthenem
1232 4032 1379 4098 pag.
1460 4011 1579 4077 17:
1656 4012 1759 4077 καὶ
1835 4012 2109 4091 πρόσεσθ’
2184 4017 2218 4090 η
2282 4012 2453 4095 ὕβρις
2517 4019 2620 4082 καὶ
2683 4018 2770 4084 ἔτι
2833 4018 2987 4092 ἡτῶν

668 4117 1060 4200 πραγμάτων
1111 4118 1380 4199 αἰσχύνη
1430 4119 1718 4193 οὐδεμιᾶς
1767 4118 2046 4185 ἐλάττων
2093 4120 2292 4201 ζημία
2341 4130 2463 4195 τοῖς
2511 4148 2592 4201 γε
2637 4126 2916 4204 σώφροσιν.

758 4226 1133 4290 Damascius
1196 4224 1362 4309 apud
1428 4222 1696 4290 Suidam
1756 4248 1818 4291 v.
1872 4226 2227 4300 Οὐλπιανός
2277 4230 2343 4292 in
2391 4228 2513 4295 fine
2559 4234 2649 4297 ita
2692 4231 2911 4296 scribit:
2949 4223 2986 4287 οἱ

670 4334 728 4395 ἑν
777 4327 971 4411 γωνίᾳ
1021 4329 1343 4406 καθήμενοι
1393 4330 1591 4407 λόγιοι
1647 4370 1727 4380 --
1779 4331 2089 4409 ἐκβαίνειν
2139 4333 2238 4397 ἐπὶ
2289 4335 2404 4408 τὰς
2454 4336 2701 4418 πράξεις
2756 4339 2987 4411 duarzu-

670 4433 902 4515 ζόμενοι
969 4435 1454 4516 ἀσχημονοῦσιν,
1522 4437 1599 4509 ὡς
1662 4434 1836 4510 α”πας
1902 4437 2085 4517 λόγος
2138 4437 2214 4505 ἂν
2260 4441 2393 4524 άπῇ
2441 4443 2528 4508 τοὶ
2576 4441 2722 4525 ἔργα
2762 4432 2988 4521 μάταιόν
