3192 5017
1339 280 1736 334 monowe.
2599 264 2731 332 405

344 474 410 519 ee
471 455 847 538 conspirant.
943 453 1279 539 Optimum
1329 457 1620 519 omnium
1670 461 1733 519 et
1781 456 2107 540 antiquina
2155 456 2417 520 caeteris
2464 462 2561 521 est
2603 441 2729 521 Ro-

340 581 603 625 manum
655 560 1053 645 exemplum,
1110 581 1232 644 quo
1281 560 1415 625 solo
1462 560 1776 625 utendum
1826 561 2087 625 abiectis
2137 558 2400 643 reliquie
2447 566 2730 645 praeter-

343 688 535 752 quam
584 668 649 729 in
699 667 857 730 libro
905 666 982 741 V,
1031 669 1137 749 qui
1181 668 1247 730 in
1286 664 1517 731 Codice
1563 665 1863 731 Vaticano
1905 667 2311 731 desideratur.
2365 665 2489 731 Sed
2525 687 2728 753 genus

342 772 462 838 hoc
533 793 720 837 omne
794 771 1165 837 incredibile
1229 773 1403 836 dictu
1469 781 1562 837 eet
1626 793 1815 856 quam
1881 772 2091 836 multa
2149 772 2379 836 menda
2425 779 2489 836 et
2535 792 2729 856 quam

340 878 522 945 foeda
583 884 646 943 et
711 879 981 943 absurda
1029 878 1218 964 longo
1268 880 1571 962 temporis
1620 886 1828 943 tractu
1874 881 2260 962 conceperit,
2312 898 2472 961 quae
2519 881 2733 943 omnia

341 990 407 1049 et
469 986 537 1048 in
606 983 897 1048 Romano
962 986 1121 1047 libro
1185 986 1602 1076 reperinntur.
1703 982 1916 1063 Quum
1980 983 2108 1048 sere
2154 982 2426 1050 solerent
2474 984 2574 1049 illi
2622 988 2735 1070 qui

341 1086 614 1154 Graecos
686 1088 883 1154 libros
947 1090 1382 1154 describebant
1447 1109 1571 1153 non
1635 1110 1770 1154 esse
1831 1109 2084 1173 prorsus
2147 1089 2409 1176 linguae
2457 1088 2733 1157 Graecae

342 1197 629 1279 imperiti
677 1195 786 1259 sed
835 1196 990 1258 eatis
1038 1193 1475 1281 intelligerent
1521 1195 1689 1279 quod
1737 1197 2114 1270 scriberent,
2164 1196 2463 1261 videntur
2516 1202 2735 1262 contra

342 1299 658 1365 librorum
733 1303 1150 1384 superstitum
1221 1301 1463 1365 scribae
1524 1300 1692 1365 nihil
1752 1303 1941 1376 scire,
2011 1284 2204 1365 nihil„
2237 1305 2501 1377 sentire,
2570 1302 2733 1367 nihil

340 1406 529 1493 plane
572 1409 851 1492 cogitare
892 1414 1004 1470 aut
1041 1404 1422 1493 intelligere.
1474 1405 1652 1472 Dabo
1691 1426 1890 1491 pauca
1930 1407 2223 1490 exempla
2259 1407 2336 1472 de
2360 1406 2732 1492 permultis:

741 1532 889 1577 vera
933 1510 1124 1600 lectio
2028 1520 2323 1598 corrupta

790 1620 858 1681 in
912 1615 1068 1682 AB.
2069 1621 2138 1683 in
2182 1617 2262 1686 R.

400 1724 448 1789 l.
546 1723 654 1788 54.
704 1722 963 1804 πάγχυ.
1616 1723 1811 1805 ταχύ.

397 1830 449 1895 Ι.
544 1828 650 1895 80.
701 1828 904 1909 ψιλόν.
1619 1827 1871 1905 ὑψηλόν.

396 1936 447 2002 l.
542 1935 649 2001 80.
700 1934 1186 2018 ὀσφραινόμενος.
1617 1934 2108 2017 εὐφραινόμενος.

395 2041 447 2108 Ι.
501 2042 650 2107 111.
699 2042 841 2108 τότε
889 2067 1025 2115 κως.
1616 2042 1685 2107 τὸ
1732 2041 1921 2115 τέκος.

398 2148 451 2213 I.
506 2147 652 2213 191.
704 2148 868 2229 ἀνδρὶ
917 2149 1016 2219 ὥς.
1618 2148 1916 2229 ἀνδρείως.

393 2254 444 2321 Ι.
494 2255 647 2321 202.
697 2256 1010 2333 μεγάθεα.
1616 2255 1938 2333 μεγεοὶθεα
1984 2264 2208 2321 natum
2256 2279 2332 2323 ex
2387 2242 2685 2338 μεγέθεα.

396 2363 446 2428 Ι.
498 2362 651 2428 211.
703 2363 1149 2433 ἕπελοὶσαντος.
1620 2363 2084 2433 ἕπελεύσαντος.

367 2469 449 2535 Π.
545 2469 653 2535 47.
703 2470 819 2533 ἀπ’
868 2464 944 2532 ὦν
993 2468 1226 2550 ἔβαψε.
1619 2471 1812 2534 ἀπιὼν
1860 2468 2093 2550 ἔβαψε.

368 2576 451 2642 Π.
547 2576 652 2641 48.
704 2576 846 2652 βίον
895 2575 1200 2645 ςαιτίνας.
1619 2575 1792 2650 βίους
1841 2574 1911 2639 τέ
1957 2599 2154 2648 τινας.

363 2682 447 2748 ΙΙ.
546 2682 653 2747 50.
701 2681 824 2745 οὐδ’
874 2680 1052 2761 ἥρωσι
1100 2679 1287 2745 οὐδέν.
1612 2683 1679 2744 οὐ
1728 2681 1799 2756 δὴ
1850 2681 2057 2761 δρῶσιν
2103 2682 2290 2748 οὐδέν.

366 2789 448 2855 ΙΙ.
544 2788 647 2853 52.
701 2789 765 2852 οὐ
832 2787 959 2867 γὰρ
1026 2784 1378 2861 ἀκηκόεσάν
1440 2810 1521 2850 κω
1619 2789 1684 2850 οὐ
1725 2786 1853 2866 γὰρ
1891 2787 2147 2861 ἀκήκοεν
2182 2788 2260 2854 ἄν
2301 2790 2466 2854 κοθεν
2505 2788 2603 2863 οὓς
2643 2791 2727 2857 δέ.

796 2894 960 2967 θεοὺς
1010 2893 1091 2960 δέ.
1751 2958 1754 2961 .

369 3001 447 3069 Π.
503 3000 654 3067 131.
706 2999 895 3078 ἐμίγη
946 3000 996 3064 οἱ
1048 3000 1328 3083 ἀεκούσῃ.
1622 2999 1812 3077 ἐμίγη
1861 2994 1956 3064 οἶα
2009 3000 2244 3083 ἑκούσῃ.

365 3109 443 3175 Π.
500 3107 649 3172 135.
697 3108 1268 3188 περιλεσχήνευτος.
1622 3106 1755 3185 περὶ
1805 3107 2045 3188 λέσχην
2091 3103 2280 3181 οὗτος.

369 3214 451 3280 Π.
508 3215 657 3279 141.
706 3214 1049 3279 ἐνυπνίοισι.
1623 3213 2027 3291 αἱγυπτίοισι.

398 3321 450 3387 Ι.
502 3320 657 3386 206.
704 3320 989 3397 βούλεαι.
1621 3318 1865 3396 βούλεε.

368 3428 451 3495 II.
551 3425 656 3492 76.
706 3426 1001 3504 μέλαινα.
1616 3424 1874 3503 μέλενα.

370 3534 453 3600 II.
551 3532 657 3598 35.
710 3534 922 3608 ἱρᾶται
971 3535 1149 3610 γυνή.
1624 3532 1725 3609 ἱροὶ
1772 3532 1841 3595 τὲ
1893 3533 2069 3609 γυνή.

336 3639 445 3710 ΠΙ.
541 3640 647 3707 37.
700 3640 1077 3718 ἐξεμαίνετο.
1622 3635 1938 3716 ἐξεμένετο

337 3747 449 3814 ΠΙ.
546 3747 652 3812 40.
703 3748 1122 3828 προσπταίειν.
1616 3743 2000 3826 προσπτέειν.

337 3853 447 3919 III.
549 3854 654 3917 55.
707 3854 904 3933 αἱρέθη
958 3854 1034 3918 ἂν
1084 3851 1307 3929 σάμος.
1622 3851 1943 3932 αἱρέθησαν
1991 3852 2254 3928 σαμιόις.

337 3960 448 4027 111.
510 3960 654 4025 122.
706 3960 902 4037 ἴδμεν.
1618 3957 1833 4034 ream
1883 3965 2108 4022 natum
2168 3979 2247 4024 οι
2294 3936 2491 4037 τέμει.

367 4068 431 4133 Il
595 4066 659 4131 9.
712 4064 999 4141 ἐξήνεικε.
1623 4062 1813 4138 ἕξήνει
1865 4067 1989 4129 καί.

340 4174 451 4241 VI.
548 4173 654 4239 ¹75.
706 4172 1014 4249 ἀνέγνωσε
1066 4170 1171 4236 τοὶ.
1626 4170 1862 4248 ἀνέγνω
1913 4171 1972 4243 ἐς
2023 4170 2135 4237 τοὶ.

341 4280 457 4346 ῙΧ.
555 4278 638 4343 47
714 4279 826 4353 ἠώς
877 4302 946 4342 τε
996 4277 1293 4357 διέφαινε.
1622 4276 1653 4348 ἢ
1709 4274 1822 4342 ὥςε
1872 4275 2169 4357 διέφαινε.

344 4388 455 4452 ΙΧ.
553 4386 658 4449 53.
707 4387 892 4450 ταῦτ’
939 4380 1352 4460 ἀναινομένου.
1622 4382 2230 4461 ταῦτα’νενωμένου.
