3192 5017
1347 227 1742 282 monum.
2673 205 2760 282 '75

354 400 476 469 sed
539 406 767 470 Atossa
824 423 950 469 non
1012 403 1226 490 potuit
1272 422 1491 491 regem
1539 401 1884 470 Persarum
1930 401 2112 483 ὄμμα
2162 401 2359 482 δόμων
2407 401 2725 492 appellare
2743 451 2761 482 ,

356 511 519 596 quia
588 512 725 596 ipse
786 531 899 577 rex
959 508 1206 597 legatos
1271 529 1419 574 suos
1465 506 1845 590 ὅφθαλμοὺς
1896 508 2215 595 appellare
2260 508 2505 577 solebat
2523 559 2541 595 ,
2594 508 2764 597 quod

358 623 514 681 tum
574 616 830 683 aliunde
890 623 1117 681 notum
1167 619 1303 701 est,
1355 621 1496 680 tum
1541 636 1618 681 ex
1668 615 1789 681 hac
1835 617 1975 701 ipsa
2022 614 2241 682 fabula
2288 637 2383 683 vs.
2433 613 2604 694 980,
2651 615 2769 681 ubi

360 722 520 789 vide
564 719 1044 789 Blomfieldum.
1124 720 1415 807 Denique
1464 721 1706 787 Xerxes
1754 719 2096 804 ὀφθαλμὸς
2145 720 2316 787 οἴκων
2365 726 2431 789 et
2476 742 2770 809 praesens

362 835 439 895 et
481 830 706 895 absens
752 834 849 895 est
895 834 1267 913 manetque,
1318 830 1511 893 sicuti
1558 827 1688 894 fuit
1731 830 2092 913 mansitque
2135 832 2443 915 perpetuo
2478 826 2769 913 Orestes,

362 956 764 1023 quamquam
811 955 1075 1024 peregre
1122 935 1355 1001 aberat.
1405 933 1578 1000 Hinc
1625 933 1820 1000 etiam
1867 934 2184 1001 Pindarus
2222 932 2324 1001 01.
2365 934 2429 1000 6.
2469 933 2556 1002 27
2597 940 2768 1002 recte

362 1042 649 1109 scribere
712 1045 961 1129 potuit:
1032 1038 1239 1107 ποθέω
1308 1044 1567 1120 ςρατιοῖς
1640 1038 1984 1120 ὀφθαλμὸν
2049 1042 2231 1120 ἐμάς.
2326 1040 2450 1110 Sed
2511 1041 2770 1108 absente

368 1149 637 1215 domino
694 1147 1055 1235 periculum
1117 1154 1214 1214 est
1269 1168 1348 1213 ne
1410 1146 1640 1213 domus
1687 1153 1942 1215 corruat
1958 1197 1975 1226 ,
2023 1169 2175 1214 nam
2223 1150 2488 1215 columen
2534 1145 2769 1215 deficit.

369 1254 679 1337 Quaesivi
727 1255 1042 1341 quomodo
1087 1253 1155 1320 id
1203 1250 1444 1320 Graece
1479 1254 1756 1319 dicerem
1796 1257 1862 1320 et
1898 1261 2120 1340 sponte
2157 1275 2292 1322 sese
2329 1254 2495 1321 mihi
2533 1251 2774 1321 obtulit

369 1361 567 1444 ἔχμα
627 1360 734 1428 vel
793 1359 974 1441 ὅχμα
994 1407 1010 1438 ,
1058 1380 1208 1426 nam
1254 1362 1535 1426 incertus
1579 1358 1807 1426 haereo
1854 1366 2069 1426 utram
2116 1360 2392 1428 formam
2444 1380 2772 1427 commen·

370 1469 553 1535 dem.
643 1467 971 1534 Homerus
1032 1472 1199 1534 certe
1267 1463 1536 1547 ἔχματα
1601 1465 1794 1545 dixit3
1858 1465 2043 1533 Iliad.
2108 1476 2180 1534 M
2227 1465 2400 1533 259:
2465 1466 2666 1543 ςῆλας
2715 1468 2775 1531 ἐν

365 1574 541 1658 γαίη
586 1573 766 1640 θέσαν
812 1572 1080 1653 ἔμμεναι
1129 1570 1401 1656 ἔχματα
1448 1574 1720 1655 πύργων.
1814 1570 1983 1639 Cum
2031 1573 2153 1640 hoc
2199 1573 2339 1640 loco
2386 1577 2775 1663 conjungen-

366 1682 503 1748 dus
549 1686 644 1747 est
685 1701 782 1748 vs.
832 1677 996 1748 ¹756:

925 1784 1179 1865 λέγουσι
1226 1785 1279 1850 δ’
1326 1787 1404 1858 ὤς
1451 1786 1528 1851 σὺ
1574 1786 1692 1864 μὲν
1735 1784 1949 1866 μέγαν
1996 1786 2223 1859 τέκνοις

655 1898 919 1961 πλοῦτον
968 1893 1203 1967 ἐκτήσω
1253 1892 1364 1958 σὺν
1414 1894 1665 1976 αἰχμῇ,
1710 1893 1815 1959 τὸν
1861 1891 1919 1958 δ’
1968 1893 2294 1974 άνανδρίας
2345 1890 2460 1959 ὕπο

654 2001 813 2067 ἔνδον
858 2001 940 2066 αἶ
956 1999 1139 2081 χμά
1160 1998 1360 2082 ζειν,
1411 2003 1689 2081 πατρῷον
1736 2001 1791 2066 δ’
1837 2001 2026 2078 ὄλβον
2072 2002 2237 2067 οὐδὲν
2284 1998 2593 2078 αὐξάνειν.

370 2107 756 2176 Absurdum
802 2113 897 2174 est
944 2107 1214 2174 verbum
1263 2105 1648 2192 αἰχμάζειν,
1693 2109 1795 2173 uti
1839 2108 2037 2174 vides.
2089 2106 2320 2174 Confer
2366 2112 2585 2174 autem
2623 2107 2778 2173 Eur.

372 2213 488 2281 El.
515 2211 682 2282 81¹7:
722 2209 849 2285 ὅτις
873 2217 1094 2294 ταῦρον
1125 2214 1407 2294 άρταμεΐ
1422 2216 1631 2286 καλῶς
1654 2212 1878 2289 ἵππους
1905 2214 1965 2280 τ’
1992 2211 2290 2298 ὀχμάζει.
2316 2211 2577 2302 Cyclop.
2608 2212 2780 2281 484:

1297 2321 1392 2387 τίς
1442 2319 1496 2385 δ’
1542 2320 1645 2386 ἐπὶ
1698 2321 1911 2403 πρώτῳ

1026 2424 1301 2507 ταχθεὶς
1351 2426 1541 2493 δαλοῦ
1589 2427 1797 2502 κώπην
1846 2426 2153 2510 ὅχμάσας

1032 2534 1369 2607 Κύκλωπος
1417 2530 1534 2598 ἔσω
1579 2531 1924 2615 βλεφάρων
1970 2533 2131 2608 ὦσας

1026 2641 1333 2722 λαμπράν
1378 2638 1519 2721 ὄψιν
1548 2640 1938 2722 διακναίσας

382 2747 544 2816 Eur.
593 2745 797 2815 Orest.
844 2744 1012 2814 265:
1060 2747 1249 2826 μέσον
1296 2748 1369 2826 μ’
1416 2745 1763 2830 ὀχμάζεις,
1811 2750 1890 2821 ὦς
1942 2747 2152 2832 βάλῃς
2201 2750 2260 2823 ἐς
2313 2748 2661 2834 Τάρταρον,
2703 2750 2785 2818 ad

383 2875 582 2942 quem
648 2854 866 2922 locum
924 2852 1224 2921 Scholion
1281 2858 1411 2920 est:
1477 2853 1605 2919 άπὸ
1668 2855 1733 2920 δὲ
1795 2859 1903 2920 τοῦ
1955 2853 2134 2938 ἔχμα
2184 2857 2427 2935 γίνεται
2479 2855 2786 2939 ἔχμάζειν

384 2961 462 3028 τὸ
498 2960 784 3056 ,κωλύειν
846 2961 953 3026 καὶ
1017 2961 1268 3042 ἐπέχειν
1330 2962 1435 3026 καὶ
1486 2959 1778 3042 ἔχμάσαι
1826 2960 1897 3027 τὸ
1947 2971 2305 3044 κατασχεῖν
2353 2962 2459 3030 κα)
2510 2964 2672 3032 ἑλεῖν
2693 3014 2712 3051 ,
2759 2965 2788 3031 ὃ

390 3068 570 3150 παρά
629 3070 714 3149 τῷ
778 3067 1073 3149 Εὐριπίδη
1134 3064 1416 3133 ἐνταῦθα
1461 3066 1564 3133 διὰ
1610 3071 1719 3133 τοῦ
1770 3078 1824 3134 Ο
1876 3076 2102 3135 κεῖται.
2151 3068 2511 3152 Ὀχμάζειν
2557 3070 2786 3138 itidem

392 3175 566 3261 apud
613 3172 1006 3262 Aeschylum
1050 3178 1147 3240 est
1187 3173 1401 3239 Prom.
1454 3174 1494 3239 5
1541 3179 1607 3240 et
1656 3171 1809 3239 619.
1880 3173 2218 3241 Praeterea
2261 3173 2634 3264 Hesychius
2680 3176 2792 3242 ad·

394 3282 647 3348 notavit
702 3279 1006 3362 ἔχμάζειν
1066 3276 1425 3368 significare
1487 3278 1855 3361 ἡσυχάζειν·
1916 3281 2093 3347 vides
2138 3301 2288 3347 eum
2334 3281 2549 3348 locum
2600 3304 2790 3368 quem

398 3411 433 3456 e
479 3388 692 3454 Persis
739 3389 1016 3453 excitavi
1040 3436 1057 3466 ,
1109 3407 1436 3473 perperam
1482 3390 1972 3474 interpretatum
2021 3387 2217 3454 fuisse
2234 3435 2251 3468 ,
2293 3388 2404 3454 sed
2444 3391 2580 3475 ipse
2621 3412 2792 3458 error

397 3495 552 3562 facit
617 3498 692 3560 ut
752 3499 1036 3573 constet,
1099 3497 1387 3560 auctores
1432 3513 1590 3580 quos
1638 3496 1960 3580 sequitur,
2010 3495 2079 3558 in
2125 3496 2262 3562 suis
2308 3493 2651 3563 Oodicibus
2695 3498 2792 3562 in-

398 3604 645 3669 venisse
706 3601 737 3666 ἔ
749 3599 987 3680 χμάζ
1000 3624 1132 3666 ειν.
1226 3598 1357 3685 Ipsi
1412 3607 1636 3686 poetae
1682 3622 1851 3667 nunc
1898 3602 1999 3665 uti
2044 3621 2292 3687 semper
2338 3601 2648 3685 ἐχμάζειν
2695 3608 2792 3671 est

397 3707 698 3789 κατέχειν
715 3755 733 3785 ,
804 3711 1080 3772 retinere.
1174 3704 1357 3788 Quod
1427 3707 1532 3773 hic
1601 3707 1849 3773 Xerxes
1918 3707 2139 3774 fecisse
2209 3710 2508 3798 arguitur
2568 3714 2791 3777 statim

395 3821 733 3901 postquam
777 3815 1116 3900 imperium
1164 3811 1433 3899 adeptus
1479 3821 1607 3888 est.
1647 3814 1716 3880 id
1755 3819 1973 3901 postea
2011 3834 2262 3901 quoque
2297 3823 2479 3902 pater
2514 3816 2792 3884 inculcat

397 3943 496 3990 vs.
545 3920 715 3987 826:
816 3972 829 3984 .

853 4023 1173 4107 μέμνησθ’
1219 4024 1495 4102 Ἀθηνῶν
1541 4025 1849 4102 Ἑλλάδος
1895 4052 2001 4106 τε,
2052 4028 2210 4108 μηδέ
2257 4053 2352 4104 τις

857 4134 1315 4219 ὑπερφρονήσας
1363 4134 1465 4199 τὸν
1512 4132 1792 4216 παρόντα
1841 4134 2108 4214 δαίμονα

856 4241 1064 4309 ἄλλων
1112 4238 1392 4322 ἐρασθεὶς
1442 4239 1625 4320 ἔλβον
1674 4239 1863 4324 ἐκχέῃ
1911 4240 2143 4321 μέγαν.
