3192 5017
1271 304 1666 358 anema.
2577 281 2663 356 '77

722 481 774 547 εἰ
823 480 940 559 μὲν
984 478 1112 562 γὰρ
1159 476 1228 546 εὖ
1283 477 1674 562 πράξαιμεν,
1724 477 1903 546 αἰτία
1949 476 2131 546 θεοῦ·

727 589 781 655 εἴ
831 587 885 652 δ’
933 584 1087 654 αὖθ’
1138 579 1167 652 ὃ
1214 589 1302 666 μὴ
1346 586 1620 667 γένοιτο,
1669 586 1965 670 συμφορά
2008 585 2233 673 τύχοι,

730 693 1099 769 Ἐτεοκλέης
1148 693 1226 761 ἂν
1276 699 1491 761 πᾶσαν
1539 690 1627 767 εἷς
1677 692 1851 761 κατὰ
1898 694 2118 761 πτόλιν

731 800 979 881 ὑμνοῖθ’
1031 801 1137 868 ὑπ’
1184 804 1350 871 οἱς-ῶν
1394 801 1696 884 φροιμίοις
1745 798 2158 884 πολυρρόθοις.

269 906 515 974 Xerxes
577 911 789 976 vietor
849 909 929 975 ab
994 910 1294 975 omnibus
1359 909 1574 975 Persis
1628 908 1926 975 laudibus
1971 906 2314 975 extolletur
2328 928 2345 987 3
2393 908 2667 976 eundem

268 1017 517 1081 vietum
567 1022 763 1101 atque
809 1037 846 1083 e
891 1015 1161 1082 Graecia
1204 1015 1555 1104 profugum
1605 1036 1824 1082 omnes
1869 1016 2175 1081 conviciis
2228 1015 2667 1101 proscindentt

269 1120 383 1187 hoc
430 1122 598 1188 dum
649 1124 864 1189 animo
910 1128 1125 1189 versat
1171 1123 1431 1208 Atossa,
1481 1127 1702 1189 monet
1741 1127 2058 1189 senatores
2094 1143 2175 1188 ne
2212 1121 2672 1189 obliviscantur

278 1226 568 1295 Xerxem
632 1251 852 1318 regem
915 1250 1049 1296 esse
1109 1227 1526 1295 ἀνυπεύθυνον
1549 1279 1566 1308 ,
1630 1250 1754 1294 non
1803 1225 2316 1308 συνταγματικόν
2361 1234 2439 1294 ut
2480 1228 2672 1294 hodie

270 1330 500 1401 Graeci
547 1334 920 1421 loquuntur.
969 1333 1202 1401 Omnia
1247 1337 1316 1400 in
1362 1356 1437 1402 eo
1483 1348 1664 1401 sunt:
1712 1334 1954 1401 Xerxes
1993 1355 2118 1401 non
2157 1331 2494 1408 ὑπεύθυνος
2536 1339 2668 1401 estt

268 1460 390 1505 non
450 1448 672 1527 potest
719 1444 864 1529 cogi
909 1447 985 1507 ut
1032 1444 1309 1507 rationes
1356 1441 1580 1508 reddat
1626 1443 1796 1530 gesti
1841 1440 1995 1508 belli
2015 1491 2030 1517 ,
2078 1462 2229 1508 nam
2278 1440 2490 1508 Persis
2535 1460 2671 1506 om-

268 1549 367 1612 nis
414 1550 486 1612 in
538 1554 921 1635 perpetuum
970 1546 1228 1615 ademta
1272 1553 1370 1613 est
1417 1569 1559 1634 spes
1607 1548 1944 1614 libertatis.
2038 1548 2460 1614 Consentiunt
2492 1567 2672 1614 senes

269 1655 379 1738 qui
424 1661 690 1742 accepto
734 1656 968 1720 nuncio
1017 1654 1093 1719 de
1132 1653 1310 1720 clade
1349 1651 1734 1740 Salaminia,
1771 1655 1867 1720 ita
1899 1653 2352 1734 lamentantur,
2380 1675 2472 1721 vs.
2502 1651 2670 1720 592:

1008 1760 1131 1826 οὐδ’
1180 1759 1272 1826 ἔτι
1318 1766 1588 1840 γλῶσσα
1640 1760 1942 1842 βροτοῖσιν

995 1869 1058 1932 ἐν
1102 1873 1464 1950 Φυλακαῖς·
1511 1865 1775 1934 λέλυται
1823 1867 1951 1949 γὰρ

1002 1974 1160 2047 λαὸς
1208 1972 1509 2055 ἐλεύθερα
1556 1973 1779 2057 βάζειν

1004 2082 1082 2155 ὦς
1131 2079 1328 2158 ἐλύθη
1378 2079 1560 2163 ζυγὸν
1607 2084 1842 2155 άλκοῖς.

274 2184 397 2254 Sed
457 2188 672 2255 neseio
736 2190 881 2274 quis
905 2238 920 2264 ,
976 2209 1177 2273 quum
1228 2190 1492 2255 Atossae
1540 2189 1732 2255 verba
1779 2186 1951 2254 haud
1999 2190 2155 2255 satis
2202 2187 2373 2255 olara
2418 2209 2491 2256 ao
2536 2210 2676 2276 per-

277 2296 494 2379 spicua
569 2316 704 2361 esse
774 2300 1060 2381 putaret.
1132 2294 1382 2361 addidit
1439 2292 1771 2361 inficetum
1834 2294 2263 2362 versiculum:
2328 2292 2554 2369 σωθεὶς
2618 2293 2674 2360 δ’

278 2401 489 2478 ὁμοίως
566 2402 745 2476 rste&
817 2409 1082 2483 κοιρανεῖ
1148 2399 1413 2481 χθονός,
1492 2404 1561 2467 in
1638 2422 1762 2487 quo
1844 2402 2155 2468 absonum
2235 2408 2331 2469 est
2384 2421 2678 2488 praesens

279 2508 550 2574 verbum
599 2515 863 2590 κοιρανεῖ
904 2512 970 2574 et
1016 2507 1393 2575 adverbium
1443 2508 1657 2586 ὁμοίως
1701 2510 2028 2594 scriptoris
2065 2508 2402 2575 infantiam
2440 2508 2675 2594 prodit.

278 2610 414 2681 Hoc
460 2614 672 2703 igitur
720 2635 905 2681 versu
955 2614 1318 2699 eliminate,
1368 2635 1571 2680 unum
1619 2621 1906 2681 remanet
1944 2616 2184 2683 vitium
2203 2662 2221 2693 ‚
2262 2635 2386 2700 quo
2425 2612 2678 2681 sublato

281 2721 551 2789 ridicula
596 2722 791 2790 verba
835 2726 1057 2808 sponte
1096 2721 1409 2788 excident.
1454 2721 1583 2788 Pro
1625 2721 1801 2787 πόλει
1845 2721 2277 2807 reponendum
2319 2727 2417 2788 est
2451 2720 2675 2787 πέλει

283 2832 345 2893 et
387 2828 792 2897 lucrabimur
838 2833 1054 2914 aperta
1101 2828 1295 2895 verba
1313 2876 1330 2903 ,
1380 2848 1540 2914 quae
1587 2833 1776 2915 poeta
1821 2828 2018 2916 digna
2061 2834 2248 2894 sunt:

739 2933 986 3017 πράξας
1034 2935 1148 3012 μὲν
1193 2929 1263 2999 εὖ
1309 2932 1645 3014 θαυμαςὸς
1695 2932 1772 3001 ἂν
1819 2935 2045 3013 γένοιτ’
2091 2934 2279 3017 άνήρ,

740 3047 941 3114 κακῶς
990 3040 1054 3108 δὲ
1100 3038 1348 3123 πράξας
1395 3042 1518 3122 οὐχ
1568 3038 1905 3116 ὑπεύθυνος
1954 3041 2216 3108 πέλει.

369 3257 546 3328 Pers.
596 3253 769 3325 227:

553 3362 730 3429 άλλα
776 3362 899 3441 μὴν
945 3360 1145 3432 εὔνους
1192 3361 1259 3438 γ’
1305 3359 1335 3425 ὃ
1382 3365 1612 3441 πρῶτος
1663 3359 1837 3427 τῶνδ’
1885 3360 2171 3427 ἐνυπνίων
2220 3361 2425 3443 κριτής

554 3469 729 3538 παιδὶ
778 3468 882 3535 καὶ
931 3466 1133 3545 δόμοις
1180 3467 1378 3546 ἐμοῖσι
1425 3467 1593 3542 τήνδ’
1639 3467 2043 3550 ἐκύρωσας
2086 3465 2309 3551 φάτιν.

289 3572 704 3645 Commendo:
757 3575 939 3652 τήνδε
986 3577 1355 3655 κυρώσας
1404 3571 1626 3656 Φάτιν.

373 3789 551 3857 Pers.
602 3786 770 3855 310:

826 3895 878 3960 οῖ
925 3893 980 3958 δ’
1029 3892 1205 3975 άμφὶ
1255 3900 1430 3970 νῆσον
1477 3895 1589 3971 τὴν
1638 3891 2176 3975 πελειοθρέμμονα

787 4000 1252 4079 ’νικώμενοι
1304 3999 1583 4081 κύρισσον
1627 4001 1893 4083 ἰσχυρὰν
1940 3999 2176 4083 χθόνα.

295 4102 579 4197 Languet
636 4108 1051 4192 participium
1116 4107 1457 4185 νικώμενοι·
1521 4107 1673 4172 hinc
1728 4105 2197 4175 Herwerdenus
2241 4109 2434 4178 olim:
2486 4111 2680 4186 ἧλκω·

297 4213 452 4286 μένοι
520 4214 797 4296 κύρισσον
851 4214 1114 4292 ἰσχυρῶς
1160 4210 1372 4294 χθόνα
1397 4264 1412 4290 ,
1464 4213 1574 4280 sed
1621 4215 1759 4299 ipse
1804 4219 2022 4300 postea
2065 4236 2207 4282 eam
2254 4219 2681 4304 suspicionem

298 4322 576 4388 reiecisse
638 4321 895 4387 videtur
914 4369 933 4404 ,
988 4339 1113 4385 non
1159 4322 1418 4405 repetiit
1466 4324 1635 4386 certe
1681 4341 1882 4405 quum
1930 4319 2208 4406 reliquas
2251 4344 2400 4391 suas
2444 4329 2684 4413 conjec-

302 4428 463 4495 turas
522 4426 855 4495 Teubnero
920 4425 1191 4495 edendas
1237 4426 1532 4500 traderet.
1637 4425 1792 4495 Alia
1833 4425 2230 4499 Weckleinio
2273 4428 2687 4519 placuerunt,
