3192 5017
1277 338 1665 391 sornocnm.
2531 317 2658 385 221

281 509 377 591 qm‘
434 528 559 593 quo
621 531 763 576 rem
826 513 1071 578 diutius
1119 515 1553 588 considerent,
1601 534 1674 579 eo
1721 514 1936 579 minus
1983 512 2387 599 intelligant,
2438 511 2661 577 Philo-

280 613 438 677 chori
502 616 718 702 igitur
776 619 1214 707 fragmentum
1282 626 1353 684 ut
1401 625 1567 684 recte
1617 620 2088 707 intelligerem,
2138 620 2267 684 adii
2314 616 2662 700 Mulleros,

278 721 377 803 qui
435 722 498 785 in
561 723 862 790 Parisina
922 725 1219 792 Editione
1281 725 1705 790 Scholiastam
1775 729 1868 791 ita
1915 728 2196 791 fecerunt
2242 722 2663 805 ρωμαΐζοντα’

281 826 421 907 „Est
481 830 657 913 apud
725 830 1046 897 lsmenum
1106 831 1421 917 templum
1477 831 1830 916 Apollinis,
1883 853 2074 916 quare
2121 828 2458 916 Sophocles
2508 831 2665 895 dicit

275 936 530 1015 μαντεία
594 936 835 1016 σποδῷ,
902 939 1067 1022 quod
1133 941 1415 1022 positum
1478 947 1574 1002 est
1639 958 1749 1021 pro
1808 940 2040 1019 βωμῷ,
2093 941 2243 1022 quia
2290 958 2367 1001 ex
2416 940 2658 1024 signis,

275 1059 422 1122 quae
482 1040 755 1107 flamma
815 1044 1227 1109 victimarum
1292 1047 1357 1107 in
1419 1065 1525 1108 ara
1572 1055 2113 1109 concrematarum
2165 1043 2389 1120 dabat,
2441 1046 2661 1109 vatici-

274 1146 582 1211 nabantur
632 1151 1020 1227 sacerdotes,
1068 1158 1144 1214 ut
1190 1150 1386 1215 tradit
1434 1150 1925 1215 Philochorus.'’
1977 1152 2105 1214 Ναὶ
2148 1151 2245 1228 μα
2287 1151 2387 1214 τὸν
2412 1152 2663 1228 Ἑρμῆν,

282 1248 315 1314 ὅ
350 1275 407 1314 τι
456 1252 673 1331 λέγεις
723 1257 787 1319 οὔ
835 1253 1158 1332 μανθάνω.
1209 1253 1614 1330 Sacerdote8‚
1666 1260 1766 1320 uti
1812 1257 2037 1334 audie,
2088 1256 2187 1322 διὰ
2228 1259 2344 1320 τῶν
2386 1255 2666 1333 ἐμπύρων

283 1357 719 1446 ἐμαντεύοντο,
767 1361 1084 1447 supplices
1133 1370 1346 1426 autem
1394 1362 1685 1427 adsident
1732 1363 1811 1427 ad
1851 1362 2160 1428 favillam.
2203 1360 2448 1443 Quare?
2488 1362 2662 1426 Num

282 1483 410 1529 sero
478 1474 798 1533 venerunt
854 1468 1116 1532 flamma
1166 1471 1304 1553 jam
1367 1468 1726 1533 exstincta?
1789 1467 2215 1535 Deficiebatne
2284 1467 2411 1534 alia
2458 1469 2668 1534 hostia

284 1590 467 1653 quam
518 1570 972 1638 immolarent?
1017 1572 1162 1639 Non
1202 1595 1304 1638 me
1353 1576 1613 1639 ext-rico,
1708 1573 1940 1639 Scribit
1988 1575 2246 1659 quidem
2299 1574 2669 1640 Wachsmu-

284 1676 449 1742 thius
488 1682 560 1743 in
608 1679 760 1744 utili
808 1680 972 1745 libro
1015 1679 1093 1745 de
1132 1679 1652 1764 Antiquitatibus
1691 1677 1952 1747 Graecis
1992 1679 2253 1745 11589:
2294 1681 2673 1762 Unabbciboeqiy

286 1804 389 1845 von
432 1786 553 1849 den
604 1787 901 1868 Spr‘ic‘chen
954 1788 1061 1850 der
1114 1787 1330 1871 Pythia
1346 1837 1360 1864 ‚
1410 1788 1520 1851 wie
1568 1810 1628 1851 ee
1671 1788 1920 1857 scheint.
1959 1788 2304 1869 weiseayten
2339 1788 2675 1872 delpkiwke

284 1888 473 1975 Seker,
535 1890 775 1971 πυρκόοι
816 1901 1109 1976 qenannt,
1161 1916 1271 1957 aue
1329 1894 1749 1980 Opfer-Beuer
1795 1896 1921 1957 und
1965 1896 2154 1958 1180!ae
2200 1892 2293 1979 (ἐξ
2341 1894 2675 1975 ἐμπύρων),

284 1995 386 2060 sed
446 1997 606 2064 dum
667 1999 787 2064 hoc
850 2000 1166 2064 scribebat
1213 1999 1292 2064 de
1337 1998 1646 2085 Delphis,
1707 2000 2035 2087 Sophoclis
2085 2001 2300 2066 locum
2348 2004 2413 2065 in
2463 2003 2677 2067 animo

287 2100 589 2182 habebat3
656 2125 781 2169 non
840 2105 1018 2171 adest
1065 2113 1232 2170 certe
1281 2108 1548 2182 citatus,
1599 2128 1787 2191 quem
1838 2114 2068 2172 testem
2116 2107 2492 2182 advocavit,
2543 2108 2673 2173 He-

290 2208 580 2291 sychius,
628 2215 738 2296 qui
780 2210 944 2276 nihil
989 2211 1182 2276 habet
1229 2213 1355 2276 nisi
1400 2212 1553 2277 haec
1594 2207 1838 2298 pauca:
1889 2214 2175 2292 Πυρκόοι·
2230 2214 2345 2278 ὑπὸ
2409 2222 2677 2296 Δελφῶν

295 2314 458 2388 ἱερεῖς
484 2365 500 2393 ,
574 2318 648 2382 δι’
721 2317 1003 2396 ἐμπύρων
1066 2318 1528 2395 μαντευόμενοι.
1626 2318 1804 2384 Malo
1868 2320 2165 2404 equidem
2215 2340 2552 2404 provocare
2599 2321 2677 2385 ad

295 2418 687 2489 luculentum
736 2423 1061 2509 Euripidis
1107 2423 1323 2490 locum
1370 2427 1435 2489 in
1484 2423 1894 2510 Supplicibus
1943 2448 2035 2490 vs.
2091 2426 2241 2503 155,
2290 2428 2400 2491 ubi
2451 2426 2683 2493 Thesei

300 2529 483 2595 verba
553 2536 725 2594 sunt:
812 2528 1070 2607 μάντεις
1141 2532 1204 2593 τ’
1273 2528 1545 2603 ἐπῆλθες
1619 2530 1904 2608 ἐμπύρων
1974 2534 2032 2593 τ’
2105 2527 2268 2601 εἶδες
2351 2531 2677 2611 Φλόγας

301 2630 534 2700 Deinde
593 2636 831 2701 Thebis
879 2657 1242 2711 versamur,
1294 2657 1418 2702 non
1464 2635 1843 2723 Olympiae,
1893 2638 2002 2701 ubi
2049 2637 2230 2702 Jovis
2277 2657 2386 2701 ara
2434 2638 2509 2703 de
2559 2659 2683 2722 qua

305 2739 637 2809 Pausanias
704 2742 774 2805 V.
852 2742 953 2808 13.
1023 2743 1097 2806 5:
1164 2748 1496 2815 πεποίηται
1560 2743 1624 2807 δὲ
1673 2744 1891 2821 ἱερείων
1942 2750 2056 2806 τῶν
2103 2744 2395 2821 θυομένων
2443 2746 2526 2822 τῷ
2580 2743 2682 2807 Διὶ

302 2848 424 2913 ἀπὸ
469 2857 576 2922 τῆς
623 2847 857 2928 τέφρας
907 2855 1024 2912 τῶν
1070 2855 1303 2932 μηρῶν,
1353 2848 1631 2927 καθάπερ
1678 2873 1758 2927 γε
1807 2851 1911 2913 καὶ
1963 2851 2023 2913 ἐν
2064 2848 2402 2931 Περγάμῳ.
2443 2849 2682 2929 τέφρας

302 2955 426 3034 γὰρ
481 2956 549 3030 δή
616 2957 705 3023 ἔτι
768 2955 872 3019 καὶ
920 2964 999 3033 τῇ
1043 2955 1206 3037 Ἥρα
1251 2963 1329 3031 τῇ
1383 2957 1604 3037 Σαμία
1651 2955 1862 3033 βωμὸς
1913 2955 2080 3021 οὐδέν
2128 2981 2188 3020 τι
2242 2958 2680 3038 {nammis-epac

308 3061 337 3133 ἢ
405 3063 462 3125 ἑν
530 3072 607 3145 τῇ
671 3059 847 3145 χώρα
910 3071 985 3143 τῇ
1050 3064 1354 3145 Ἀττικῇ,
1418 3053 1492 3133 ἃς
1557 3063 1973 3141 αὐτοσχεδίας
2023 3060 2342 3137 Ἀθηναῖοι
2394 3068 2687 3128 καλοῦσιν

308 3167 576 3248 ἐσχάρας
649 3189 918 3252 eamque
988 3189 1163 3233 aram
1234 3167 1449 3245 Jovis‚
1522 3188 1712 3253 quam
1786 3170 1888 3233 his
1948 3172 2103 3253 ipsis
2167 3170 2494 3234 mensibus
2558 3169 2689 3235 luci

310 3275 609 3340 redditam
674 3295 808 3340 esse
871 3275 1094 3347 audio,
1164 3273 1389 3340 deinde
1453 3273 1800 3339 Pausanias
1862 3278 2075 3361 pergit
2137 3274 2489 3340 describere
2512 3322 2528 3351 ,
2580 3275 2689 3341 sed

312 3379 532 3447 Thebis
580 3379 677 3445 nil
725 3380 851 3445 tale
899 3380 1173 3445 traditur
1218 3381 1433 3445 fuisse.
1532 3379 1701 3459 Quid
1750 3388 1961 3445 autem
2009 3380 2253 3467 legitur
2299 3383 2366 3445 in
2415 3381 2689 3447 Lauren-

315 3487 472 3552 tiano
542 3483 812 3552 Codice?
878 3486 1208 3551 Nimirum
1277 3488 1581 3562 μαντείας
1647 3484 1843 3569 mma,
1908 3486 1983 3549 de
2048 3507 2173 3571 qua
2238 3489 2552 3572 scriptura
2598 3490 2691 3553 ita

314 3591 798 3659 Herwerdenus:
875 3590 1300 3676 „Saepissime
1361 3595 1616 3676 quidem
1687 3590 1866 3657 illius
1927 3591 2076 3656 libri
2139 3593 2344 3658 scriba
2408 3616 2446 3656 σ
2503 3592 2693 3658 finale

316 3699 596 3766 vocabuli
666 3697 1095 3783 praecedentis
1164 3696 1460 3786 praefigit
1528 3698 1838 3764 vocabulo
1910 3702 2195 3783 sequenti
2266 3704 2379 3763 aut
2440 3703 2688 3765 inversa

314 3809 541 3872 ratione
604 3828 642 3868 σ
709 3802 956 3867 initiale
1008 3805 1233 3890 jungit
1290 3804 1560 3869 ultimae
1607 3803 1830 3868 literae
1876 3807 2047 3869 vocis
2095 3824 2525 3892 praegressae3
2577 3808 2682 3869 sed

312 3911 371 3974 id
414 3912 616 3976 facere
662 3929 787 3974 non
833 3908 1026 3985 solet,
1075 3911 1199 3973 nisi
1248 3910 1357 3974 ubi
1407 3909 1607 3975 altera
1645 3909 1832 3975 litera
1871 3920 1966 3974 est
2006 3934 2063 3987 τ,
2105 3917 2177 3975 ut
2218 3911 2442 3975 ambae
2466 3909 2689 3976 literae

312 4041 346 4084 ς
387 4038 509 4083 uno
556 4016 756 4081 ductu
803 4014 1222 4079 scribantur.”
1274 4015 1439 4081 Vere
1484 4016 1632 4091 hom
1653 4021 1717 4080 et
1762 4014 1926 4080 illud
1975 4035 2224 4101 quoque
2268 4037 2451 4081 vere:
2506 4016 2692 4094 „Non

313 4131 518 4189 tamen
586 4122 822 4187 idcirco
886 4140 1104 4187 veram
1166 4142 1298 4187 esse
1358 4128 1514 4207 puto
1578 4121 1827 4186 Kiehlii
1889 4124 2315 4206 suspicionem
2379 4124 2690 4198 μαντείας

316 4228 477 4309 πόθῳ
500 4280 516 4313 ,
566 4248 692 4313 qua
738 4229 794 4291 si
840 4247 999 4311 opus
1045 4233 1242 4305 esset,
1290 4227 1486 4292 simul
1534 4226 1980 4314 corrigendum
2030 4227 2191 4292 foret
2231 4228 2331 4291 ἐπ’
2372 4229 2693 4309 Ἰσμηνῷ.”

316 4336 427 4401 Sed
473 4334 641 4419 quod
688 4333 1013 4399 contendit
1056 4340 1380 4418 praeterea
1425 4332 1891 4399 Herwerdenus
1909 4381 1925 4411 ,
1975 4332 2312 4421 vulgatam
2353 4334 2691 4402 lectionem

314 4443 434 4528 jam
478 4444 636 4508 bene
682 4438 1095 4525 explicavisse
1136 4437 1562 4506 Scholiastam
1583 4489 1602 4524 ,
1645 4460 1836 4527 quem
1877 4438 2081 4504 secuti
2118 4441 2248 4504 sint
2269 4444 2694 4509 recentiorum
