3192 5017
520 264 651 331 102
1523 284 1911 335 asemas.

519 453 860 522 Eustathio
920 462 1242 524 servatum
1308 478 1371 545 p.
1439 455 1636 527 1761.
1687 456 1810 524 44:
1859 454 2066 539 ἔχοιμι
2113 454 2177 522 δέ
2222 479 2282 520 τι
2334 453 2550 527 παιδὸς
2601 451 2874 536 ἑφολιιόν
2899 503 2917 529 ‚

518 560 596 629 de
642 583 768 648 quo
814 562 963 629 vide
1010 562 1504 631 Valckenarium
1550 586 1617 651 p.
1664 563 1833 642 2893
1880 565 1973 631 ibi
2008 566 2226 630 autem
2267 559 2499 648 reliqui
2538 562 2923 647 interpretes

517 668 583 733 δέ
630 671 900 735 eiiciunt
919 718 938 754 ‚
984 669 1316 737 Nauckius
1361 676 1580 737 autem
1620 668 1788 753 ἔχων
1828 672 2113 758 reponit,
2155 667 2321 755 quod
2359 669 2556 733 nimis
2595 669 2922 733 incertum

517 782 634 841 est.
681 774 1018 842 Praeterea
1064 779 1317 843 etiamsi
1363 784 1532 843 recte
1580 779 1901 864 scripserit
1951 775 2136 843 ναίων
2185 782 2251 841 et
2307 772 2475 855 ἔχων
2540 773 2709 860 apud
2769 774 2925 840 Ari·

514 879 824 966 phronem
871 887 937 948 et
984 878 1504 967 Callimachum,
1554 884 1724 970 quod
1770 883 2138 972 negandum
2185 880 2472 959 videtur,
2521 900 2648 947 non
2692 886 2926 945 tamen

514 989 812 1053 continuo
883 987 1135 1054 easdem
1207 988 1444 1055 formas
1508 993 1755 1078 tragico
1813 995 2037 1075 poetae
2104 987 2542 1054 obtrudamus.
2634 984 2921 1051 Memini

511 1098 834 1177 praeterea
889 1091 1291 1159 Dindorfium
1337 1094 1508 1180 apud
1554 1094 1955 1182 Aeschylum
2002 1093 2229 1180 Suppl.
2276 1091 2409 1160 807
2455 1095 2550 1159 ita
2596 1092 2916 1158 scribere:

514 1197 633 1264 τίν’
698 1199 776 1264 ἂν
832 1200 1008 1280 πόρον
1054 1200 1290 1277 τέμνων
1337 1200 1554 1280 γάμου
1602 1208 1874 1283 λυτῆρα,
1922 1201 2000 1267 de
2048 1222 2175 1287 qua
2216 1202 2577 1287 conjectura
2623 1198 2791 1264 dixit
2842 1199 2916 1262 in

509 1304 910 1372 Praefatione
956 1304 1276 1372 Editionis
1321 1309 1589 1374 minorIs
1636 1330 1701 1395 p.
1745 1325 1948 1393 Lxxxr,
1996 1307 2106 1374 sed
2152 1306 2329 1374 chori
2367 1306 2531 1372 illud
2578 1305 2914 1371 canticum

513 1416 875 1497 portentose
921 1417 1291 1499 corruptum
1341 1418 1437 1479 est
1482 1418 1547 1480 et
1589 1419 1668 1479 ut
1713 1416 1748 1491 ἢ
1792 1415 2130 1497 dures-pao&
2169 1424 2247 1497 τῇ
2291 1419 2486 1497 τροφῇ
2526 1414 2914 1487 concineret,

515 1517 651 1603 ipse
706 1516 1071 1583 Dindorfius
1131 1520 1199 1583 in
1259 1519 1547 1605 strophes
1608 1520 1821 1587 verbis
1882 1520 2054 1587 ultro
2105 1518 2338 1602 κῶρζας
2383 1539 2525 1586 raro
2568 1521 2912 1584 inventam

517 1624 791 1689 formam
837 1623 1068 1691 inferre
1115 1630 1367 1692 coactus
1411 1626 1573 1709 fuit,
1623 1629 1731 1693 cui
1775 1626 1940 1693 illud
1977 1647 2103 1694 non
2139 1630 2353 1693 minus
2391 1624 2637 1692 bellum
2661 1623 2917 1703 τέμνων

516 1729 934 1817 responderet.
1030 1728 1320 1817 Denique
1380 1733 1570 1800 video
1637 1732 2141 1801 Herwerdenum
2187 1733 2459 1800 edidisse
2505 1730 2697 1817 Soph.
2748 1728 2915 1796 Oed.

517 1834 671 1924 Tyr.
719 1834 852 1902 832
901 1858 936 1903 e
976 1837 1352 1905 Firnhaberi
1393 1842 1784 1927 conjecturat

1062 1946 1255 2025 βαίην
1304 1943 1588 2027 ἄφαντος
1637 1944 1904 2028 πρόσθεν
1957 1947 1992 2024 ἦ
2041 1945 2269 2014 τοιάνδ’
2313 1946 2457 2014 ἴδοιν

1060 2049 1265 2128 κηλῑδ’
1314 2054 1566 2135 ἐμαυτῷ
1613 2058 1942 2135 συμφοραῖς
1991 2052 2372 2136 ἀφιγμένην.

515 2154 682 2221 Aliis
742 2158 1118 2242 conjecturis
1175 2157 1293 2224 hoc
1353 2157 1496 2224 ἴδοιν
1558 2158 2030 2227 Herwerdenus
2090 2160 2429 2247 praetulit,
2483 2179 2635 2225 cum
2682 2159 2916 2225 existi-

513 2267 752 2340 maret,
799 2282 1006 2329 raram
1057 2263 1316 2348 quidem
1365 2265 1474 2330 sed
1523 2271 1730 2332 certae
1777 2264 1926 2333 fidei
1965 2267 2127 2333 hanc
2166 2287 2302 2333 esse
2338 2265 2615 2333 formam
2651 2265 2908 2349 primae

514 2389 814 2455 personae
875 2371 1167 2455 optativi.
1260 2369 1447 2436 Nunc
1507 2374 1806 2438 omnibus
1868 2373 2025 2438 locis
2068 2375 2138 2439 in
2183 2363 2387 2438 unum
2439 2370 2723 2455 collatis,
2774 2371 2920 2455 ipse

515 2470 779 2542 fortasse
847 2475 1020 2541 ultro
1081 2477 1418 2553 concedet,
1470 2476 1659 2544 fldem
1721 2478 1985 2545 illarum
2047 2479 2399 2545 formarum
2461 2477 2591 2544 fere
2653 2474 2912 2542 nullam

519 2601 652 2648 esse
698 2602 813 2648 nec
857 2583 981 2646 niti
1024 2584 1149 2647 nisi
1191 2585 1376 2649 unico
1416 2580 1664 2650 Cratini
1701 2585 2048 2671 versimile,
2090 2606 2282 2672 quem
2320 2584 2551 2651 Suidae
2575 2583 2910 2659 debemus,

517 2707 668 2752 cum
729 2685 963 2772 reliqui
1017 2686 1143 2753 loci
1204 2707 1424 2755 omnes
1480 2693 1590 2776 qui
1637 2689 2016 2774 afferuntur,
2065 2692 2144 2757 ab
2191 2691 2651 2778 conjectoribus
2701 2685 2916 2755 reficti

520 2794 650 2858 sint
695 2799 758 2858 et
804 2792 1130 2880 Euripidis
1173 2793 1339 2860 illud
1386 2796 1438 2860 εί
1486 2794 1731 2878 τρέφων
1769 2796 2117 2863 admodum
2156 2796 2411 2864 facilem
2450 2797 2909 2863 correctionem

519 2898 843 2966 admittat.
937 2900 1239 2966 Ceterum
1284 2899 1719 2988 Westphalius
1764 2905 1831 2968 in
1880 2902 2322 2971 Grammatica
2359 2903 2525 2969 dixit
2564 2901 2642 2968 de
2677 2900 2908 2967 formis

520 3006 589 3071 in
652 3029 734 3071 οιν
794 3006 845 3071 Ι.
895 3005 958 3071 2.
1009 3029 1069 3093 p.
1121 3005 1243 3092 64,
1309 3008 1418 3072 sed
1464 3030 1576 3074 cur
1623 3010 1804 3074 ναίοιν
1853 3009 1920 3075 in
1967 3010 2292 3096 Euripidis
2341 3008 2695 3075 Troadibus
2743 3008 2908 3073 satis

517 3118 763 3178 certum
807 3132 941 3178 esse
986 3114 1394 3200 pronunciet,
1441 3134 1565 3180 non
1612 3117 1941 3201 perspicia
2037 3113 2400 3182 Dindorfius
2446 3119 2661 3180 autem
2709 3111 2901 3198 paulo

516 3218 758 3283 nimius
824 3225 1096 3285 sectator
1162 3224 1259 3284 est
1319 3219 1748 3308 singularium
1818 3222 2197 3300 formarum;
2263 3222 2413 3286 hinc
2474 3219 2677 3286 edidit
2723 3217 2907 3284 Pers.

521 3322 735 3390 1054:
777 3325 1011 3403 ἑπιβῶ,
1059 3323 1233 3412 Sept.
1288 3323 1497 3391 1077:
1547 3324 2032 3407 κατακλυσθῆν,
2083 3326 2304 3414 Suppl.
2360 3325 2529 3392 ¹791:
2579 3324 2904 3406 χριμφθῆν

517 3436 582 3496 et
626 3427 907 3517 Choeph.
957 3430 1125 3500 807:
1175 3430 1425 3497 ὦναδῦν.

604 3644 1041 3732 Interrogatus
1078 3642 1310 3730 Apollo
1347 3642 1501 3729 quid
1537 3644 1616 3710 ad
1650 3645 1970 3731 judicium
2010 3651 2288 3726 venerit,
2333 3647 2665 3735 respondet
2701 3645 2900 3713 Eum.

518 3749 687 3820 5¹76:
752 3750 888 3817 καὶ
951 3751 1487 3830 μαρτυρήσων
1535 3747 1746 3827 ἦλθον.
1843 3751 2106 3820 Malim:
2155 3753 2892 3837 ξυμμαρτυρήσων,

518 3879 669 3925 nam
715 3859 847 3944 conj
859 3857 1072 3923 unctio
1115 3855 1427 3933 abundat,
1477 3856 1555 3922 cf.
1605 3854 1796 3944 Soph.
1845 3859 2118 3926 Philoct.
2170 3859 2322 3926 439.

612 4068 931 4135 Jubentur
975 4066 1204 4134 Furiae
1247 4065 1437 4132 Eum.
1491 4065 1705 4135 1001:

1069 4173 1240 4239 κατὰ
1286 4175 1412 4251 γᾶς
1459 4174 1722 4252 σύμεναι
1766 4175 1837 4241 τὸ
1883 4175 1998 4255 μὲν
2046 4177 2270 4257 ἀτηρὸν

1062 4280 1269 4361 χώρας
1319 4278 1765 4360 κατέχειν,
1816 4281 1885 4346 τὸ
1933 4283 1995 4347 δὲ
2044 4282 2359 4361 κερδαλέον

1066 4386 1335 4477 πέμπειν
1383 4386 1618 4458 πόλεως
1667 4387 1766 4451 ἐπὶ
1818 4389 1964 4467 νίκη.
