3192 5017
1279 285 1508 333 Puro.
2456 268 2591 335 353

207 454 411 520 τούτου
485 481 565 535 γε
636 458 793 544 νοῦς]
855 463 972 522 τῶν
1035 459 1148 535 μὲν
1210 456 1511 535 μεγάλων
1563 457 1994 533 ἐπιμελεῖται,
2046 463 2163 520 τῶν
2211 463 2473 537 σμικρῶν
2531 460 2587 524 δ’

205 562 465 639 άμελεῖ,
538 565 711 629 κατὰ
779 565 897 629 τίν’
963 564 1040 629 ἂν
1112 566 1494 636 ἐπαινοῦντες
1569 562 1755 641 λόγον
1824 563 1930 627 τὸν
1997 567 2262 628 τοιοῦτον
2329 566 2435 629 οὐκ
2506 565 2585 631 ἂν

200 670 570 734 παντάπασι
617 679 1139 750 πλημμελοῖμενς

289 879 534 947 Vitium
608 886 765 949 satis
827 881 1175 949 ridiculum
1231 884 1299 947 in
1364 881 1514 948 905·
1563 884 2036 968 praeterieram.
2100 881 2286 964 τάχα
2352 882 2415 948 δὲ
2463 882 2581 947 κᾶν

195 988 623 1056 ἀπεικασθεῖεν
668 988 1056 1070 ςρατοπέδων
1102 987 1367 1071 ἄρχουσί
1413 1012 1596 1053 τισιν.
1648 986 1738 1061 εἴη
1792 988 1842 1052 δ’
1893 987 1969 1053 ἂν
2018 992 2122 1052 καὶ
2174 987 2353 1053 νόσων
2394 988 2578 1054 πόλε-

192 1117 299 1169 μον
368 1095 850 1174 εὐλαβουμένοις
922 1097 1147 1176 ἰατροῖς
1230 1093 1536 1181 [ἐοικέναι]
1606 1093 1741 1174 περὶ
1804 1095 2094 1172 σώματα.
2190 1095 2316 1175 Qui
2379 1095 2446 1160 in
2509 1117 2577 1161 re

193 1202 388 1279 tenui,
454 1201 666 1287 qualis
730 1208 826 1267 est
889 1202 1281 1267 medicorum
1345 1199 1628 1285 exempli
1686 1219 1876 1265 causa
1922 1200 2090 1265 facta
2134 1203 2413 1278 mentio,
2460 1202 2575 1267 hos

189 1302 365 1370 νόσων
428 1307 704 1383 πόλεμον
753 1307 1158 1385 εὐλαβεῖσθαι
1211 1306 1396 1383 dicit,
1451 1306 1621 1371 huno
1671 1307 1882 1370 missis
1929 1307 2312 1392 ambagibus
2360 1308 2573 1393 inepte

192 1411 527 1497 ampullari
575 1416 694 1479 aio.
765 1411 888 1478 Sed
933 1413 1087 1478 haec
1133 1415 1200 1476 in
1247 1410 1581 1477 Platonem
1628 1431 1752 1476 non
1801 1411 2066 1489 cadunt,
2116 1414 2298 1477 cuius
2345 1413 2572 1478 oratio-

191 1538 326 1582 nem
378 1527 747 1605 corruptam
795 1540 927 1585 esse
973 1518 1100 1584 alia
1144 1517 1377 1583 indicia
1425 1516 1800 1583 ostendunt:
1850 1517 1938 1591 εἴη
1991 1517 2044 1581 δ’
2092 1516 2168 1581 ἄν
2215 1521 2350 1584 sine
2389 1519 2569 1596 ὁμοῖα

188 1636 249 1688 et
292 1625 598 1708 putidum
648 1625 812 1691 illud
854 1623 1123 1690 ἐοικέναι.
1171 1623 1547 1711 Legendum
1589 1643 1842 1688 censeo:
1884 1623 2269 1703 ςρατοπέδων
2309 1623 2576 1707 ἄρχουσί

180 1752 294 1794 τισι
376 1732 654 1810 πόλεμον
723 1730 1199 1810 εὐλαβουμένοις
1272 1730 1306 1806 ἢ
1378 1729 1482 1794 καὶ
1550 1726 1714 1792 νόσον
1776 1730 2006 1809 ἰατροῖς
2076 1731 2209 1811 περὶ
2274 1733 2568 1807 σώματα.

181 1834 365 1902 Vides
429 1837 753 1924 triplicem
814 1840 1276 1924 oppositionem
1343 1842 1408 1901 et
1467 1837 1791 1903 inversum
1851 1836 2136 1901 ordinem
2185 1839 2560 1905 verborum:

1027 1942 1052 1983 ³
1379 1941 1406 1983 2
1761 1938 1789 1981 a
2087 1940 2113 1982 a
2438 1942 2453 1981 ι

179 1941 549 2075 ςρατόπεδον
599 2021 671 2056 =
722 1999 854 2080 περὶ
897 1999 1198 2077 σώματα,
1247 1996 1538 2079 ἄρχουσιν
1565 2020 1639 2055 -.-
1667 1997 1929 2081 ἰατροῖς,
1971 1997 2243 2074 πόλεμον
2269 1995 2559 2063 :vde-ov.

176 2100 390 2170 Monui
438 2127 635 2192 supra
675 2106 744 2171 τὸ
785 2104 1089 2186 παράπαν
1129 2126 1279 2171 cum
1320 2103 1602 2190 simplici
1636 2102 2052 2169 affirmatione
2087 2124 2212 2169 non
2238 2105 2561 2193 coniungi.

178 2207 429 2277 Scilicet
496 2232 719 2279 earum
786 2232 1015 2279 vocum
1081 2214 1219 2278 vim
1281 2231 1516 2299 augere
1564 2209 1759 2295 solet,
1809 2231 1969 2295 quae
2015 2208 2121 2277 vel
2166 2217 2440 2297 negant,
2489 2220 2564 2276 ut

176 2318 278 2393 οὐ,
349 2319 545 2392 οὐδεΙς
618 2326 789 2397 cett„
863 2318 968 2385 vel
1038 2325 1329 2404 separant
1399 2324 1472 2383 ut
1540 2317 1612 2381 τὸ
1680 2317 1984 2398 παράπαν
2045 2315 2192 2383 άνευ
2259 2317 2562 2395 σωμάτων

176 2420 492 2511 (Phaed.)‚
569 2423 676 2492 vel
747 2425 1085 2490 discrimen
1156 2424 1474 2509 indicant,
1547 2431 1624 2489 ut
1691 2422 1909 2505 ἕτερος.
1974 2424 2174 2489 'Hinc
2245 2425 2563 2490 medicina

178 2536 387 2612 parata
436 2538 535 2598 est
579 2531 717 2597 loco
765 2533 832 2597 in
879 2530 1082 2618 Legg.
1133 2551 1278 2617 pag.
1327 2528 1482 2607 862,
1531 2535 1785 2607 ταῦτα,
1835 2527 1960 2595 εἴτε
2009 2529 2202 2609 ἔργοις
2254 2530 2287 2604 ἢ
2330 2530 2561 2608 λόγοις,

180 2632 210 2706 ἢ
254 2638 385 2712 μεθ’
442 2637 660 2711 ήδονῶν
706 2642 739 2713 ἢ
791 2643 1019 2713 λυπῶν,
1072 2638 1105 2710 ἢ
1155 2642 1349 2712 τιμῶν
1395 2637 1429 2713 ἢ
1480 2637 1763 2713 άτιμιῶν,
1804 2636 1905 2700 καὶ
1948 2636 2291 2718 χρημάτων
2330 2635 2557 2715 ζημίας

178 2739 208 2813 ἢ
257 2743 360 2807 καὶ
410 2745 603 2823 δώρων
653 2744 687 2819 ἢ
739 2742 844 2807 καὶ
893 2743 963 2808 τὸ
1013 2744 1314 2821 παράπαν
1365 2736 1407 2823 ᾦ
1456 2766 1567 2807 τινι
1617 2741 1818 2821 τρόπῳ
1867 2744 2100 2816 ποιήσει
2150 2766 2243 2813 τις
2291 2750 2554 2819 μισῆσαι

176 2846 280 2922 μὲν
345 2849 595 2914 άδικίαν
662 2850 789 2914 κτὲ.
886 2849 1058 2937 Lege
1107 2849 1141 2925 ἢ
1192 2847 1297 2912 καὶ
1348 2847 1417 2912 τὸ
1467 2855 2119 2928 παραΠΑΝΑΛΛΩΙ
2169 2847 2284 2912 τινὶ
2335 2846 2554 2929 τρόπῳ.

176 2949 501 3022 Praeterea
547 2955 895 3043 legendum
943 2957 1229 3041 suspicor
1278 2953 1473 3042 (πρὸς)
1525 2959 1730 3019 ταῦτα
1781 2953 1838 3019 εἴ
1887 2957 1999 3019 τιν’
2049 2954 2083 3030 ἢ
2133 2952 2326 3035 ἔργοις
2381 2993 2463 3004 -
2515 2956 2549 3031 ἢ

171 3064 510 3137 χρημάτων
557 3061 686 3126 κτὲ.
1133 3084 1137 3089 ·

258 3163 558 3232 Vidimus
605 3167 675 3230 τὸ
723 3171 986 3231 τοιοῦτον
1032 3188 1146 3253 pro
1192 3166 1406 3246 τρόπον
1456 3170 1719 3231 τοιοῦτον
1767 3186 2092 3251 perperam
2138 3165 2290 3254 legi.
2365 3165 2554 3233 Com-

171 3271 390 3350 pendio
443 3294 596 3338 usus
646 3282 781 3338 erat
828 3274 1035 3339 scriba
1081 3276 1217 3338 eius
1265 3270 1517 3338 Codicis
1565 3272 1734 3338 unde
1781 3279 2141 3337 nostrorum
2190 3275 2556 3359 antiquissi-

175 3393 312 3442 mus
372 3380 728 3465 descriptus
790 3387 903 3444 est.
1001 3379 1126 3459 Qui
1175 3380 1343 3446 hunc
1390 3382 1678 3445 exaravit
1724 3384 1869 3444 ante
1917 3377 2132 3444 oculos
2179 3379 2405 3445 habuit
2452 3378 2552 3462 τῖ,

173 3481 276 3546 sed
343 3483 639 3572 neglecta
698 3484 887 3550 litera
945 3487 1265 3570 superiore
1327 3484 1540 3573 legere
1605 3484 1729 3549 sibi
1791 3487 1971 3551 visus
2033 3492 2129 3550 est
2174 3484 2266 3550 τὸ.
2361 3486 2552 3553 Iuvat

174 3589 472 3655 mendum
545 3592 611 3655 in
675 3591 840 3675 quod
902 3593 1267 3676 nuperrime
1326 3591 1523 3656 incidi
1584 3590 1721 3662 hic,
1756 3611 2102 3676 apponere,
2165 3592 2277 3656 ubi
2325 3594 2551 3659 erroris

174 3692 386 3760 eadem
448 3699 607 3762 ratio
668 3703 781 3762 est.
877 3696 949 3761 In
1012 3696 1215 3784 Legg.
1266 3696 1338 3760 L.
1387 3695 1499 3762 IV.
1549 3695 1681 3762 719
1737 3698 1810 3761 C:
1861 3698 1983 3775 ἐγὼ
2033 3696 2126 3775 δέ,
2182 3698 2232 3762 εἱ
2282 3698 2397 3775 μέν
2443 3723 2547 3777 μοι

175 3800 321 3874 7υνὶ1
381 3801 473 3877 εἴη
536 3803 908 3883 διαφέρουσα
968 3804 1215 3883 πλούτῳ
1278 3803 1382 3867 καὶ
1444 3803 1701 3868 θάπτειν
1760 3804 1979 3880 ἑαυτὴν
2027 3803 2436 3870 διακελεύοιτο
2485 3807 2546 3870 ἐν

173 3903 251 3981 ’ΐῷ
308 3907 608 3985 ποιήματι
655 3910 756 3973 τὸν
806 3908 1261 3989 ὐπερβάλλοντ’
1313 3909 1388 3974 ἂν
1439 3909 1644 3990 τάφον
1693 3910 2010 3983 ἐπαινοίην.
2074 3909 2198 3975 Pro
2246 3910 2543 3988 ποιήματι

174 4012 309 4103 lege
354 4007 672 4089 ruso—1521
721 4021 1034 4109 (πατρῴῳ)
1081 4025 1387 4099 μνήματι.

259 4232 436 4303 Alios
501 4236 750 4325 Legum
808 4237 1003 4302 libros
1047 4235 1357 4324 relegenti
1404 4235 1595 4302 multi
1644 4236 1808 4301 mihi
1855 4235 1974 4301 loci
2024 4256 2090 4300 se
2136 4235 2538 4316 obtulerunt,

177 4340 397 4419 quibus
440 4365 628 4409 suum
676 4349 741 4409 et
788 4364 1041 4408 sensum
1090 4349 1156 4408 et
1198 4344 1469 4409 nitorem
1520 4343 1817 4407 restitues
1865 4343 1920 4405 si
1970 4341 2154 4407 modo
2199 4341 2542 4430 diligenter

2192 4461 2255 4511 23
