3192 5017
599 293 730 364 354
1467 314 1785 364 umerum
1831 313 2097 365 omnm.

600 488 767 555 nihil
830 508 1026 575 aeque
1088 487 1203 553 Dis
1278 490 1557 555 invisum
1614 489 1776 554 foret
1834 492 1958 554 nisi
2002 490 2396 556 miserrimae
2443 492 2848 575 professionis
2895 493 2991 556 in-

597 597 932 661 commoda
993 595 1164 660 dulci
1222 595 1493 680 quodam
1544 598 1827 660 insaniae
1871 616 2101 683 genere
2148 597 2618 683 mitigarentur.
2712 596 2843 663 Suo
2892 601 2986 663 ait

595 700 895 768 beneficio
957 701 1092 767 fieri
1156 706 1230 766 ut
1291 700 1716 766 Grammatici
1779 701 1903 765 sibi
1949 703 2145 786 primi
2195 702 2565 767 mortalium
2621 723 2755 769 esse
2803 704 2979 769 vide·

593 812 818 892 antur,
886 807 1043 873 adeo
1112 810 1236 872 sibi
1305 807 1552 893 placere
1616 808 1771 871 dum
1832 808 2127 892 pavidam
2195 809 2449 873 turbam
2498 811 2738 875 minaci
2786 809 2976 874 vultu

597 933 873 998 voceque
929 916 1221 979 territent
1239 961 1254 990 ‚
1315 912 1424 978 sed
1476 912 1667 999 longe
1713 915 1910 977 etiam
1958 911 2266 978 feliciores
2312 935 2445 979 esse
2491 935 2655 981 nova
2700 915 2980 999 quadam

595 1020 918 1086 doctrinae
963 1021 1385 1105 persuasione.

689 1128 776 1193 Et
840 1129 962 1194 hoc
1030 1126 1382 1211 voluptatis
1449 1145 1652 1212 genus
1718 1127 1800 1189 iis
1871 1143 2004 1190 esse
2073 1128 2321 1210 quoties
2390 1130 2658 1192 istorum
2745 1127 2983 1212 aliquis

599 1234 911 1299 Anchisae
978 1239 1248 1298 matrem
1299 1238 1413 1295 aut
1457 1230 1748 1296 voculam
1798 1235 1993 1318 vulgo
2041 1235 2433 1320 incognitam
2485 1236 2552 1296 in
2594 1237 2764 1318 putri
2827 1253 2983 1318 qua-

599 1340 747 1405 dam
812 1340 1031 1404 charta
1086 1337 1565 1423 deprehenderit
1613 1374 1697 1385 —
1749 1357 1785 1402 o
1844 1337 2134 1422 Jupiter,
2200 1358 2359 1422 quae
2421 1344 2562 1403 tum
2626 1337 2972 1415 exultati0‚

602 1450 712 1531 qui
775 1445 1123 1531 triumphi,
1187 1461 1347 1529 quae
1408 1444 1696 1508 encomia
1754 1443 2012 1529 perinde
2078 1446 2260 1528 quasi
2319 1444 2421 1510 vel
2469 1446 2747 1510 Africam
2794 1444 2976 1509 devi-

603 1549 836 1617 cerintl

694 1661 781 1723 At
847 1656 1013 1722 nihil
1083 1657 1368 1722 omnium
1439 1656 1703 1721 suavius
1770 1675 1906 1721 esse
1965 1675 2154 1740 quam
2224 1677 2371 1722 cum
2433 1659 2557 1742 ipsi
2618 1660 2786 1723 inter
2850 1677 2989 1722 sese

605 1769 835 1828 mutua
894 1762 1132 1828 talione
1177 1761 1439 1827 laudent
1485 1781 1556 1826 ac
1604 1764 1918 1826 mirentur
1964 1763 2378 1847 vicissimque
2425 1763 2703 1828 scabunt.
2800 1762 2989 1842 Quod

601 1870 654 1935 si
701 1872 845 1954 quis
889 1868 1055 1934 alius
1099 1867 1365 1933 verbulo
1410 1867 1628 1952 lapsus
1676 1870 1762 1932 sit
1805 1867 1998 1952 idque
2037 1868 2198 1933 forte
2236 1868 2488 1933 fortuna
2526 1868 2632 1935 hic
2676 1867 2993 1935 oculatior

605 1975 1089 2062 deprehenderit
1105 2023 1121 2051 ,
1164 1973 1488 2054 Ἠράκλεις
1508 2022 1523 2051 ,
1563 1991 1730 2058 quae
1754 1974 2042 2059 protinus
2064 1974 2459 2061 tragoediae,
2484 1996 2646 2060 quae
2670 1975 2991 2062 digladia-

602 2082 840 2165 tiones,
893 2101 1054 2166 quae
1100 2083 1410 2157 convicia,
1459 2099 1621 2165 quae
1665 2077 2056 2145 invectivae!

695 2185 877 2265 Quod
921 2187 1242 2272 reliquum
1292 2193 1388 2252 est
1405 2235 1422 2270 ‚
1468 2189 1593 2250 nisi
1641 2206 1859 2251 omnes
1896 2185 2024 2251 fere
2061 2186 2352 2252 homines
2389 2187 2454 2252 in
2495 2190 2765 2273 propriis
2805 2191 2993 2255 vitiis

602 2292 832 2379 lippire
892 2314 1095 2379 neque
1157 2293 1372 2359 videre
1424 2295 1770 2358 manticam
1820 2294 1886 2357 in
1934 2299 2113 2380 tergo
2163 2294 2537 2377 pendentem
2565 2343 2582 2371 ,
2632 2296 2711 2360 ab
2758 2294 2989 2361 eodem

604 2401 961 2466 didicissem
979 2450 997 2483 ,
1060 2417 1167 2464 me
1225 2415 1559 2482 meamque
1606 2398 1947 2483 epistulam
1996 2397 2156 2463 hanc
2200 2401 2553 2486 imaginem
2602 2400 2834 2466 referre
2880 2423 2992 2466 ne-

602 2528 846 2594 garem.
939 2505 1107 2586 Quid
1151 2511 1229 2571 tu
1269 2505 1403 2589 ais,
1449 2522 1512 2569 v.
1565 2500 1686 2569 eL?

964 2689 1061 2755 Ex
1106 2688 1478 2758 Erasmiano
1501 2737 1517 2764 ,

786 2797 883 2863 Id.
929 2795 1062 2863 Ian.
1112 2811 1605 2863 ommoocmxxxn

1642 3451 1956 3501 struimus

598 3684 673 3746 de
717 3680 867 3743 bello
916 3677 1338 3743 Mithridatico
1383 3695 1516 3760 cap.
1567 3675 1692 3743 40:
1745 3673 1981 3762 (Sylla)
2030 3675 2179 3756 ὁρμῇ
2232 3676 2499 3756 ἁπτός-ῳ
2546 3715 2628 3726 --
2669 3677 2993 3759 χρώμενος

601 3786 706 3853 καὶ
756 3783 1035 3863 περιθέων
1085 3784 1379 3847 αὐτ-ΟΥΕ
1430 3782 1534 3846 καὶ
1585 3788 1967 3861 παρακαλῶν
2013 3782 2113 3845 ἐπὶ
2163 3781 2236 3846 τὸ
2285 3780 2477 3862 ἔργον.
2524 3782 2993 3851 Scribendum:

601 3893 706 3958 καὶ
755 3889 1033 3969 περιθέων
1083 3888 1341 3952 αὐτοῦ.

597 4110 666 4172 in
716 4101 1005 4186 Syriacis:
1064 4138 1144 4149 —
1197 4100 1299 4164 ὑπ’
1346 4099 1730 4176 ἐκπλήξεως.
1786 4105 2075 4168 Μικιθίων
2127 4102 2189 4167 δὲ
2238 4106 2429 4169 αὐτοῦ
2480 4104 2792 4182 :amayae
2850 4107 2991 4170 κτὲ.

689 4211 947 4294 Repone
991 4209 1401 4274 notissimum
1447 4227 1677 4273 nomen
1730 4209 2104 4285 Εμικτθίων.

2510 4329 2579 4397 Ο.
2631 4329 2715 4398 G.
2769 4330 2841 4399 G.

1610 4480 1945 4488 ———.-—
