3192 5017
587 273 723 347 286
1335 292 1422 347 An
1466 289 1692 347 noum
1735 297 2233 355 mrmnrum

589 471 736 540 Joh.
799 469 865 538 2.
927 468 1017 536 24
1076 476 1142 536 et
1186 470 1386 537 Hebr.
1440 470 1501 538 7.
1551 468 1662 536 24.
1711 469 1954 536 Verum
2005 472 2061 535 si
2106 472 2174 535 in
2221 473 2402 538 Actis
2444 468 2785 549 ὁμότεχνος
2823 488 2966 559 pro-

592 580 850 645 babitur
868 626 884 655 ,
936 577 1283 644 videndum
1328 598 1485 642 num
1533 580 1729 642 etiam
1769 578 1991 643 eodem
2032 578 2223 643 modo
2261 577 2492 665 corrigi
2534 577 2767 644 debeat
2802 576 2968 642 locus

592 686 662 750 in
716 684 929 751 Lucae
991 683 1378 771 Evangelio,
1443 704 1594 748 nam
1662 683 1831 769 quod
1892 683 1984 749 ibi
2031 691 2155 749 est:
2209 685 2261 749 εἰ
2311 689 2423 750 καὶ
2469 685 2535 748 οὐ
2584 684 2763 749 δώσει
2811 684 2965 763 αὐτῷ

593 791 840 863 ἀναςοὶς
903 790 1004 856 διὰ
1068 790 1138 855 τὸ
1203 784 1361 855 εἶναι
1419 790 1665 870 φίλον
1699 780 1946 867 ἀύτοῦ,
1997 792 2118 855 etsi
2162 792 2364 876 possit
2406 790 2558 855 ferri
2602 790 2828 871 φίλον,
2875 809 2967 874 ap-

592 898 726 963 tius
772 901 987 963 tamen
1026 895 1250 982 judico
1296 896 1578 980 φίλος,
1628 915 1830 980 neque
1872 915 2035 980 ¹opus
2079 901 2178 961 est
2223 894 2656 961 demonstrare
2702 894 2857 980 quid
2901 892 2970 959 ad

595 1003 977 1069 sententiam
1045 1004 1315 1067 intersit.
1419 1000 1601 1082 Quod
1671 1002 1752 1066 ad
1819 1021 2008 1065 usum
2072 1003 2267 1087 primi
2326 1022 2512 1066 casus
2575 1003 2840 1076 attinet,
2899 1020 2971 1063 ne

594 1113 737 1195 quis
781 1115 966 1194 putet
1013 1126 1162 1175 eum
1210 1129 1248 1174 a
1294 1107 1482 1174 Sacro
1522 1105 1754 1174 Codice
1795 1105 2077 1173 alienum
2122 1127 2255 1173 esse
2273 1155 2288 1185 ‚
2327 1107 2600 1173 memini
2639 1127 2751 1172 me
2772 1106 2970 1194 legere

594 1215 637 1282 2
695 1214 981 1281 Maccab.
1046 1214 1107 1279 9.
1164 1212 1267 1299 17,
1333 1214 1446 1280 ubi
1492 1213 1969 1280 Alexandrinus
2016 1211 2231 1280 Codex
2275 1213 2448 1280 solus
2492 1234 2719 1280 veram
2765 1211 2972 1278 100110·

594 1344 745 1389 110111
792 1322 1073 1387 servavit
1091 1367 1108 1397 ,
1153 1341 1345 1406 quam
1390 1318 1504 1386 alii
1550 1319 1706 1385 libri
1751 1317 2156 1413 refluxerunt.
2253 1319 2490 1386 Graece
2534 1326 2714 1386 certe
2753 1316 2971 1385 melius

596 1428 909 1495 scribetur
968 1447 1115 1491 cum
1162 1426 1326 1492 libro
1371 1424 1800 1493 Alexandrino
1846 1424 2050 1505 λέγων
2101 1424 2388 1498 Ἰουδαῖος
2437 1420 2705 1491 ἔσεσθαι
2724 1474 2743 1504 ,
2794 1443 2973 1512 quam

594 1535 903 1601 Ἰουδαῖον.

690 1745 894 1812 XXV.
946 1746 1098 1812 Luc.
1157 1750 1261 1812 11.
1313 1744 1438 1812 481
1486 1745 1792 1827 μάρτυρές
1841 1747 1942 1816 ἐςε
1992 1746 2129 1810 καὶ
2171 1744 2585 1810 συνευδοκεῖτε
2624 1753 2759 1820 τοῖς
2796 1744 2975 1823 ἔργοις

599 1860 717 1920 τῶν
767 1852 1043 1933 πατέρων
1093 1853 1276 1932 ὑμῶν.
1329 1852 1532 1941 Lege:
1578 1855 1668 1926 ὥς
1715 1851 2127 1918 συνευδοκεῖτε
2148 1901 2166 1938 ,
2215 1852 2295 1918 cf.
2342 1852 2572 1918 Matth.
2625 1850 2744 1928 23,
2793 1850 2894 1916 31.

691 2067 929 2133 XXVI.
977 2066 1357 2133 Incredibile
1403 2066 1582 2132 dictu
1630 2074 1728 2132 est
1746 2114 1762 2144 ‚
1810 2073 1966 2151 quot
2010 2068 2406 2152 reperiantur
2449 2068 2647 2133 etiam
2693 2063 2883 2129 hodie
2916 2060 2975 2124 in

602 2173 793 2240 Sacro
857 2171 1090 2240 Codice
1155 2176 1505 2259 scripturae
1566 2172 1883 2259 duplices,
1946 2194 2103 2258 quas
2164 2171 2618 2254 διττογραφίας
2671 2167 2976 2256 appellare

600 2279 900 2347 solemus.
997 2277 1173 2345 Olim
1206 2282 1273 2344 in
1311 2279 1731 2367 Mnemosyne
1775 2278 1960 2344 XVII
2003 2300 2066 2364 p.
2120 2277 2245 2343 101
2287 2281 2425 2366 Jam
2465 2276 2769 2362 exempla
2806 2292 2976 2360 quae·

601 2385 750 2452 dam
794 2385 1112 2473 congessi,
1160 2384 1368 2451 veluti
1412 2384 1599 2450 Rom.
1658 2386 1715 2450 1.
1766 2383 1891 2450 29:
1941 2380 2196 2468 φθόνου,
2245 2383 2453 2464 φόνου,
2503 2383 2697 2449 Rom.
2754 2384 2812 2447 1.
2862 2378 2971 2445 30:

599 2490 965 2576 ἀσυνέτους,
1013 2489 1425 2566 ἀσυνθέτους,
1473 2489 1516 2556 2
1558 2490 1850 2558 Corinth.
1897 2491 2002 2556 11.
2045 2488 2117 2555 31
2159 2499 2271 2564 τῆς
2312 2488 2670 2564 ἁπλότητος
2724 2489 2828 2553 καὶ
2872 2493 2970 2558 τῆς

601 2597 965 2681 ἁγνότητος,
990 2597 1210 2663 Coloss
1265 2597 1323 2662 1.
1354 2596 1570 2678 121τῷ
1593 2598 1935 2663 καλέσαντι
1960 2598 2066 2662 καὶ
2094 2596 2485 2680 ἱκανώσαντι,
2507 2595 2715 2661 Hebr.
2746 2594 2850 2659 11.
2875 2589 2973 2656 37:

600 2701 983 2782 ἐπρίσθησαν
1030 2704 1133 2766 καὶ
1183 2700 1669 2781 ἐπειράσθησαν,
1718 2705 1912 2788 Apoc.
1966 2700 2073 2769 18.
2116 2702 2235 2767 13:
2286 2702 2391 2766 καὶ
2439 2701 2834 2780 κιννάμωμον
2876 2696 2969 2763 καὶ

600 2807 883 2887 ἄμωμον.
977 2808 1069 2874 Ea
1130 2817 1346 2874 autem
1407 2830 1505 2873 res
1569 2808 1748 2874 nullo
1793 2811 2052 2896 negotio
2098 2808 2454 2895 explicatur
2472 2858 2489 2882 ,
2539 2828 2690 2873 011111
2740 2804 2973 2871 librarii

598 2936 680 2980 ne
741 2935 979 2980 errores
1042 2917 1108 2979 in
1169 2913 1376 2980 nitido
1440 2910 1672 2985 Codice
1717 2916 2105 3002 corrigerent
2149 2922 2215 2980 et
2261 2913 2563 2980 foliorum
2610 2912 2970 2999 adspectum

598 3019 924 3086 foedarent
950 3067 967 3097 ,
1015 3021 1079 3086 id
1129 3021 1296 3106 quod
1341 3020 1502 3086 forte
1547 3022 1778 3086 vitiose
1825 3023 2134 3106 scriptum
2184 3025 2320 3086 erat
2335 3068 2352 3097 ,
2401 3040 2527 3085 non
2572 3017 2786 3084 delere
2830 3015 2970 3082 sole·

598 3134 739 3192 rent
762 3175 778 3203 ,
845 3127 956 3192 sed
1016 3126 1444 3206 περιγράφειν.
1538 3122 1709 3190 Hinc
1769 3129 1881 3210 qui
1939 3136 2081 3211 post
2142 3133 2487 3203 venerunt,
2538 3125 2695 3190 dum
2742 3128 2970 3191 veteres

596 3232 795 3297 libros
857 3232 1296 3298 describebant
1318 3282 1334 3308 ,
1399 3252 1584 3317 saepe
1647 3251 1850 3316 quum
1911 3232 1991 3298 ad
2050 3240 2287 3317 puncta
2354 3252 2479 3297 non
2548 3230 2969 3309 attenderent,

599 3337 832 3422 quibus
877 3358 1162 3423 quaeque
1198 3338 1387 3404 litera
1422 3337 1690 3403 delenda
1727 3343 1946 3404 notata
1983 3345 2183 3423 esset,
2221 3342 2560 3422 utramwe
2599 3338 2967 3423 scripturam

597 3441 694 3507 nil
763 3442 917 3507 mali
986 3446 1379 3529 suspicantes
1443 3447 1513 3509 in
1583 3450 1833 3510 textum
1892 3444 2252 3509 intulerunt
2308 3464 2425 3509 nec
2487 3445 2704 3508 minus
2765 3442 2831 3506 in
2877 3440 2968 3505 his

596 3547 782 3614 libris
851 3547 1177 3614 laboratur
1244 3550 1703 3637 dittographiis
1774 3570 1968 3634 quam
2030 3549 2295 3615 lacunis.
2388 3548 2743 3615 Adnectam
2811 3564 2966 3613 nunc

599 3652 847 3738 reliqua
915 3654 1210 3740 exempla
1274 3655 1343 3720 in
1407 3676 1569 3740 quae
1631 3656 1851 3721 incidi.
1916 3655 2028 3719 Ev.
2099 3654 2246 3720 Joh.
2295 3653 2396 3720 10.
2451 3652 2572 3719 38:
2636 3651 2738 3720 ἵνα
2783 3652 2966 3731 γνῶτε

597 3758 701 3824 καὶ
774 3759 1148 3836 γινώσκητε,
1219 3759 1366 3826 Joh.
1438 3760 1539 3825 13.
1608 3761 1726 3827 341
1801 3763 2048 3835 ἐντολὴν
2115 3765 2325 3836 καινὴν
2386 3760 2600 3839 δίδωμι
2665 3759 2842 3839 ὑμῖν,
2887 3755 2917 3823 ἵ
2923 3758 2963 3822 ν’

601 3865 1008 3942 ἀγαπᾶτε
1069 3865 1532 3943 ἀλλήλους,
1604 3868 1802 3940 καθὼς
1868 3866 2177 3944 ἠγάπησα
2228 3867 2421 3942 ὑμᾶς,
2474 3866 2604 3932 ἵνα
2650 3866 2754 3932 καὶ
2803 3866 2963 3942 ὑμεῖς

600 3972 1004 4050 ἀγαπᾶτε
1063 3972 1503 4045 ἀλλήλους.
1570 3972 1760 4039 Rom.
1827 3970 1887 4038 8.
1942 3971 2018 4037 31
2083 3973 2285 4041 ὄθεὸς
2330 3972 2433 4037 τὸν
2483 3973 2704 4038 ἑαυτοῦ
2750 3973 2867 4037 υἱὸν
2909 3969 2962 4032 ἐν

601 4076 941 4154 ὁμοιώματι
1007 4076 1228 4157 σαρκὸς
1294 4077 1719 4157 ἁμαρτίας
1785 4078 1889 4143 καὶ
1950 4077 2132 4157 περὶ
2194 4078 2619 4157 ἁμαρτίας
2668 4077 2962 4157 κατέκρινε

600 4183 710 4256 την
751 4182 1072 4263 ἁμαρτίαν
1111 4184 1172 4247 ἐν
1209 4193 1286 4263 τῇ
1327 4186 1528 4266 σαρκί.
1575 4184 1763 4250 Rom.
1818 4184 1924 4250 15'.
1953 4184 2029 4249 41
2077 4181 2174 4249 ἵνα
2220 4184 2319 4250 διὰ
2368 4191 2480 4259 τῆς
2531 4186 2825 4263 ὑπομονῆς
2864 4180 2957 4245 καὶ

600 4287 702 4352 διὰ
768 4296 906 4362 τῆς
971 4291 1575 4370 παρακλήσεως
1636 4298 1754 4357 τῶν
1798 4297 2060 4372 γραφῶν
2108 4292 2216 4365 τὴν
2264 4290 2499 4356 ἐλπίδα
2548 4291 2790 4374 ἔχωμεν
2829 4296 2957 4364 τῆς

602 4395 1230 4481 παρακλήσεως.
1300 4395 1484 4463 Rom.
1553 4397 1659 4461 13.
1712 4397 1804 4469 '7:-
1852 4397 2119 4471 α’πόδοτε
2180 4402 2338 4467 πᾶσι
2385 4398 2508 4472 τὰο
2549 4396 2837 4482 ὀφειλάς,
2881 4394 2958 4475 τῷ
