3192 5017
447 256 587 331 404
1527 267 1763 334 imus.

450 455 749 534 ςαλμένοι
806 456 918 530 την
965 453 1357 521 Μακεδονίαν
1405 455 1684 540 ἔφασκον
1731 454 1878 522 ἰδεῖν
1923 456 2233 536 ἀσφαλῶς
2282 452 2687 537 ὠχυρωμένην
2736 450 2842 522 καὶ

452 563 850 643 παρασκευὴν
935 563 1149 636 ἱκανὴν
1231 562 1335 627 καὶ
1409 562 1668 639 νεότητα
1732 560 2259 641 γεγυμνασμένην
2323 564 2664 640 Ῥωμαίους
2731 562 2840 628 καὶ

447 669 599 734 ταδε
690 667 1092 748 διεταρασσεν
1142 668 1217 755 ¹).
1292 669 1657 747 Αἱσθόμενος
1729 669 1780 733 δ’
1850 669 1877 732 ὅ
1949 667 2217 748 Περσεὺς
2289 669 2519 748 ἑτέρους
2589 668 2837 745 ἔπεμπε

453 775 748 855 πρέσβεις
812 778 923 851 την
988 772 1269 839 ὑπόνοιαν
1335 776 1584 840 ἐκλύων.
1653 776 1713 839 ἐν
1757 773 1819 838 δὲ
1866 775 2061 853 τούτῳ
2106 775 2209 837 καὶ
2259 774 2532 852 Εὐμένης
2583 771 2719 847 ἧκεν
2772 775 2833 845 ἐς

453 883 687 959 Ῥώμην
741 882 845 946 καὶ
897 879 1227 961 κατηγόρει
1276 887 1550 963 φανερῶς
1595 882 1788 945 αὐτοῦ
1828 881 2141 960 παρελθὼν
2184 880 2243 950 ἐς
2283 881 2353 943 τὸ
2393 879 2838 959 βουλευτήριον.

453 988 681 1054 deinde
744 990 1133 1053 enumeratis
1176 985 1395 1051 Persei
1442 989 1697 1052 iniuriis
1745 989 1838 1051 ita
1885 986 2139 1051 scribit:
2190 982 2373 1065 ζήλου
2421 986 2481 1050 δὲ
2533 988 2632 1050 καὶ
2684 985 2844 1067 φθό-

453 1119 550 1160 νου
616 1095 722 1159 καὶ
790 1094 956 1168 δέους
1021 1102 1405 1158 ΜΛΛΛΟΝ
1447 1090 1534 1157 ’Ἡ
1584 1097 2223 1157 ἘΓΚΛΗΜΛΤΩΝ
2276 1092 2440 1157 οὐδὲν
2486 1093 2514 1156 ό
2562 1092 2845 1170 Εὐμένης

451 1202 779 1266 ἀπολιπὼν
851 1202 1097 1265 ἐκέλευε
1164 1201 1275 1275 την
1339 1200 1695 1278 σύγκλητον
1760 1201 2098 1281 ὑφορᾶσθαι
2165 1198 2289 1263 νέον
2349 1199 2564 1280 ἐχθρὸν
2608 1199 2844 1263 εὐδοκι-

455 1313 696 1385 μοῦντα
743 1307 847 1372 καὶ
896 1305 1346 1385 γειτονεύοντα.
1398 1306 1574 1371 Audi
1623 1306 1778 1392 quid
1827 1306 2034 1371 dicat:
2086 1303 2268 1386 ζήλου
2317 1306 2422 1370 καὶ
2472 1305 2688 1385 φθόνου
2731 1304 2837 1368 καὶ

449 1414 614 1488 δέους
684 1419 1005 1491 μᾶλλον
1058 1413 1091 1487 ἢ
1142 1412 1579 1491 ἐγκλημάτων.
1632 1412 1804 1499 Ergo
1851 1411 2011 1478 falsa
2057 1418 2122 1476 et
2168 1432 2332 1477 vana
2379 1419 2558 1477 erant
2607 1432 2679 1476 ea
2721 1413 2841 1476 cri-

453 1524 632 1586 mina
697 1526 796 1596 et,
864 1527 938 1584 ut
1001 1525 1096 1583 est
1160 1518 1330 1604 apud
1390 1518 1649 1583 Livium
1701 1516 1809 1596 39,
1858 1516 1981 1584 26:
2026 1519 2431 1603 quaerentium
2482 1519 2640 1602 quod
2670 1518 2845 1603 falso

453 1629 737 1692 obiiciant
805 1648 936 1689 cvm»
1002 1625 1131 1689 veri
1199 1625 1363 1688 nihil
1420 1626 1736 1708 haberent,
1796 1645 1999 1709 neque
2059 1625 2126 1688 id
2185 1632 2395 1709 patres
2456 1623 2850 1708 conscriptos

451 1732 779 1820 fugiebat,
828 1732 932 1797 sed
985 1738 1357 1816 quaerentes
1403 1737 1806 1816 praetextum
1853 1729 2008 1796 belli
2051 1729 2282 1795 Perseo
2329 1730 2639 1795 inferendi
2686 1729 2844 1794 haec

451 1842 670 1907 omnia
716 1838 842 1904 sibi
888 1858 1040 1903 vera
1084 1843 1148 1902 et
1194 1836 1419 1924 gravia
1465 1837 1672 1903 videri
1718 1835 2144 1921 simulabant,
2193 1856 2272 1901 ne
2318 1834 2528 1901 dicam
2576 1837 2842 1900 mentie-

453 1949 709 2013 bantur.

545 2052 667 2118 Sed
715 2051 1043 2136 aliquanto
1094 2051 1355 2115 maioris
1399 2050 1694 2135 ponderis
1740 2056 1839 2114 est
1882 2048 2051 2136 quod
2097 2051 2278 2114 testis
2337 2051 2637 2133 antiquus
2697 2069 2844 2113 con-

455 2161 637 2223 tinuo
685 2157 896 2222 addit:
954 2157 988 2230 ἦ
1039 2156 1100 2220 δὲ
1150 2154 1556 2240 (σύγκλητος)
1597 2159 1890 2220 ἜΡΓΩΙ
1937 2157 2051 2232 μὲν
2100 2158 2206 2220 οὐκ
2251 2156 2513 2233 ἀξιοῦσα
2559 2153 2839 2231 βασιλέα

458 2266 740 2345 σώφρονα
791 2262 896 2326 καὶ
946 2261 1276 2342 φιλόπονον
1327 2262 1380 2345 ²)
1424 2262 1529 2325 καὶ
1578 2266 1641 2331 ἐς
1689 2262 1951 2332 πολλοὺς
1999 2261 2423 2342 φιλάνθρωπον
2470 2260 2687 2339 οὶθρόως
2739 2258 2841 2325 οὔ·

453 2395 571 2441 τως
643 2368 1031 2448 ἐπαιρόμενον
1102 2367 1205 2431 καὶ
1280 2367 1573 2445 πατρικὸν
1642 2365 1788 2431 ὅντα
1858 2368 2072 2448 σφίσιν
2139 2368 2349 2447 ἐχθρὸν
2420 2369 2480 2430 ἐν
2541 2375 2840 2446 πλευραῖς

456 2474 661 2556 ἔχειν,
735 2482 1014 2539 ΛΟΓΩΙ
1087 2473 1150 2537 δὲ
1208 2469 1251 2536 οἳ
1315 2472 1655 2553 προῦτεινεν
1717 2476 1746 2537 ὁ
1809 2474 2088 2550 Εὐμένης
2150 2474 2481 2552 αἰτιωμένη
2527 2482 2840 2550 πολεμεῖν

453 2579 640 2664 ἔκρινε
684 2583 770 2661 τῷ
821 2587 1061 2661 Περσεῖ.
1851 2584 1870 2600 ·

543 2687 709 2770 Ergo
770 2685 1176 2752 clandestinis
1241 2684 1523 2751 consiliis
1580 2684 1886 2751 Perseum
1950 2687 2245 2771 quietum
2292 2695 2357 2751 et
2403 2684 2567 2751 nihil
2612 2686 2836 2750 huius·

452 2794 630 2861 modi
692 2798 1165 2879 exspectantem
1238 2791 1597 2877 opprimere
1658 2791 2076 2872 decreverunt
2136 2799 2430 2859 caventes
2493 2792 2714 2858 sedulo
2761 2814 2840 2857 ne

450 2922 551 2967 res
614 2904 682 2965 in
745 2898 984 2985 vulgus
1046 2905 1390 2964 emanaret.
1483 2897 1819 2983 Appianas
1866 2897 1981 2964 1.1.
2033 2899 2136 2963 καὶ
2188 2900 2369 2963 ταῦτ’
2420 2898 2732 2979 οὶπόρρητα
2779 2900 2839 2963 έν

453 3007 668 3090 σφίσιν
721 3008 929 3078 αὐτοῖς
982 3006 1313 3070 ἐποιοῦντο.

542 3112 868 3178 Venerant
915 3111 1219 3177 Eumenis
1264 3112 1533 3176 crimina
1581 3113 1920 3197 purgaturi
1967 3117 2031 3176 et
2074 3110 2292 3176 Persei
2330 3110 2533 3199 legati
2570 3119 2636 3177 et
2670 3111 2842 3177 Rho·

452 3223 743 3300 diorum,
814 3220 923 3285 sed
1004 3217 1314 3303 quamdiu
1386 3216 1706 3281 Eumenes
1780 3215 2021 3283 Romae
2083 3216 2209 3282 fuit
2275 3220 2343 3282 in
2406 3221 2651 3284 curiam
2714 3238 2840 3284 non

453 3334 604 3393 sunt
663 3327 1011 3392 introducti
1079 3331 1145 3390 et
1215 3331 1357 3408 post
1426 3326 1599 3411 regis
1671 3324 2023 3389 discessum
2100 3325 2363 3390 demum
2434 3332 2692 3390 senatus
2759 3328 2839 3391 iis

453 3434 640 3500 datus
687 3441 800 3499 est.
856 3432 1218 3518 Appianas:
1267 3430 1371 3494 καὶ
1422 3431 1607 3494 ταῦτ’
1658 3430 1973 3510 ἀπόρρητα
2025 3432 2085 3493 ἐν
2134 3431 2348 3512 σφίσιν
2390 3433 2599 3505 αὐτοῖς
2645 3434 2835 3496 ποιού-

453 3563 619 3618 μενοι
657 3537 983 3619 Ἀρπαλόν
1033 3562 1102 3602 τε
1153 3536 1527 3616 πεμφθέντα
1576 3537 1750 3616 παρὰ
1797 3537 2070 3617 Περσέως
2118 3540 2178 3608 ές
2228 3539 2594 3616 ἀντιλογίαν
2640 3537 2839 3615 Εὐμέ-

454 3670 585 3721 νους
634 3645 738 3710 καὶ
791 3644 1030 3709 Ῥοδίων
1080 3643 1218 3708 τινα
1267 3642 1656 3721 πρεσβευτὴν
1703 3642 2111 3720 βουλομένους
2160 3644 2219 3715 ἐς
2269 3642 2407 3723 ὄψιν
2452 3644 2554 3708 τὸν
2592 3644 2838 3721 Εὐμένη

455 3752 812 3833 διελέγχειν
874 3748 1169 3831 παρόντος
1235 3750 1350 3827 μὲν
1412 3747 1501 3812 ἔτι
1552 3754 1660 3814 τοῦ
1712 3750 2019 3827 Εὐμένους
2067 3750 2133 3814 οὐ
2180 3752 2594 3830 προσήκαντο,
2641 3773 2842 3830 μετα·

521 3981 575 4047 1)
610 3981 775 4031 Livius
807 3980 889 4030 42.
926 3979 982 4029 2:
1021 3976 1169 4041 legati
1204 4004 1271 4013 —
1304 3975 1355 4024 in
1395 3976 1725 4027 Macedoniam
1759 3977 1890 4027 missi
1914 4005 1979 4015 -
2006 3979 2401 4029 renunciaverunt
2427 3979 2517 4029 eibi
2544 3980 2844 4031 mandendi

452 4065 574 4129 nqis
607 4092 672 4101 -—
703 4064 989 4127 potestatem
1043 4075 1136 4109 non
1176 4062 1393 4124 jactam.
1464 4060 1629 4109 Facile
1678 4064 1838 4110 tamen
1886 4061 2157 4125 apparuisse
2205 4061 2294 4109 eibi
2342 4061 2512 4111 bellum
2558 4063 2727 4125 parari
2759 4079 2845 4112 nec

449 4150 587 4196 ultra
620 4148 689 4194 ad
718 4161 854 4193 arma
889 4144 959 4192 ire
992 4143 1285 4199 ditaturum
1328 4139 1407 4190 ubi
1446 4142 1783 4206 corrigendum
1817 4141 2050 4194 arbitror:
2087 4159 2172 4193 nec
2203 4148 2337 4193 ultra
2371 4147 2440 4193 ad
2471 4162 2608 4193 ama
2641 4146 2724 4194 ins
2757 4160 2841 4195 u-

444 4247 550 4295 qem
584 4230 870 4277 dilaturum.

518 4319 574 4379 2)
620 4317 778 4366 Stulte
823 4317 984 4366 editur
1030 4315 1315 4379 φιλόσοφον.
1365 4318 1424 4367 cf.
1471 4334 1572 4381 cap.
1633 4318 1700 4365 V:
1750 4312 1804 4362 οὔ
1854 4312 2078 4378 Φίροντες
2115 4313 2360 4379 σώφρονας
2397 4318 2481 4366 καῖ
2515 4315 2722 4374 δικαίους
2759 4317 2845 4366 καῖ

450 4409 738 4475 φιλοπόνως
774 4402 1021 4469 γείτονας.
