3192 5017
1272 260 1592 310 tutunus.
2496 236 2626 306 427

328 439 666 525 Perinepte
713 437 995 501 abundat
1041 435 1314 520 ψευδῶς,
1362 438 1427 499 in
1468 434 1781 499 Vossiano
1819 432 2082 515 ψεῦδος,
2123 450 2271 494 nam
2312 431 2419 514 qui
2443 427 2632 493 laude

237 544 534 631 indignos
579 543 843 609 laudant
889 562 1109 607 omnes
1155 543 1501 607 necessario
1550 542 1970 604 mentiuntur.

332 788 492 874 Pag.
544 789 607 851 2.
658 810 722 851 c:
791 789 842 852 οἱ
893 788 955 851 δὲ
1003 796 1113 861 τῆς
1163 786 1389 866 τέχνης
1441 784 1812 850 ἀπολαῦσαί
1857 793 2051 863 φασιν
2100 784 2159 846 ἐν
2209 784 2291 862 τῷ
2343 780 2632 846 δύνασθαι

241 895 373 976 περὶ
422 898 539 958 τῶν
587 902 808 974 μικρῶν
858 892 1143 972 μειζόνως
1196 894 1446 959 διελθεῖν
1493 930 1575 940 —-
1619 893 1722 955 καὶ
1773 886 1921 977 ὅλως
1983 887 2376 955 ἀντιτάττειν
2415 897 2491 969 τῇ
2519 895 2634 952 τῶν

241 1002 635 1079 πραγμάτων
684 1000 870 1077 Φύσει
921 999 1211 1064 δύνασθαι
1259 1001 1368 1073 τὴν
1417 1001 1535 1063 τῶν
1580 998 1806 1075 λόγων.

332 1106 662 1191 Perplacet
722 1105 1202 1192 Wyttenbachfi
1252 1108 1645 1175 coniectura:
1697 1104 2088 1168 ἀντιτάττειν
2134 1111 2212 1181 τῇ
2263 1107 2378 1166 τῶν
2429 1123 2635 1179 πραγ-

240 1211 459 1289 μάτων
528 1214 718 1292 φύσει
788 1214 897 1286 τὴν
958 1212 1214 1291 δύναμιν
1279 1219 1396 1276 τῶν
1457 1211 1682 1289 λόγων.
1748 1210 2051 1294 Epinicus
2116 1206 2417 1274 Comicus
2465 1207 2634 1291 apud

242 1316 648 1384 Athenaeum
696 1339 841 1405 pag.
894 1318 1044 1384 432.
1097 1342 1157 1384 c:

607 1425 722 1489 κᾶν
772 1426 841 1489 τὸ
890 1426 1084 1507 τυχὸν
1132 1423 1165 1505 ᾖ
1218 1424 1617 1505 πραγμάτιον
1671 1425 1704 1498 ἢ
1759 1421 1974 1504 σφόδρ’
2027 1422 2313 1499 εὐτελές,

608 1532 826 1607 σεμνὸν
876 1533 1130 1597 δύναται
1184 1533 1345 1596 τοῦθ’
1399 1534 1432 1606 ἦ
1482 1531 1740 1607 δύναμις
1788 1533 1915 1608 ἡμὴ
1965 1537 2176 1594 ποιεῖν.
2275 1521 2279 1525 ⁴

336 1758 496 1843 Pag.
554 1759 614 1823 2.
666 1761 710 1821 d
726 1780 741 1823 :
816 1765 921 1822 τοῦ
989 1758 1171 1835 ἀξίως
1240 1758 1651 1837 διηγήσασθαι
1721 1766 1837 1823 τῶν
1902 1760 2091 1839 ἔργων
2139 1760 2475 1840 ἀνεφίκτου
2528 1757 2631 1822 καὶ

245 1864 392 1928 τότε
439 1872 565 1935 τοῖς
612 1864 1030 1942 προλαβοῦσιν
1076 1866 1184 1941 ἤδη
1237 1868 1558 1945 Φανέντος.

338 1970 410 2033 In
482 1969 781 2035 Vossiano
846 1969 1076 2036 Couice
1147 1979 1274 2036 est:
1340 1974 1444 2036 καὶ
1506 1975 1647 2035 τότε
1718 1972 2130 2052 προλαβοῦσα
2196 1974 2430 2036 omisso
2486 1979 2633 2042 τοῖς.

247 2076 443 2142 Recte
490 2077 656 2142 vidit
705 2077 926 2141 Editor
975 2097 1197 2141 verum
1247 2097 1421 2142 esse:
1474 2078 1575 2141 καὶ
1627 2085 1834 2142 TOIC
1883 2078 2316 2159 προλαβοῦσιν.

339 2184 566 2247 Sciunt
613 2186 724 2267 qui
770 2182 967 2247 libros
1011 2182 1163 2247 Mss.
1214 2183 1499 2248 multum
1534 2193 1948 2250 versaverunt
1981 2205 2174 2270 quam
2210 2205 2394 2269 saepe
2437 2191 2636 2247 I'OlC

248 2299 313 2355 et
370 2297 611 2355 ΤΟΤΕ
654 2291 822 2355 inter
866 2310 932 2354 se
980 2289 1195 2355 locum
1243 2298 1517 2357 mutent.
1567 2289 1667 2357 Cf.
1725 2293 1962 2356 Collect.
2020 2293 2165 2355 Oria.
2217 2312 2362 2379 pag.
2418 2290 2567 2355 119.

339 2521 497 2605 Pag.
550 2520 590 2583 3
641 2544 714 2585 a:
764 2518 853 2583 ὅτι
902 2525 1007 2584 τοῦ
1057 2521 1287 2591 παντὸς
1337 2521 1872 2597 &mammes-11⁸1
1923 2519 2195 2599 ἤλπιζον.

341 2626 862 2690 Semibarbarum
926 2634 1022 2689 est
1083 2625 1424 2702 ἁμαρτήσω
1488 2646 1601 2710 pro
1665 2627 2152 2705 ἁμαρτήσομαι,
2214 2624 2323 2689 sed
2388 2624 2640 2690 Iuliano

250 2732 737 2817 relinquendum
801 2752 949 2795 cum
1011 2733 1409 2818 sequioribus
1456 2734 1706 2816 saepius
1752 2736 1842 2796 sic
1889 2733 2195 2815 peccanti.
2289 2730 2413 2794 Pro
2462 2732 2643 2795 ἀκού-

249 2863 438 2917 σομαι
501 2839 601 2903 illi
664 2838 904 2903 ἀκούσω
972 2838 1265 2903 dicebant
1330 2846 1393 2902 et
1455 2838 1713 2915 γελάσω
1773 2857 1885 2923 pro
1952 2838 2315 2915 γελάσομαι
2379 2843 2442 2901 et
2489 2840 2638 2901 sim.

252 2945 601 3029 complura.
2441 3004 2600 3033 mm

347 3052 418 3115 ln
483 3052 715 3137 Lysiae
780 3049 1012 3118 Codice
1076 3054 1263 3116 unico
1329 3050 1373 3114 l.
1430 3050 1537 3117 47.
1587 3056 1900 3136 scriptum
1951 3058 2045 3115 est
2095 3052 2642 3130 ἐξαμαρτήσουσιν.

256 3158 361 3224 Sic
408 3178 554 3223 suas
602 3158 815 3223 sordes
863 3160 1142 3240 antiquis
1191 3159 1605 3242 scriptoribus
1653 3157 2042 3223 affricabant.

349 3388 512 3474 Pag.
569 3385 630 3452 3.
679 3406 742 3449 c:
811 3385 989 3462 νόμος
1057 3385 1145 3454 ἐς)
1212 3385 1479 3457 παλαιὸς
1543 3395 1764 3451 ΠΑΡΛ
1821 3392 1926 3452 τοῦ
1978 3387 2211 3467 πρώτου
2260 3387 2644 3467 Φιλοσοφίαν

257 3495 577 3570 ἀνθρώποις
627 3494 934 3573 φήναντος
986 3493 1199 3556 οὑτωσὶ
1252 3494 1547 3569 κείμενος.

350 3598 707 3666 Commune
756 3598 1089 3665 Graeculis
1133 3601 1372 3665 vitium
1423 3605 1519 3663 est
1564 3606 1638 3663 ut
1685 3620 1798 3683 pro
1850 3600 1966 3666 ὑπό
2009 3602 2401 3666 substituant
2448 3599 2646 3680 παρά.

259 3708 402 3773 Non
468 3708 763 3772 dubitant
791 3693 1018 3772 'dicere
1066 3712 1265 3777 κακῶς
1316 3705 1632 3789 πάσχειν,
1681 3706 1939 3784 πληγὰς
1986 3706 2216 3785 λαβεῖν
2265 3708 2440 3789 παρά
2490 3729 2647 3778 τινος

262 3821 327 3880 et
374 3813 615 3879 similia
662 3819 976 3879 sexcenta.

354 4046 511 4134 Pag.
564 4045 626 4110 6.
675 4050 742 4109 b:
814 4044 1012 4109 ἀκούω
1072 4045 1135 4109 δὲ
1185 4083 1265 4094 -
1317 4045 1492 4117 τινας
1555 4044 1768 4123 λέγειν
1815 4043 1908 4111 ὅτι
1956 4055 2085 4110 ΜΗ
2136 4045 2349 4111 δίκαια
2394 4046 2651 4128 δρῶμεν.

355 4153 601 4217 Passim
674 4154 764 4216 sic
836 4148 1135 4215 Graeculi
1204 4157 1450 4235 praeter
1511 4148 1897 4217 Graecitatis
1955 4154 2264 4218 rationem
2328 4158 2392 4217 et
2457 4173 2647 4217 usum

267 4280 379 4344 pro
429 4263 493 4323 οὐ
543 4259 943 4322 substituunt
989 4256 1101 4332 μή.
