3192 5017
610 272 738 345 1⁸⁷0
1426 292 2162 347 mmmononcm.

602 467 765 532 tioni
823 466 1077 551 qnidem
1139 472 1284 532 ante
1343 466 1591 534 litteras
1648 476 1756 533 ΤΡ
1772 517 1787 545 ,
1847 476 1943 533 KP
1993 473 2059 533 et
2103 479 2227 535 ΠΛ
2273 488 2468 554 quam
2513 488 2629 555 pro
2681 489 2960 536 versuum

602 591 868 638 numero
914 575 1069 638 satis
1114 572 1472 658 frequenter
1516 573 1780 639 admisit
1819 580 2073 660 propter
2112 574 2408 660 exempla
2438 573 2783 642 Homerica
2819 576 2964 662 apud

606 676 699 742 La
755 676 1007 756 Roche‚
1055 678 1436 743 Homer-ischa
1494 666 2010 761 Unterouohunqen
2057 678 2120 744 11
2167 678 2208 745 9
2255 688 2321 747 et
2370 678 2455 746 36
2504 702 2597 764 sq.
2645 687 2711 746 et
2767 682 2846 745 15
2887 700 2966 767 sq.

605 783 822 869 aliqua
881 786 1066 851 venia
1122 792 1341 869 parata
1400 791 1528 861 est,
1594 786 1706 851 sed
1767 788 2082 873 gravioris
2142 789 2212 851 in
2272 786 2390 853 hac
2438 789 2809 872 quaestione
2853 807 2968 852 mo·

607 893 810 954 menti
870 895 1021 955 sunt
1081 893 1502 976 correptiones
1561 890 1822 957 Atticae
1883 898 2030 957 ante
2091 900 2214 958 ΠΝ
2261 894 2330 957 in
2349 874 2360 889 ’
2378 892 2766 959 ἀπέπνευσεν
2812 890 2968 977 (99),

606 993 907 1070 ἀπέπνιξε
960 994 1147 1081 (230)
1210 997 1323 1061 ubi
1370 996 1555 1062 facile
1601 1002 1896 1082 potuerat
1940 999 2211 1063 scribere
2255 996 2498 1081 ἔπνιξε,
2548 999 2719 1084 quod
2765 998 2968 1064 eodem

607 1122 791 1167 sensu
853 1104 1104 1187 saepius
1162 1101 1493 1175 adhibuit,
1559 1102 1782 1179 ἑπνίγη
1841 1102 2053 1187 (148),
2117 1102 2347 1175 ἄυπνος
2410 1102 2617 1189 (191),
2674 1110 2824 1169 ante
2870 1111 2968 1167 ΦΛ

605 1210 675 1271 in
723 1206 1068 1285 ἐξετύφλου
1120 1206 1306 1293 (235)
1353 1212 1419 1273 et
1464 1214 1611 1273 ante
1663 1219 1777 1272 XA
1817 1210 1886 1272 in
1927 1211 2192 1290 κοχλιῶν
2233 1207 2446 1293 (165).
2495 1206 2592 1274 Cf.
2636 1209 2732 1275 La
2771 1209 2971 1275 Rocbe

607 1311 687 1376 ΙΙ.
738 1315 779 1376 4
826 1311 913 1379 al.
1008 1312 1081 1377 In
1127 1312 1390 1398 hymnis
1435 1312 1697 1398 quidem
1740 1313 2144 1388 Homericis,
2194 1333 2466 1399 quorum
2511 1320 2764 1399 partem
2819 1313 2972 1380 haud

607 1422 908 1505 exiguam
955 1418 1034 1483 ab
1074 1417 1315 1483 Atticis
1362 1421 1565 1502 poetis
1612 1421 2028 1504 compositam
2075 1440 2208 1485 esse
2255 1419 2601 1484 admodum
2641 1419 2972 1506 probabilis

606 1530 705 1588 est
764 1525 1065 1608 suspiti0,
1131 1543 1394 1608 regnare
1455 1522 1738 1608 aliquam
1801 1523 2242 1590 huiuscemodi
2301 1525 2632 1590 licentiam
2696 1545 2826 1590 non
2892 1526 2971 1589 ita

610 1631 850 1694 mirum
913 1635 1034 1705 est,
1102 1628 1213 1694 sed
1269 1632 1440 1694 enim
1500 1630 1728 1716 Pigres
1782 1631 1942 1713 iste,
2004 1629 2110 1694 cui
2151 1650 2452 1695 ranarum
2497 1651 2648 1695 cum
2695 1631 2973 1695 muribus

607 1755 890 1822 pugnam
942 1735 1266 1818 tribuunt,
1311 1738 1379 1800 in
1425 1737 1577 1800 Asia
1623 1735 1910 1800 floruisse
1955 1735 2267 1813 creditur,
2317 1756 2446 1821 qua
2483 1741 2694 1802 aetate
2734 1744 2969 1822 poetam

606 1842 700 1906 ibi
760 1852 985 1906 natum
1050 1848 1116 1907 et
1171 1842 1512 1907 educatum
1577 1844 1645 1906 in
1706 1844 1884 1927 epica
1943 1843 2118 1927 poesi
2161 1841 2354 1926 idque
2397 1844 2466 1906 in
2511 1845 2718 1926 ipsius
2766 1841 2971 1907 Iliadis

608 1946 865 2032 parodia
928 1946 1057 2012 alia
1117 1967 1309 2032 quam
1374 1946 1722 2012 Homerica
1781 1952 1848 2012 et
1899 1946 2118 2013 Ionica
2173 1946 2468 2033 exempla
2510 1955 2810 2013 secutum
2856 1965 2973 2012 esse

608 2053 751 2137 quis
815 2072 1047 2138 quaeso
1103 2073 1413 2137 umquam
1477 2052 1602 2117 sibi
1650 2048 2061 2136 persuadeat?
2106 2050 2518 2117 Eiusmodine
2563 2061 2823 2137 poetam
2873 2055 2972 2117 At-

608 2160 734 2224 tico
795 2178 971 2225 more
1028 2161 1287 2233 ποιήσας
1350 2164 1418 2223 et
1474 2157 1770 2231 ἐποίησιν
1833 2156 1968 2245 (93,
2039 2155 2196 2241 182)
2257 2164 2544 2242 correpta
2587 2156 2972 2245 diphthongo

609 2265 928 2352 scripsisse
997 2267 1329 2332 existimas
1346 2266 1377 2328 Ρ
1449 2263 1606 2343 Quis
1675 2284 1825 2330 vero
1894 2263 2110 2329 credat
2177 2262 2370 2328 huius
2437 2266 2666 2329 aetatis
2732 2266 2972 2350 epicum

608 2374 1071 2457 permissurum
1130 2370 1254 2436 sibi
1320 2369 1517 2434 fuisse
1576 2374 1651 2434 ut
1710 2369 2012 2434 scriberet
2057 2367 2561 2448 περνόγλυφον,
2611 2369 2972 2448 &verudat-

605 2500 815 2556 τουτο,
881 2477 1189 2555 ciamare
1251 2473 1650 2553 βλάπτοντες
1718 2494 1844 2540 non
1898 2473 2208 2560 producta
2267 2473 2477 2539 vocali
2537 2479 2683 2540 ante
2730 2474 2968 2540 litteras
3093 2522 3094 2573 3

604 2592 714 2648 ΓΛ
763 2588 828 2647 et
874 2593 1020 2658 BA,
1070 2580 1237 2665 quod
1282 2587 1495 2644 noster
1535 2581 1865 2644 commisit
1909 2576 2667 2661 ves.222,296,180?
2745 2576 2845 2645 Of.
2891 2577 2972 2643 La
3093 2628 3094 2637 ,

602 2686 816 2755 Roche
862 2686 949 2762 Π,
1002 2685 1068 2770 2,
1119 2686 1222 2751 10.
1270 2684 1485 2751 Etiam
1524 2688 1708 2770 peius
1749 2685 1911 2750 foret
1947 2703 2038 2750 vs.
2081 2683 2218 2748 250
2254 2682 2375 2759 ὀξέι
2407 2685 2635 2765 σχοίνῳ
2660 2684 2772 2768 (cf.
2797 2683 2964 2767 210).

603 2797 725 2861 nisi
772 2791 1097 2881 probabile
1142 2796 1306 2857 esset
1349 2798 1602 2876 poetam
1649 2790 1897 2857 dedisse
1943 2790 2291 2871 ὀξυσχοίνῳ.

691 2899 993 2987 Augetur
1051 2897 1317 2983 suspitio
1377 2899 1545 2962 mira
1588 2896 1868 2961 bominis
1910 2895 2175 2961 licentia
2217 2898 2285 2960 in
2333 2895 2658 2962 vocalium
2699 2917 2962 2983 quarun-

602 3007 749 3073 dam
820 3005 1202 3090 quantitate‚
1274 3005 1385 3088 qui
1453 3005 1523 3067 in
1589 3001 1755 3067 thesi
1822 3001 2194 3087 produxerit
2262 3001 2731 3087 paenultimam
2812 3005 2970 3071 vocis
3093 3066 3094 3079 ,

599 3111 747 3192 ὕδωρ
810 3109 953 3197 (97)
1015 3116 1081 3176 et
1136 3111 1308 3177 vocis
1359 3111 1545 3185 μυσίν
1591 3106 1803 3193 (257),
1856 3115 1927 3173 ut
1971 3110 2292 3213 venia-sit
2337 3111 2408 3172 in
2454 3111 2579 3174 arsi
2628 3110 2807 3175 idem
2855 3110 2965 3175 sibi
3093 3100 3094 3111 ’

602 3217 999 3304 permittenti
1070 3218 1137 3281 in
1208 3220 1376 3291 μυῶν
1438 3212 1651 3298 (144).
1718 3216 1788 3279 in
1842 3214 2316 3293 Auxentium,
2391 3215 2455 3278 in
2518 3212 2773 3293 παγίδᾶ
2836 3220 2966 3282 ante

602 3344 928 3390 caesuram
973 3323 1478 3388 semiternariam
1524 3317 1741 3405 (118),
1792 3321 1859 3385 in
1905 3318 2073 3385 aliis.
3093 3384 3094 3403 Χ

690 3434 1026 3499 Praeterea
1092 3427 1377 3494 multum
1446 3427 1670 3492 dubito
1737 3446 1896 3490 num
1961 3431 2146 3491 vetus
2208 3431 2394 3510 poeta
2437 3447 2710 3493 ausurus
2755 3429 2966 3494 faiam
3093 3440 3094 3505 4

600 3542 793 3607 metri
841 3555 1029 3604 causa
1070 3535 1344 3600 scribere
1390 3533 1660 3611 πράσα-ον
1709 3538 1773 3598 et
1820 3540 2160 3611 πρασσαῒος
2209 3531 2392 3618 (229,
2433 3531 2588 3611 233,
2629 3533 2817 3616 249),
2855 3553 2966 3599 non

601 3649 775 3714 enim
840 3641 1159 3708 sibilantis
1220 3639 1571 3726 duplicatio
1636 3637 1795 3703 olim
1860 3643 1992 3703 tam
2055 3637 2245 3726 longe
2289 3641 2569 3724 patebat,
2615 3648 2689 3705 ut
2732 3643 2802 3706 in
2847 3660 2965 3706 om·

602 3754 792 3818 nibus
859 3750 993 3813 sine
1028 3746 1421 3812 ‘discrimine
1485 3743 1811 3812 vocabulis
1867 3743 2332 3822 admitteretur,
2395 3744 2505 3810 sed
2548 3746 2863 3830 pendebat
2902 3763 2965 3809 ea
3093 3730 3094 3793 Ῐ

601 3857 866 3925 licentia
948 3873 985 3917 a
1064 3851 1268 3935 prima
1339 3848 1791 3917 vocabulorum
1863 3848 2338 3933 formarumque
2405 3856 2960 3936 grammaticarum

601 3981 866 4136 ongo?
900 4087 1051 4136 vero
1112 4068 1475 4153 imprimis,
1532 4062 1766 4143 velim,
1814 4064 2145 4150 observes,
2194 4066 2448 4131 etiamsi
2493 4067 2575 4131 iis
2622 4086 2784 4152 quae
2823 4066 2957 4132 buc·

598 4197 800 4263 usque
838 4174 1335 4241 commemoravi
1384 4172 1465 4259 (si
1512 4173 1668 4257 quid
1715 4172 1989 4256 prudens
2035 4170 2488 4257 imprudensve
2539 4174 2772 4258 omisi,
2829 4190 2961 4253 sup-

598 4284 801 4373 plebit
869 4282 937 4347 id
1005 4279 1434 4348 Baumeisteri
1500 4278 1750 4363 editio),
1821 4280 2071 4344 etiamsi
2149 4277 2279 4353 his,
2343 4281 2605 4363 inquam
2628 4325 2645 4356 ‚
2709 4274 2958 4366 singulis

598 4391 814 4479 aliqua
882 4386 1204 4455 excusatio
1266 4390 1486 4471 parata
1545 4384 1738 4468 foret,
1802 4383 2221 4451 nihilominus
2275 4384 2432 4451 adeo
2492 4404 2796 4473 magnam
2840 4390 2957 4448 tam
