3192 5017
534 265 667 334 278
1553 286 1914 335 summum.

630 434 818 522 Nunc
867 456 1281 543 inspiciamus
1328 479 1423 524 vs.
1477 456 1691 523 1065:

994 565 1209 642 λαβὼν
1257 566 1384 642 γὰρ
1433 564 1663 639 ἐλάτης
1712 564 1975 645 οὐράνιον
2024 564 2205 644 ἄκρον
2254 565 2478 630 κλάδον

999 681 1275 747 κατῆγεν
1310 720 1324 744 ,
1373 666 1609 749 ἦγεν,
1657 667 1840 750 ἦγεν
1889 672 1974 743 εἷς
2020 670 2230 749 μέλαν
2275 671 2474 737 πέδον.

535 776 704 843 Novi
748 776 1006 862 quidem
1048 785 1192 862 post
1229 781 1655 862 compositum
1697 779 1964 845 verbum
1993 778 2260 844 verbum
2288 777 2565 863 simplex
2591 777 2770 843 haud
2792 798 2922 843 raro

537 885 777 960 iterari,
811 882 1017 950 veluti
1041 883 1214 950 Med.
1250 883 1416 949 1251
1446 906 1460 948 ε
1489 882 1793 961 κατίδετ’,
1821 882 1983 949 ἴδετε
2011 933 2026 957 ,
2055 882 2302 950 Hecub.
2335 883 2501 949 166:
2527 883 2895 948 ἀπώλεο-ιη’
2911 930 2930 960 ,

540 987 839 1067 δλέσατε,
893 988 1098 1056 Orest.
1153 989 1314 1056 180:
1363 987 1713 1072 διοιχόμεθ’
1766 988 2113 1069 οἰχόμεθα,
2163 989 2398 1055 Alcest.
2453 989 2622 1056 400:
2673 990 2933 1055 ὑπείκον-

543 1119 644 1162 σον
707 1094 997 1175 ἄκουσον,
1059 1097 1168 1162 sed
1215 1097 1330 1163 hos
1374 1096 1544 1164 locos
1591 1101 1929 1182 postquam
1978 1096 2203 1163 attulit
2252 1095 2624 1182 Elmsleyus
2668 1097 2753 1164 ad
2803 1095 2933 1161 Me·

542 1201 695 1268 deae
755 1201 969 1269 locum
1034 1224 1225 1289 supra
1286 1203 1657 1281 laudatum,
1723 1224 1874 1269 cum
1921 1203 2024 1268 his
2045 1248 2062 1280 ‚
2110 1205 2353 1288 inquit,
2406 1203 2688 1269 conferre
2738 1203 2931 1269 nolim

543 1308 611 1371 in
656 1306 958 1374 Bacchis:
1008 1318 1287 1387 κατῆγεν
1338 1303 1485 1387 ἦγεν
1535 1305 1705 1387 ἦγεν.
1754 1309 1977 1393 Itaque
2023 1307 2328 1373 credibile
2376 1316 2475 1374 cst
2520 1306 2934 1396 Elmsleyum

543 1412 650 1480 hic
704 1416 942 1479 vitium
987 1414 1321 1481 odoratum
1370 1415 1567 1481 fuisse
1591 1464 1606 1490 ,
1657 1414 1767 1481 sed
1814 1414 1892 1479 de
1938 1413 2219 1480 remedio
2271 1414 2726 1499 desperavisse.
2778 1414 2936 1480 Novi

545 1519 804 1604 quidem
854 1523 1050 1586 etiam
1100 1518 1488 1608 Gregorium
1538 1522 1770 1608 legisse
1818 1526 2097 1598 κατῆγεν
2147 1513 2299 1597 ἦγεν
2346 1515 2525 1598 ἦγεν,
2571 1520 2742 1605 quod
2786 1519 2936 1607 'Pyr-

539 1623 737 1691 rellus
796 1627 1193 1712 observavit,
1255 1627 1362 1693 sed
1428 1627 1817 1710 Pfanderus,
1866 1646 2058 1711 quem
2107 1625 2413 1712 Tyrrellii
2461 1625 2584 1692 fide
2645 1630 2935 1693 testimo-

543 1734 727 1797 nium
773 1734 878 1799 hic
924 1733 1128 1799 dicere
1164 1735 1393 1819 jube0‚
1444 1734 1905 1800 demonstravit
1953 1733 2032 1798 ad
2078 1731 2410 1799 Christum
2458 1754 2649 1798 suum
2693 1736 2934 1818 patien-

546 1844 678 1904 tem
744 1836 1132 1927 Gregorium
1195 1840 1390 1905 fuisse
1442 1860 1633 1905 usum
1681 1839 1846 1905 libro
1895 1841 2361 1924 manuscriptO,
2411 1842 2513 1905 cui
2561 1844 2767 1905 nostri
2816 1839 2932 1905 duo

544 1943 820 2022 codices,
898 1946 1010 2030 qui
1072 1950 1286 2015 tamen
1346 1965 1470 2011 non
1536 1945 1881 2011 admodum
1944 1946 2126 2020 boni,
2193 1946 2476 2011 bonitate
2522 1948 2636 2011 vix
2687 1947 2926 2013 cedant.

544 2046 945 2116 Contulerim
1008 2050 1304 2135 equidem
1369 2049 1512 2135 Iph.
1581 2049 1770 2115 Taur.
1827 2048 2027 2115 1406:
2081 2053 2332 2128 μᾶλλον
2377 2051 2442 2116 δὲ
2488 2056 2743 2127 μᾶλλον
2790 2054 2921 2132 πρὸς

543 2153 774 2236 πέτρας
812 2155 903 2238 ᾔει
942 2154 1186 2234 σκάφος
1211 2203 1227 2234 ,
1275 2154 1617 2221 Alexidem
1669 2153 1953 2222 Ἀτθίδι·
2006 2159 2133 2229 πῶς
2185 2156 2461 2238 ἐπινέφει
2513 2156 2585 2222 τὸ
2633 2165 2866 2239 πρῶτον
2905 2159 2928 2220 ὁ

545 2263 697 2333 Ζεὺς
743 2265 973 2345 ἡσυχῇ,
1019 2262 1238 2327 ἔπειτα
1280 2266 1529 2339 μᾶλλον
1567 2267 1837 2341 μᾶλλον,
1880 2262 2078 2329 Arist.
2122 2263 2291 2330 Nub.
2327 2261 2536 2330 1288:
2563 2266 2738 2330 κατὰ
2767 2273 2927 2343 μῆνα

546 2368 650 2433 καὶ
700 2366 853 2433 καθ’
902 2367 1133 2450 ἡμέραν
1182 2370 1366 2434 πλέον
1417 2372 1599 2434 πλέον
1649 2369 1973 2449 τάργύριον
2016 2370 2112 2434 ἀεὶ
2151 2372 2481 2448 γίγνεται,
2523 2369 2727 2436 Arist.
2773 2371 2925 2436 Ran.

550 2473 755 2540 1000:
815 2471 960 2539 εἶτα
1007 2478 1254 2553 μᾶλλον
1302 2479 1551 2552 μᾶλλον
1603 2474 1792 2556 ἄξεις.
1889 2476 2105 2541 Etiam
2153 2476 2471 2542 Diodorus
2516 2475 2781 2544 Siculus
2831 2476 2929 2543 37.

548 2581 611 2647 2.
666 2582 784 2647 ll:
837 2582 1319 2660 ἐπικρατούντων
1367 2581 1415 2646 δ’
1471 2582 1569 2646 ἐπὶ
1620 2586 1864 2659 μᾶλλον
1914 2579 2019 2645 καὶ
2067 2586 2314 2659 μᾶλλον
2361 2588 2479 2646 τῶν
2530 2584 2854 2661 Ῥωμαίων
2874 2589 2928 2647 ct

547 2688 624 2754 de
685 2686 796 2753 illo
861 2688 963 2751 ἐπὶ
1012 2690 1258 2767 μᾶλλον
1305 2688 1573 2755 conferri
1620 2689 1854 2774 poterit
1901 2688 2158 2754 Bestius
2203 2690 2270 2754 in
2316 2689 2519 2773 Epist.
2570 2686 2731 2756 Crit.
2782 2689 2926 2754 184.

549 2797 643 2860 Ac
687 2794 949 2860 fortasse
997 2794 1219 2860 eadem
1262 2794 1501 2861 locutio
1548 2794 1753 2860 Paulo
1794 2794 2098 2879 Apostolo
2136 2794 2447 2861 reddenda
2474 2802 2590 2861 est
2627 2796 2696 2860 in
2735 2795 2929 2882 Epist.

549 2900 626 2965 ad
693 2899 977 2987 Philipp.
1047 2902 1102 2965 l.
1171 2900 1250 2965 9:
1323 2899 1422 2965 ἵνα
1489 2905 1520 2976 ἡ
1572 2900 1800 2978 οὶγοέπη
1852 2903 2018 2978 ὑμῶν
2065 2900 2186 2966 ἔτι
2236 2905 2482 2977 μᾶλλον
2529 2902 2636 2967 καὶ
2684 2906 2927 2979 μᾶλλον

548 3008 892 3089 περισσεύῃ.
961 3004 1061 3073 Of.
1127 3007 1335 3092 Epist.
1404 3008 1482 3072 ad
1545 3007 1745 3072 Hebr.
1806 3007 1908 3072 10.
1985 3006 2093 3071 36.
2147 3006 2506 3073 Lobeckius
2553 3013 2810 3088 autem,
2862 3006 2929 3074 ad

549 3134 740 3199 quem
787 3134 955 3178 nunc
1003 3114 1167 3178 mihi
1213 3135 1337 3179 non
1384 3124 1479 3179 est
1526 3114 1773 3198 aditus,
1822 3113 2067 3179 similes
2113 3113 2464 3180 locutiones
2512 3117 2835 3202 congessit
2874 3116 2929 3178 in

547 3219 860 3307 Aglaoph.
913 3242 974 3305 p.
1026 3218 1177 3285 385.
1232 3220 1517 3306 Denique
1567 3222 1820 3286 invenio
1867 3220 2061 3285 Arist.
2111 3219 2257 3285 Pac.
2306 3218 2423 3285 81:

1183 3324 1411 3406 ἥσυχος
1460 3323 1689 3408 ἥσυχος
1739 3324 1937 3404 ἠρέμα
1983 3323 2227 3391 κάνθων

1184 3435 1274 3509 μή
1321 3457 1425 3511 μοι
1473 3433 1734 3514 σοβαρὸς
1783 3433 1965 3512 χώρει
2017 3433 2179 3497 λίαν.

539 3537 645 3604 ‘Ac
689 3540 925 3625 pariter
968 3539 1037 3603 in
1083 3539 1349 3605 Bacchis
1398 3538 1811 3606 commendo:

1011 3653 1286 3723 κατῆγεν
1337 3646 1553 3725 ἦρέμ’
1605 3644 1822 3725 ἧρέμ’
1870 3648 1954 3718 εἷς
2004 3645 2208 3722 μέλαν
2256 3647 2459 3710 πέδον.

549 3751 732 3831 Quod
793 3749 1092 3816 Reiskius
1154 3751 1518 3837 scripserat:
1589 3758 1726 3835 „ter
1770 3754 2120 3837 repetitum
2170 3749 2318 3829 ἦγεν
2366 3751 2464 3816 vel
2517 3759 2796 3828 κατῆγεν
2846 3752 2919 3815 si-

548 3855 810 3945 gnificat
871 3855 1110 3922 lentam
1175 3864 1238 3923 et
1302 3859 1726 3923 successivam
1790 3859 2015 3924 abietis
2063 3856 2544 3941 deductionem,
2596 3868 2670 3921 ut
2714 3858 2913 3921 emin

547 3974 724 4049 atque
775 3963 990 4027 semim
1051 3966 1305 4049 propior
1362 3964 1557 4030 humo
1605 3963 1850 4040 fieret”,
1899 3965 1965 4029 id
2013 3965 2227 4049 ipsum
2275 3964 2672 4029 lucrabimur
2717 3966 2911 4050 gemi-

549 4077 698 4137 nato
745 4069 1078 4137 adverbio:
1131 4069 1304 4150 ἦρέμ’
1360 4069 1579 4151 ἠρέμα.

635 4289 833 4355 Miror
878 4289 1150 4358 formam
1202 4289 1378 4373 ᾔδετε
1425 4311 1520 4357 vs.
1575 4288 1788 4356 1345:

953 4394 1057 4477 ὄψ’
1104 4394 1382 4474 ἐμάθεθ’
1434 4399 1640 4474 ἡμᾶς,
1689 4392 1791 4460 ὅτε
1840 4395 1893 4459 δ’
1943 4395 2125 4474 ἐχρῆν
2173 4394 2280 4458 οὐκ
2329 4392 2533 4476 ᾔδετε.
