3192 5017
1331 202 1589 252 snnsos.
2520 185 2646 249 241

358 377 476 462 Ep.
534 375 597 442 9.
644 379 681 462 ἓ
728 378 790 442 4.
863 372 1128 461 Sapiens
1172 380 1461 441 truncato
1509 394 1801 460 corpore,
1850 374 2060 440 excisa
2107 394 2300 439 manu
2321 421 2338 451 ,
2389 395 2651 441 excusso

266 483 486 568 oculo,
535 489 669 549 tam
720 482 944 548 hilaris
991 483 1298 570 agitabit,
1351 501 1543 566 quam
1592 500 1791 566 quum
1839 480 2092 569 integro
2140 480 2347 546 adhuc
2394 500 2650 566 corpore

267 595 403 655 erat
467 589 818 674 „reliquiae
879 586 981 653 illi
1043 607 1194 654 suae
1257 587 1647 652 satisfacient
1703 592 1769 652 et
1816 571 1951 651 'erit
1996 588 2345 652 imminuto
2392 607 2652 672 corpore

272 704 379 774 „et
441 701 774 781 amputato
836 700 968 761 tam
1031 693 1239 760 laetus
1259 741 1275 767 .
1341 713 1534 779 quam
1600 695 1851 780 integro
1912 693 2055 757 fuit.
2151 693 2268 757 Sed
2323 716 2475 778 quae
2534 695 2654 759 sibi

271 804 529 880 „desunt
574 824 690 866 non
739 803 1064 878 desiderat,
1112 823 1229 865 non
1275 801 1470 865 deesse
1514 797 1801 863 mavult.''
1891 797 2169 864 Haasius
2208 799 2451 884 aliquid
2490 800 2652 893 desi·

268 910 476 975 derari
523 909 799 974 sentiens
818 956 836 992 ,
885 907 1226 973 infeliciter
1271 904 1663 972 infinitivum
1712 903 2043 970 inserendo
2090 908 2468 971 sententiam
2519 927 2654 972 cor-

268 1017 466 1100 rupit.
558 1014 778 1080 Edidit
838 1016 1046 1081 enim:
1109 1013 1225 1077 Sed
1267 1036 1417 1097 quae
1462 1013 1577 1076 sibi
1622 1013 1863 1087 desunt,
1917 1033 2032 1075 non
2081 1011 2384 1076 desiderat
2422 1014 2654 1097 deesse,

270 1144 390 1186 mm
436 1122 635 1185 deesse
680 1122 926 1185 mavult.
976 1119 1242 1185 Duabus
1285 1118 1519 1185 litteris
1567 1118 1802 1183 additis
1848 1119 2098 1205 integra
2144 1115 2412 1184 Senecae
2451 1120 2654 1186 oratio

275 1227 710 1293 revocabitur:
775 1227 892 1291 Sed
946 1243 1030 1292 um
1076 1246 1227 1311 quae
1270 1224 1388 1288 sibi
1432 1224 1685 1309 desunt,
1732 1246 1849 1289 non
1895 1224 2208 1289 desiderum·
2226 1273 2245 1310 ‚
2292 1246 2411 1289 non
2456 1226 2656 1293 deme

270 1334 510 1398 mavult.

360 1544 479 1631 Ep.
546 1543 650 1610 12.
716 1546 753 1630 5
801 1543 863 1611 3.
922 1542 1194 1623 Seneca,
1258 1546 1326 1610 in
1371 1564 1562 1610 suum
1611 1545 2047 1612 suburbanum
2097 1567 2294 1632 quum
2342 1550 2649 1627 venisset,

267 1651 485 1735 ibique
547 1656 612 1717 et
674 1652 966 1717 homines
987 1699 1003 1728 ‚
1070 1656 1135 1716 et
1198 1652 1448 1717 arbores
1493 1656 1557 1716 et
1605 1650 1891 1717 aedificia
1937 1659 2259 1720 vetustate
2305 1655 2540 1722 caduca
2586 1662 2653 1723 et

269 1756 589 1842 decrepita
648 1758 1029 1828 invenisset,
1096 1776 1246 1822 suae
1293 1758 1495 1842 ipsius
1542 1763 1875 1841 provectae
1922 1761 2148 1825 aetatis
2195 1764 2481 1827 conscius
2525 1765 2652 1831 fac·

274 1868 380 1927 tus
443 1867 592 1928 erat.
691 1861 928 1928 Villam
995 1864 1166 1949 enim
1227 1865 1364 1948 ipse
1429 1861 1818 1941 aedificarat,
1879 1865 2131 1931 arbores
2185 1869 2321 1952 ipse
2368 1877 2652 1950 severat,

270 1987 492 2033 vernas
529 1967 829 2053 puerulos
869 1970 936 2032 in
976 1968 1225 2034 deliciis
1264 1969 1592 2034 habuerat.
1642 1967 1975 2036 Immerito
2012 1971 2309 2039 villicum
2347 1976 2652 2061 increpat.

270 2071 668 2151 „Conversus
740 2074 820 2140 ad
880 2077 1170 2140 ianuam:
1237 2078 1381 2160 quis
1445 2081 1579 2153 est,
1644 2078 1942 2162 inquam,
2004 2077 2126 2145 iste
2185 2080 2541 2167 decrepitus
2587 2093 2653 2150 et

273 2182 546 2258 „merito
609 2181 688 2248 ad
751 2183 988 2247 ostium
1056 2178 1394 2248 admotus?
1436 2182 1631 2265 forae
1691 2188 1845 2247 enim
1902 2192 2142 2268 spectat.
2207 2186 2396 2255 Unde
2441 2191 2650 2258 istunc

274 2291 583 2364 „nanctus
643 2284 752 2353 es?
829 2286 984 2372 quid
1061 2291 1124 2352 te
1200 2287 1539 2354 delectavit
1620 2287 1901 2354 alienum
1968 2298 2298 2358 mortuum
2361 2294 2650 2363 tollere.”

266 2392 460 2459 Servo
500 2395 795 2477 janitoris
842 2413 1079 2459 munus
1124 2393 1501 2459 mandatum
1562 2394 1767 2461 fuerat
1788 2442 1805 2474 ‚
1865 2397 2057 2483 idque
2120 2403 2346 2466 merito
2406 2403 2647 2471 factum

268 2520 401 2565 esse
462 2498 700 2566 Seneca
759 2500 916 2565 dicit
934 2548 951 2583 ‚
1001 2499 1169 2585 quod
1214 2501 1309 2565 ita
1353 2520 1504 2566 mox
1550 2500 1846 2567 efferendi
1891 2504 2161 2571 cadaver
2182 2552 2198 2581 ‚
2247 2528 2373 2574 non
2425 2511 2648 2595 procul

266 2608 345 2672 ob
392 2608 585 2673 ianua
630 2612 946 2672 remotum
997 2606 1176 2672 foret.
1271 2604 1520 2671 Haereo
1567 2609 1635 2671 in
1684 2608 1928 2674 verbis:
1968 2611 2154 2695 foras
2201 2614 2356 2677 enim
2398 2624 2643 2698 spectat.

267 2712 442 2793 Quae
489 2715 600 2798 qui
645 2713 1047 2797 interpretari
1094 2711 1450 2790 voluerint,
1496 2732 1645 2776 cum
1693 2711 1910 2797 Lipsio
1961 2714 2208 2797 (Electa
2244 2717 2284 2782 1.
2329 2717 2378 2783 Ι.
2422 2742 2475 2785 c.
2503 2720 2543 2785 6
2585 2730 2649 2788 et

266 2820 334 2883 in
399 2818 496 2884 ed.
562 2818 860 2903 Senecae)
918 2817 1235 2903 explicent
1281 2838 1531 2884 necesse
1579 2824 1678 2883 est
1724 2818 1801 2884 de
1848 2839 2104 2906 corpore
2150 2827 2388 2890 mortui
2413 2874 2429 2903 ,
2481 2829 2647 2912 quod

265 2925 533 3011 pedibus
595 2931 659 2990 et
715 2925 875 2990 facie
922 2924 1088 2990 foras
1135 2926 1332 2990 versis
1378 2924 1458 2990 ad
1508 2925 1767 2990 ianuam
1819 2924 2111 2992 collocari
2158 2928 2353 2995 solet:
2405 2939 2647 3017 spectat

266 3033 470 3118 igitur
526 3030 786 3098 vetulus
838 3029 951 3095 ille
1013 3050 1233 3096 servus
1295 3037 1629 3116 tamquam
1678 3032 1788 3116 qui
1834 3051 1985 3097 mox
2029 3035 2122 3099 ita
2169 3036 2293 3100 erit
2338 3037 2647 3106 collocan-

264 3136 406 3203 dus.
504 3135 718 3202 Nimis
780 3134 1000 3221 procul
1059 3134 1261 3220 petita
1323 3155 1397 3202 ea
1459 3138 1897 3221 interpretatio
1955 3137 2229 3204 videtur.
2323 3141 2479 3209 Post
2536 3145 2602 3210 id
2626 3196 2642 3224 ‚

267 3242 434 3328 quod
497 3243 744 3308 dixerat
805 3241 1070 3313 Seneca,
1134 3246 1339 3306 merito
1401 3244 1486 3306 ad
1528 3242 1746 3306 ostium
1792 3244 2065 3308 admotus
2084 3292 2101 3323 ‚
2150 3266 2410 3313 causam
2467 3255 2648 3337 sequi

264 3354 540 3435 oportet,
591 3349 672 3414 ob
719 3367 911 3433 quam
960 3346 1027 3412 id
1073 3350 1303 3413 merito
1348 3347 1590 3414 factum
1641 3350 1744 3413 sit.
1795 3349 1887 3414 Ea
1933 3369 2121 3416 causa
2165 3356 2476 3422 contineri
2522 3378 2646 3424 non

265 3462 470 3540 potest
518 3454 757 3531 verbis,
812 3454 889 3519 de
936 3454 1168 3539 quibus
1214 3455 1581 3537 quaerimus
1600 3501 1617 3532 ‚
1668 3474 1828 3538 quae
1872 3476 2195 3541 nunquam
2243 3459 2418 3526 aliud
2463 3464 2647 3547 quid-

265 3583 494 3648 quam,
566 3582 671 3627 me
732 3560 990 3647 quidem
1049 3560 1262 3625 iudice
1282 3609 1300 3643 ,
1365 3559 1819 3648 significabunt
1878 3562 2037 3628 nisi:
2102 3566 2394 3649 proepioit
2442 3570 2647 3655 foras.

262 3667 689 3744 Quamobrem
761 3666 923 3732 hanc
993 3665 1331 3732 lectionem
1398 3666 1703 3755 vulgatae
1763 3666 2211 3752 praetulerim:
2297 3673 2448 3754 Qui-s
2515 3687 2602 3740 est
2625 3726 2642 3754 ‚

262 3775 503 3859 inquam
521 3823 537 3851 ,
599 3774 715 3836 iste
774 3773 1110 3855 decrepitus
1173 3779 1229 3836 et
1288 3772 1496 3836 merito
1557 3774 1642 3837 ad
1702 3775 1912 3838 ostium
1959 3776 2279 3840 admotus?
2371 3777 2649 3848 INTBROS

264 3881 416 3945 enim
493 3886 753 3963 spectat:
836 3877 1181 3959 Ἀχέροντα
1260 3877 1524 3955 βλέπει,
1608 3882 1653 3943 i.
1718 3900 1773 3945 e.
1862 3901 2014 3946 mox
2085 3884 2395 3949 morituro
2461 3886 2645 3951 simi-

260 3984 343 4051 lis
389 3991 505 4051 est.

351 4199 469 4286 Ep.
522 4198 627 4266 17.
678 4199 717 4282 g
765 4196 829 4262 5.
885 4196 1049 4280 „Qui
1096 4195 1536 4283 philosophiae
1586 4196 1877 4264 studium
1920 4197 2161 4265 differt”
2188 4237 2268 4249 —
2296 4200 2400 4269 his
2437 4204 2648 4271 verbis

263 4305 642 4395 Madvigius
703 4305 781 4371 de
844 4302 983 4371 loco
1043 4309 1257 4371 nostro
1303 4304 1590 4390 disputat
1638 4340 1716 4353 —
1773 4307 1909 4384 „ita
1954 4327 2023 4373 se
2069 4313 2365 4375 excusat:
2412 4314 2654 4377 Parare

2293 4429 2358 4480 ιο
