<?xml version="1.0" encoding="UTF-8"?>
<!DOCTYPE html PUBLIC "-//W3C//DTD XHTML 1.0 Transitional//EN"
    "http://www.w3.org/TR/xhtml1/DTD/xhtml1-transitional.dtd">
<html xmlns="http://www.w3.org/1999/xhtml" xml:lang="en" lang="en">
 <head>
  <title>
</title>
<meta http-equiv="Content-Type" content="text/html;charset=utf-8" />
  <meta name='ocr-system' content='tesseract 3.04.00' />
  <meta name='ocr-capabilities' content='ocr_page ocr_carea ocr_par ocr_line ocrx_word'/>
</head>
<body>
  <div class='ocr_page' id='page_1' title='image "./mnemosynebiblio14servgoog_0230.png"; bbox 0 0 3192 5017; ppageno 0'>
   <div class='ocr_carea' id='block_1_1' title="bbox 612 296 1996 368">
    <p class='ocr_par' dir='ltr' id='par_1_1' title="bbox 612 296 1996 368">
     <span class='ocr_line' id='line_1_1' title="bbox 612 296 1996 368; baseline 0.003 -5"><span class='ocrx_word' id='word_1_1' title='bbox 612 296 745 364; x_wconf 76' lang='lat'>226</span> <span class='ocrx_word' id='word_1_2' title='bbox 1608 318 1996 368; x_wconf 69' lang='lat' dir='ltr'>sornocnm.</span> 
     </span>
    </p>
   </div>
   <div class='ocr_carea' id='block_1_2' title="bbox 597 488 2973 2488">
    <p class='ocr_par' dir='ltr' id='par_1_2' title="bbox 597 488 2973 2274">
     <span class='ocr_line' id='line_1_2' title="bbox 614 488 2969 574; baseline 0.001 -20"><span class='ocrx_word' id='word_1_3' title='bbox 614 511 870 569; x_wconf 72' lang='lat' dir='ltr'>veryere.</span> <span class='ocrx_word' id='word_1_4' title='bbox 930 489 1213 574; x_wconf 88' lang='lat' dir='ltr'>Alciphr.</span> <span class='ocrx_word' id='word_1_5' title='bbox 1282 488 1394 555; x_wconf 87' lang='lat' dir='ltr'><strong>III.</strong></span> <span class='ocrx_word' id='word_1_6' title='bbox 1460 490 1563 556; x_wconf 86' lang='lat'>59.</span> <span class='ocrx_word' id='word_1_7' title='bbox 1635 491 1708 558; x_wconf 84' lang='lat'>5:</span> <span class='ocrx_word' id='word_1_8' title='bbox 1776 491 1993 569; x_wconf 78' lang='grc' dir='ltr'><strong><em>δεόμαι</em></strong></span> <span class='ocrx_word' id='word_1_9' title='bbox 2041 488 2099 556; x_wconf 79' lang='grc' dir='ltr'>οἵ</span> <span class='ocrx_word' id='word_1_10' title='bbox 2139 492 2364 574; x_wconf 84' lang='grc' dir='ltr'><strong><em>Φέρει</em></strong></span> <span class='ocrx_word' id='word_1_11' title='bbox 2414 493 2486 558; x_wconf 84' lang='grc' dir='ltr'>τὸ</span> <span class='ocrx_word' id='word_1_12' title='bbox 2531 492 2670 573; x_wconf 78' lang='grc' dir='ltr'><strong><em>ὄναρ</em></strong></span> <span class='ocrx_word' id='word_1_13' title='bbox 2717 492 2969 571; x_wconf 83' lang='grc' dir='ltr'><strong><em>μαθεῖν,</em></strong></span> 
     </span>
     <span class='ocr_line' id='line_1_3' title="bbox 612 594 2973 686; baseline 0.002 -26"><span class='ocrx_word' id='word_1_14' title='bbox 612 598 883 661; x_wconf 80' lang='lat' dir='ltr'>correxit</span> <span class='ocrx_word' id='word_1_15' title='bbox 930 594 1221 661; x_wconf 85' lang='lat' dir='ltr'>Cobetus.</span> <span class='ocrx_word' id='word_1_16' title='bbox 1320 597 1502 662; x_wconf 83' lang='lat' dir='ltr'><strong>Idem</strong></span> <span class='ocrx_word' id='word_1_17' title='bbox 1553 600 1818 665; x_wconf 83' lang='lat' dir='ltr'>verbum</span> <span class='ocrx_word' id='word_1_18' title='bbox 1868 599 2252 665; x_wconf 82' lang='lat' dir='ltr'><strong>reddiderim</strong></span> <span class='ocrx_word' id='word_1_19' title='bbox 2292 599 2609 684; x_wconf 87' lang='lat' dir='ltr'>plerisque</span> <span class='ocrx_word' id='word_1_20' title='bbox 2644 600 2798 665; x_wconf 87' lang='lat' dir='ltr'>locis</span> <span class='ocrx_word' id='word_1_21' title='bbox 2833 621 2973 686; x_wconf 82' lang='lat' dir='ltr'>quos</span> 
     </span>
     <span class='ocr_line' id='line_1_4' title="bbox 616 701 2970 790; baseline 0.003 -25"><span class='ocrx_word' id='word_1_22' title='bbox 616 701 868 767; x_wconf 74' lang='lat' dir='ltr'>Bestius</span> <span class='ocrx_word' id='word_1_23' title='bbox 926 706 1241 768; x_wconf 89' lang='lat' dir='ltr'>recensuit</span> <span class='ocrx_word' id='word_1_24' title='bbox 1286 707 1353 767; x_wconf 90' lang='lat' dir='ltr'>in</span> <span class='ocrx_word' id='word_1_25' title='bbox 1400 704 1603 788; x_wconf 83' lang='lat' dir='ltr'>Epist.</span> <span class='ocrx_word' id='word_1_26' title='bbox 1654 703 1809 769; x_wconf 84' lang='lat' dir='ltr'>Crit.</span> <span class='ocrx_word' id='word_1_27' title='bbox 1861 727 1922 790; x_wconf 93' lang='lat' dir='ltr'>p.</span> <span class='ocrx_word' id='word_1_28' title='bbox 1972 704 2105 769; x_wconf 78' lang='lat'>208</span> <span class='ocrx_word' id='word_1_29' title='bbox 2152 706 2507 790; x_wconf 88' lang='lat' dir='ltr'>itidemque</span> <span class='ocrx_word' id='word_1_30' title='bbox 2555 713 2838 771; x_wconf 75' lang='lat' dir='ltr'>remanet.</span> <span class='ocrx_word' id='word_1_31' title='bbox 2879 707 2970 771; x_wconf 77' lang='lat' dir='ltr'>hie</span> 
     </span>
     <span class='ocr_line' id='line_1_5' title="bbox 609 806 2969 898; baseline 0.003 -28"><span class='ocrx_word' id='word_1_32' title='bbox 609 806 747 872; x_wconf 91' lang='lat' dir='ltr'>illic</span> <span class='ocrx_word' id='word_1_33' title='bbox 805 811 1040 873; x_wconf 87' lang='lat' dir='ltr'>vitium</span> <span class='ocrx_word' id='word_1_34' title='bbox 1105 809 1173 872; x_wconf 93' lang='lat' dir='ltr'>in</span> <span class='ocrx_word' id='word_1_35' title='bbox 1235 812 1619 875; x_wconf 78' lang='lat' dir='ltr'>testimoniis</span> <span class='ocrx_word' id='word_1_36' title='bbox 1683 831 1842 896; x_wconf 79' lang='lat' dir='ltr'>quae</span> <span class='ocrx_word' id='word_1_37' title='bbox 1889 811 2422 898; x_wconf 83' lang='lat' dir='ltr'>Wyttenbachius</span> <span class='ocrx_word' id='word_1_38' title='bbox 2469 810 2692 876; x_wconf 83' lang='lat' dir='ltr'>attulit</span> <span class='ocrx_word' id='word_1_39' title='bbox 2737 812 2811 876; x_wconf 79' lang='lat' dir='ltr'>ad</span> <span class='ocrx_word' id='word_1_40' title='bbox 2858 812 2969 876; x_wconf 85' lang='lat' dir='ltr'>Eu-</span> 
     </span>
     <span class='ocr_line' id='line_1_6' title="bbox 605 915 2968 1002; baseline 0.002 -26"><span class='ocrx_word' id='word_1_41' title='bbox 605 916 870 997; x_wconf 79' lang='lat' dir='ltr'>napium</span> <span class='ocrx_word' id='word_1_42' title='bbox 935 935 997 999; x_wconf 89' lang='lat' dir='ltr'>p.</span> <span class='ocrx_word' id='word_1_43' title='bbox 1063 916 1212 978; x_wconf 85' lang='grc'><strong>141.</strong></span> <span class='ocrx_word' id='word_1_44' title='bbox 1308 915 1532 979; x_wconf 87' lang='lat' dir='ltr'>Veluti</span> <span class='ocrx_word' id='word_1_45' title='bbox 1596 916 1924 982; x_wconf 82' lang='lat' dir='ltr'>Plutarch.</span> <span class='ocrx_word' id='word_1_46' title='bbox 1984 917 2235 982; x_wconf 87' lang='lat' dir='ltr'>Lucull.</span> <span class='ocrx_word' id='word_1_47' title='bbox 2298 940 2359 1002; x_wconf 90' lang='lat' dir='ltr'>p.</span> <span class='ocrx_word' id='word_1_48' title='bbox 2425 916 2557 982; x_wconf 83' lang='grc'>506</span> <span class='ocrx_word' id='word_1_49' title='bbox 2581 938 2644 983; x_wconf 89' lang='lat' dir='ltr'>e:</span> <span class='ocrx_word' id='word_1_50' title='bbox 2698 919 2806 990; x_wconf 69' lang='grc' dir='ltr'>τὴν</span> <span class='ocrx_word' id='word_1_51' title='bbox 2845 917 2968 997; x_wconf 75' lang='grc' dir='ltr'><strong><em>ὄψιν</em></strong></span> 
     </span>
     <span class='ocr_line' id='line_1_7' title="bbox 610 1015 2966 1103; baseline 0.002 -20"><span class='ocrx_word' id='word_1_52' title='bbox 610 1019 717 1083; x_wconf 84' lang='grc' dir='ltr'>οὐκ</span> <span class='ocrx_word' id='word_1_53' title='bbox 782 1015 919 1099; x_wconf 78' lang='grc' dir='ltr'><strong><em>εἶχε</em></strong></span> <span class='ocrx_word' id='word_1_54' title='bbox 980 1021 1340 1097; x_wconf 84' lang='grc' dir='ltr'><strong><em>συμβαλεῖν</em></strong></span> <span class='ocrx_word' id='word_1_55' title='bbox 1388 1024 1472 1092; x_wconf 76' lang='grc' dir='ltr'>εἷς</span> <span class='ocrx_word' id='word_1_56' title='bbox 1523 1022 1613 1087; x_wconf 74' lang='grc' dir='ltr'><strong><em>ὅτι</em></strong></span> <span class='ocrx_word' id='word_1_57' title='bbox 1662 1023 1832 1103; x_wconf 79' lang='grc' dir='ltr'><strong><em>φέροι</em></strong></span> <span class='ocrx_word' id='word_1_58' title='bbox 1881 1029 1946 1088; x_wconf 84' lang='lat' dir='ltr'>et</span> <span class='ocrx_word' id='word_1_59' title='bbox 1997 1024 2254 1088; x_wconf 81' lang='lat' dir='ltr'>Aristid.</span> <span class='ocrx_word' id='word_1_60' title='bbox 2306 1022 2478 1088; x_wconf 83' lang='lat' dir='ltr'><strong>Orat.</strong></span> <span class='ocrx_word' id='word_1_61' title='bbox 2529 1023 2698 1088; x_wconf 83' lang='lat' dir='ltr'>Plat.</span> <span class='ocrx_word' id='word_1_62' title='bbox 2744 1023 2776 1087; x_wconf 95' lang='lat' dir='ltr'>I</span> <span class='ocrx_word' id='word_1_63' title='bbox 2820 1030 2863 1088; x_wconf 90' lang='lat' dir='ltr'>t.</span> <span class='ocrx_word' id='word_1_64' title='bbox 2910 1023 2966 1087; x_wconf 82' lang='grc'>2.</span> 
     </span>
     <span class='ocr_line' id='line_1_8' title="bbox 609 1126 2966 1214; baseline 0.001 -24"><span class='ocrx_word' id='word_1_65' title='bbox 609 1147 671 1210; x_wconf 88' lang='lat' dir='ltr'>p.</span> <span class='ocrx_word' id='word_1_66' title='bbox 728 1126 889 1191; x_wconf 84' lang='lat'>186:</span> <span class='ocrx_word' id='word_1_67' title='bbox 954 1128 1056 1190; x_wconf 86' lang='grc' dir='ltr'>τὸν</span> <span class='ocrx_word' id='word_1_68' title='bbox 1102 1127 1383 1206; x_wconf 72' lang='grc' dir='ltr'><strong><em>χρησμὸν</em></strong></span> <span class='ocrx_word' id='word_1_69' title='bbox 1431 1130 1516 1198; x_wconf 78' lang='grc' dir='ltr'>εἷς</span> <span class='ocrx_word' id='word_1_70' title='bbox 1564 1136 1741 1195; x_wconf 80' lang='grc' dir='ltr'><strong><em>τοῦτο</em></strong></span> <span class='ocrx_word' id='word_1_71' title='bbox 1791 1129 2030 1208; x_wconf 85' lang='grc' dir='ltr'><strong><em>Φέρειν,</em></strong></span> <span class='ocrx_word' id='word_1_72' title='bbox 2083 1129 2529 1214; x_wconf 78' lang='lat' dir='ltr'>Aristophanis</span> <span class='ocrx_word' id='word_1_73' title='bbox 2577 1140 2764 1195; x_wconf 82' lang='lat' dir='ltr'>nutus</span> <span class='ocrx_word' id='word_1_74' title='bbox 2806 1129 2966 1195; x_wconf 85' lang='lat' dir='ltr'>locus</span> 
     </span>
     <span class='ocr_line' id='line_1_9' title="bbox 607 1232 2967 1319; baseline 0.002 -24"><span class='ocrx_word' id='word_1_75' title='bbox 607 1234 674 1295; x_wconf 91' lang='lat' dir='ltr'>in</span> <span class='ocrx_word' id='word_1_76' title='bbox 722 1232 918 1298; x_wconf 93' lang='lat' dir='ltr'>Pluto</span> <span class='ocrx_word' id='word_1_77' title='bbox 966 1255 1059 1297; x_wconf 85' lang='lat' dir='ltr'>vs.</span> <span class='ocrx_word' id='word_1_78' title='bbox 1115 1235 1191 1297; x_wconf 82' lang='lat'>51</span> <span class='ocrx_word' id='word_1_79' title='bbox 1248 1242 1600 1299; x_wconf 82' lang='lat' dir='ltr'>monstrare</span> <span class='ocrx_word' id='word_1_80' title='bbox 1646 1240 1879 1319; x_wconf 87' lang='lat' dir='ltr'>poterit</span> <span class='ocrx_word' id='word_1_81' title='bbox 1926 1236 2080 1318; x_wconf 85' lang='lat' dir='ltr'>quid</span> <span class='ocrx_word' id='word_1_82' title='bbox 2125 1257 2349 1301; x_wconf 84' lang='lat' dir='ltr'>verum</span> <span class='ocrx_word' id='word_1_83' title='bbox 2397 1238 2501 1300; x_wconf 88' lang='lat' dir='ltr'>sit.</span> <span class='ocrx_word' id='word_1_84' title='bbox 2597 1235 2771 1301; x_wconf 89' lang='lat' dir='ltr'>Alibi</span> <span class='ocrx_word' id='word_1_85' title='bbox 2816 1242 2967 1300; x_wconf 81' lang='lat' dir='ltr'>recte</span> 
     </span>
     <span class='ocr_line' id='line_1_10' title="bbox 605 1340 2964 1426; baseline 0 -23"><span class='ocrx_word' id='word_1_86' title='bbox 605 1342 810 1420; x_wconf 82' lang='grc' dir='ltr'><strong><em>φέρειν</em></strong></span> <span class='ocrx_word' id='word_1_87' title='bbox 856 1340 1131 1426; x_wconf 82' lang='lat' dir='ltr'>legitur,</span> <span class='ocrx_word' id='word_1_88' title='bbox 1182 1340 1387 1405; x_wconf 84' lang='lat' dir='ltr'>veluti</span> <span class='ocrx_word' id='word_1_89' title='bbox 1432 1340 1606 1405; x_wconf 88' lang='lat' dir='ltr'>Plut.</span> <span class='ocrx_word' id='word_1_90' title='bbox 1660 1342 1736 1406; x_wconf 90' lang='lat' dir='ltr'>de</span> <span class='ocrx_word' id='word_1_91' title='bbox 1782 1340 1845 1407; x_wconf 84' lang='lat' dir='ltr'>S.</span> <span class='ocrx_word' id='word_1_92' title='bbox 1903 1340 1985 1407; x_wconf 90' lang='lat' dir='ltr'>N.</span> <span class='ocrx_word' id='word_1_93' title='bbox 2038 1340 2108 1403; x_wconf 87' lang='lat' dir='ltr'>V.</span> <span class='ocrx_word' id='word_1_94' title='bbox 2163 1363 2221 1425; x_wconf 90' lang='lat' dir='ltr'>p.</span> <span class='ocrx_word' id='word_1_95' title='bbox 2277 1340 2502 1406; x_wconf 80' lang='lat'><strong>5630:</strong></span> <span class='ocrx_word' id='word_1_96' title='bbox 2554 1342 2786 1412; x_wconf 77' lang='grc' dir='ltr'><strong><em>οὐδενὸς</em></strong></span> <span class='ocrx_word' id='word_1_97' title='bbox 2829 1343 2964 1405; x_wconf 76' lang='grc' dir='ltr'><strong><em>ἀπε-</em></strong></span> 
     </span>
     <span class='ocr_line' id='line_1_11' title="bbox 606 1445 2964 1529; baseline 0.002 -22"><span class='ocrx_word' id='word_1_98' title='bbox 606 1445 872 1526; x_wconf 82' lang='grc' dir='ltr'><strong><em>χόμενος</em></strong></span> <span class='ocrx_word' id='word_1_99' title='bbox 948 1447 1210 1526; x_wconf 78' lang='grc' dir='ltr'><strong><em>αἰσχροῦ</em></strong></span> <span class='ocrx_word' id='word_1_100' title='bbox 1271 1448 1556 1529; x_wconf 81' lang='grc' dir='ltr'><strong><em>φέροντος</em></strong></span> <span class='ocrx_word' id='word_1_101' title='bbox 1616 1450 1710 1519; x_wconf 82' lang='grc' dir='ltr'>ἐἷς</span> <span class='ocrx_word' id='word_1_102' title='bbox 1778 1447 2126 1512; x_wconf 80' lang='grc' dir='ltr'><strong><em>ἀπόλαυσιν</em></strong></span> <span class='ocrx_word' id='word_1_103' title='bbox 2187 1449 2220 1522; x_wconf 76' lang='grc' dir='ltr'>ἦ</span> <span class='ocrx_word' id='word_1_104' title='bbox 2286 1447 2484 1526; x_wconf 78' lang='grc' dir='ltr'><strong><em>κέρδος</em></strong></span> <span class='ocrx_word' id='word_1_105' title='bbox 2534 1456 2599 1511; x_wconf 87' lang='lat' dir='ltr'>et</span> <span class='ocrx_word' id='word_1_106' title='bbox 2648 1448 2964 1512; x_wconf 84' lang='lat' dir='ltr'>discrimen</span> 
     </span>
     <span class='ocr_line' id='line_1_12' title="bbox 608 1551 2960 1640; baseline -0 -24"><span class='ocrx_word' id='word_1_107' title='bbox 608 1551 905 1637; x_wconf 80' lang='lat' dir='ltr'>perfacile</span> <span class='ocrx_word' id='word_1_108' title='bbox 952 1555 1239 1615; x_wconf 80' lang='lat' dir='ltr'>sentitur.</span> <span class='ocrx_word' id='word_1_109' title='bbox 1338 1552 1486 1618; x_wconf 83' lang='lat' dir='ltr'>Alia</span> <span class='ocrx_word' id='word_1_110' title='bbox 1531 1553 1740 1618; x_wconf 81' lang='lat' dir='ltr'>multa</span> <span class='ocrx_word' id='word_1_111' title='bbox 1785 1557 1921 1618; x_wconf 89' lang='lat' dir='ltr'>sine</span> <span class='ocrx_word' id='word_1_112' title='bbox 1967 1555 2224 1640; x_wconf 81' lang='lat' dir='ltr'>negotio</span> <span class='ocrx_word' id='word_1_113' title='bbox 2269 1553 2394 1617; x_wconf 89' lang='lat' dir='ltr'>sibi</span> <span class='ocrx_word' id='word_1_114' title='bbox 2440 1556 2654 1637; x_wconf 82' lang='lat' dir='ltr'>quivis</span> <span class='ocrx_word' id='word_1_115' title='bbox 2690 1552 2960 1639; x_wconf 71' lang='lat' dir='ltr'>colliget,</span> 
     </span>
     <span class='ocr_line' id='line_1_13' title="bbox 606 1655 2958 1733; baseline -0 -11"><span class='ocrx_word' id='word_1_116' title='bbox 606 1680 670 1722; x_wconf 87' lang='grc' dir='ltr'>ν.</span> <span class='ocrx_word' id='word_1_117' title='bbox 696 1679 751 1722; x_wconf 90' lang='lat' dir='ltr'>c.</span> <span class='ocrx_word' id='word_1_118' title='bbox 792 1657 1050 1721; x_wconf 80' lang='lat' dir='ltr'>Lucian.</span> <span class='ocrx_word' id='word_1_119' title='bbox 1100 1655 1269 1721; x_wconf 78' lang='lat' dir='ltr'>Dial.</span> <span class='ocrx_word' id='word_1_120' title='bbox 1321 1658 1518 1723; x_wconf 87' lang='lat' dir='ltr'>Mort.</span> <span class='ocrx_word' id='word_1_121' title='bbox 1569 1659 1689 1722; x_wconf 89' lang='lat' dir='ltr'>XI.</span> <span class='ocrx_word' id='word_1_122' title='bbox 1749 1664 1817 1723; x_wconf 85' lang='lat'>1:</span> <span class='ocrx_word' id='word_1_123' title='bbox 1867 1659 1954 1723; x_wconf 71' lang='grc' dir='ltr'>τὰ</span> <span class='ocrx_word' id='word_1_124' title='bbox 2000 1657 2293 1722; x_wconf 72' lang='grc' dir='ltr'><strong><em>τάλαντά</em></strong></span> <span class='ocrx_word' id='word_1_125' title='bbox 2341 1682 2493 1722; x_wconf 84' lang='grc' dir='ltr'><strong><em>ποτε</em></strong></span> <span class='ocrx_word' id='word_1_126' title='bbox 2541 1659 2655 1733; x_wconf 79' lang='grc' dir='ltr'>μὲν</span> <span class='ocrx_word' id='word_1_127' title='bbox 2702 1658 2801 1721; x_wconf 77' lang='grc' dir='ltr'>ἐπὶ</span> <span class='ocrx_word' id='word_1_128' title='bbox 2842 1663 2958 1721; x_wconf 83' lang='grc' dir='ltr'><strong><em>τοῦ·</em></strong></span> 
     </span>
     <span class='ocr_line' id='line_1_14' title="bbox 603 1761 2962 1844; baseline -0 -17"><span class='ocrx_word' id='word_1_129' title='bbox 603 1786 739 1841; x_wconf 87' lang='grc' dir='ltr'><strong><em>τον,</em></strong></span> <span class='ocrx_word' id='word_1_130' title='bbox 805 1769 905 1826; x_wconf 82' lang='grc' dir='ltr'>νῦν</span> <span class='ocrx_word' id='word_1_131' title='bbox 951 1762 1005 1826; x_wconf 79' lang='grc' dir='ltr'>δ’</span> <span class='ocrx_word' id='word_1_132' title='bbox 1055 1761 1153 1826; x_wconf 81' lang='grc' dir='ltr'>ἐπ’</span> <span class='ocrx_word' id='word_1_133' title='bbox 1205 1766 1424 1827; x_wconf 71' lang='grc' dir='ltr'><strong><em>ἐκεῖνον</em></strong></span> <span class='ocrx_word' id='word_1_134' title='bbox 1470 1764 1675 1842; x_wconf 79' lang='grc' dir='ltr'><em>ἔρρεπε</em></span> <span class='ocrx_word' id='word_1_135' title='bbox 1726 1763 1826 1829; x_wconf 83' lang='lat' dir='ltr'>vel</span> <span class='ocrx_word' id='word_1_136' title='bbox 1874 1764 2026 1829; x_wconf 88' lang='lat' dir='ltr'>Luc.</span> <span class='ocrx_word' id='word_1_137' title='bbox 2080 1763 2310 1828; x_wconf 85' lang='lat' dir='ltr'>Harm.</span> <span class='ocrx_word' id='word_1_138' title='bbox 2364 1764 2435 1827; x_wconf 77' lang='lat'>3:</span> <span class='ocrx_word' id='word_1_139' title='bbox 2488 1764 2555 1837; x_wconf 76' lang='grc' dir='ltr'>ἢν</span> <span class='ocrx_word' id='word_1_140' title='bbox 2604 1765 2688 1832; x_wconf 79' lang='grc' dir='ltr'>εἷς</span> <span class='ocrx_word' id='word_1_141' title='bbox 2734 1763 2804 1827; x_wconf 81' lang='grc' dir='ltr'>τὸ</span> <span class='ocrx_word' id='word_1_142' title='bbox 2843 1772 2962 1844; x_wconf 81' lang='grc' dir='ltr'><strong><em>χεῖ-</em></strong></span> 
     </span>
     <span class='ocr_line' id='line_1_15' title="bbox 605 1869 2958 1949; baseline 0 -18"><span class='ocrx_word' id='word_1_143' title='bbox 605 1876 695 1934; x_wconf 76' lang='grc' dir='ltr'>όον</span> <span class='ocrx_word' id='word_1_144' title='bbox 768 1871 1021 1948; x_wconf 75' lang='grc' dir='ltr'><strong><em>ῥέπωσιν</em></strong></span> <span class='ocrx_word' id='word_1_145' title='bbox 1091 1872 1156 1933; x_wconf 79' lang='grc' dir='ltr'><strong><em>αἱ</em></strong></span> <span class='ocrx_word' id='word_1_146' title='bbox 1224 1876 1422 1949; x_wconf 66' lang='grc' dir='ltr'><strong><em>ψῖὲῶοι</em></strong></span> <span class='ocrx_word' id='word_1_147' title='bbox 1488 1870 1592 1935; x_wconf 80' lang='lat' dir='ltr'>vel</span> <span class='ocrx_word' id='word_1_148' title='bbox 1656 1870 1813 1935; x_wconf 86' lang='lat' dir='ltr'>Luc.</span> <span class='ocrx_word' id='word_1_149' title='bbox 1873 1871 1984 1935; x_wconf 80' lang='lat' dir='ltr'>Bis</span> <span class='ocrx_word' id='word_1_150' title='bbox 2047 1869 2276 1935; x_wconf 82' lang='lat' dir='ltr'>Aecus.</span> <span class='ocrx_word' id='word_1_151' title='bbox 2332 1869 2394 1933; x_wconf 88' lang='lat'>6.</span> <span class='ocrx_word' id='word_1_152' title='bbox 2442 1871 2527 1942; x_wconf 81' lang='grc' dir='ltr'>εἰς</span> <span class='ocrx_word' id='word_1_153' title='bbox 2579 1870 2680 1933; x_wconf 79' lang='grc' dir='ltr'>τὸν</span> <span class='ocrx_word' id='word_1_154' title='bbox 2719 1874 2958 1934; x_wconf 73' lang='grc' dir='ltr'><strong><em>Ἄνυτον</em></strong></span> 
     </span>
     <span class='ocr_line' id='line_1_16' title="bbox 599 1974 2955 2061; baseline -0 -22"><span class='ocrx_word' id='word_1_155' title='bbox 599 1976 807 2054; x_wconf 81' lang='grc' dir='ltr'><em>ἔρρεπε</em></span> <span class='ocrx_word' id='word_1_156' title='bbox 879 1976 961 2039; x_wconf 76' lang='grc' dir='ltr'>τὰ</span> <span class='ocrx_word' id='word_1_157' title='bbox 1036 1977 1377 2052; x_wconf 50' lang='lat' dir='ltr'>amaeam.</span> <span class='ocrx_word' id='word_1_158' title='bbox 1473 1974 1671 2040; x_wconf 88' lang='lat' dir='ltr'>Utilis</span> <span class='ocrx_word' id='word_1_159' title='bbox 1742 1979 1839 2042; x_wconf 86' lang='lat' dir='ltr'>est</span> <span class='ocrx_word' id='word_1_160' title='bbox 1898 1996 2147 2061; x_wconf 88' lang='lat' dir='ltr'>quoque</span> <span class='ocrx_word' id='word_1_161' title='bbox 2209 1976 2593 2061; x_wconf 84' lang='lat' dir='ltr'>Antiphanis</span> <span class='ocrx_word' id='word_1_162' title='bbox 2653 1976 2825 2042; x_wconf 87' lang='lat' dir='ltr'>locus</span> <span class='ocrx_word' id='word_1_163' title='bbox 2869 1997 2955 2060; x_wconf 77' lang='lat' dir='ltr'>ap.</span> 
     </span>
     <span class='ocr_line' id='line_1_17' title="bbox 597 2080 2953 2167; baseline -0.001 -21"><span class='ocrx_word' id='word_1_164' title='bbox 597 2081 834 2146; x_wconf 82' lang='lat' dir='ltr'>Athen.</span> <span class='ocrx_word' id='word_1_165' title='bbox 902 2081 965 2144; x_wconf 82' lang='lat' dir='ltr'>X</span> <span class='ocrx_word' id='word_1_166' title='bbox 1027 2102 1087 2165; x_wconf 89' lang='lat' dir='ltr'>p.</span> <span class='ocrx_word' id='word_1_167' title='bbox 1141 2081 1271 2146; x_wconf 79' lang='lat'>448</span> <span class='ocrx_word' id='word_1_168' title='bbox 1298 2082 1366 2145; x_wconf 86' lang='grc' dir='ltr'>Ε.</span> <span class='ocrx_word' id='word_1_169' title='bbox 1421 2080 1750 2166; x_wconf 77' lang='lat' dir='ltr'>Sophoclis</span> <span class='ocrx_word' id='word_1_170' title='bbox 1799 2082 1925 2147; x_wconf 85' lang='lat' dir='ltr'>loci</span> <span class='ocrx_word' id='word_1_171' title='bbox 1970 2086 2079 2167; x_wconf 91' lang='lat' dir='ltr'>qui</span> <span class='ocrx_word' id='word_1_172' title='bbox 2126 2083 2252 2147; x_wconf 91' lang='lat' dir='ltr'>huc</span> <span class='ocrx_word' id='word_1_173' title='bbox 2299 2081 2576 2159; x_wconf 78' lang='lat' dir='ltr'>faciunt,</span> <span class='ocrx_word' id='word_1_174' title='bbox 2626 2092 2774 2148; x_wconf 77' lang='lat' dir='ltr'>sunt</span> <span class='ocrx_word' id='word_1_175' title='bbox 2817 2081 2953 2147; x_wconf 90' lang='lat' dir='ltr'>Oed.</span> 
     </span>
     <span class='ocr_line' id='line_1_18' title="bbox 603 2186 981 2274; baseline 0.003 -23"><span class='ocrx_word' id='word_1_176' title='bbox 603 2186 757 2274; x_wconf 81' lang='lat' dir='ltr'>Tyr.</span> <span class='ocrx_word' id='word_1_177' title='bbox 812 2186 981 2253; x_wconf 86' lang='grc'><strong>8473</strong></span> 
     </span>
    </p>

    <p class='ocr_par' dir='ltr' id='par_1_3' title="bbox 599 2292 2477 2488">
     <span class='ocr_line' id='line_1_19' title="bbox 1143 2292 2477 2374; baseline 0 -17"><span class='ocrx_word' id='word_1_178' title='bbox 1143 2295 1310 2358; x_wconf 80' lang='grc' dir='ltr'><strong><em>τοῦτ’</em></strong></span> <span class='ocrx_word' id='word_1_179' title='bbox 1359 2293 1484 2362; x_wconf 77' lang='grc' dir='ltr'>ἐςὶν</span> <span class='ocrx_word' id='word_1_180' title='bbox 1533 2295 1640 2371; x_wconf 71' lang='grc' dir='ltr'>ἤδη</span> <span class='ocrx_word' id='word_1_181' title='bbox 1690 2292 1942 2373; x_wconf 70' lang='grc' dir='ltr'><strong><em>τοῦργον</em></strong></span> <span class='ocrx_word' id='word_1_182' title='bbox 1988 2296 2074 2366; x_wconf 81' lang='grc' dir='ltr'>εἰς</span> <span class='ocrx_word' id='word_1_183' title='bbox 2123 2296 2234 2371; x_wconf 78' lang='grc' dir='ltr'>ἐμὲ</span> <span class='ocrx_word' id='word_1_184' title='bbox 2281 2293 2477 2374; x_wconf 80' lang='grc' dir='ltr'><strong><em>ῥέπον,</em></strong></span> 
     </span>
     <span class='ocr_line' id='line_1_20' title="bbox 599 2398 2431 2488; baseline -0.001 -22"><span class='ocrx_word' id='word_1_185' title='bbox 599 2406 664 2466; x_wconf 83' lang='lat' dir='ltr'>et</span> <span class='ocrx_word' id='word_1_186' title='bbox 707 2398 934 2488; x_wconf 82' lang='lat' dir='ltr'>Antig.</span> <span class='ocrx_word' id='word_1_187' title='bbox 988 2398 1148 2466; x_wconf 80' lang='lat'><strong>722:</strong></span> <span class='ocrx_word' id='word_1_188' title='bbox 1201 2407 1384 2479; x_wconf 81' lang='grc' dir='ltr'><strong><em>Φιλεῒ</em></strong></span> <span class='ocrx_word' id='word_1_189' title='bbox 1425 2400 1551 2478; x_wconf 72' lang='grc' dir='ltr'>γὰρ</span> <span class='ocrx_word' id='word_1_190' title='bbox 1600 2405 1779 2465; x_wconf 82' lang='grc' dir='ltr'><strong><em>τοῦτο</em></strong></span> <span class='ocrx_word' id='word_1_191' title='bbox 1826 2402 1914 2476; x_wconf 70' lang='grc' dir='ltr'>μὴ</span> <span class='ocrx_word' id='word_1_192' title='bbox 1963 2400 2167 2480; x_wconf 68' lang='grc' dir='ltr'><strong><em>ταύτῃ</em></strong></span> <span class='ocrx_word' id='word_1_193' title='bbox 2212 2398 2431 2480; x_wconf 80' lang='grc' dir='ltr'>ῥέπειν.</span> 
     </span>
    </p>
   </div>
   <div class='ocr_carea' id='block_1_3' title="bbox 593 2610 2957 4499">
    <p class='ocr_par' dir='ltr' id='par_1_4' title="bbox 593 2610 2957 4499">
     <span class='ocr_line' id='line_1_21' title="bbox 688 2610 1875 2679; baseline -0.002 -1"><span class='ocrx_word' id='word_1_194' title='bbox 688 2613 889 2679; x_wconf 86' lang='lat' dir='ltr'>Miror</span> <span class='ocrx_word' id='word_1_195' title='bbox 933 2615 1462 2679; x_wconf 79' lang='lat' dir='ltr'>constructionem</span> <span class='ocrx_word' id='word_1_196' title='bbox 1515 2634 1609 2677; x_wconf 84' lang='lat' dir='ltr'>vs.</span> <span class='ocrx_word' id='word_1_197' title='bbox 1664 2610 1875 2676; x_wconf 84' lang='lat'>1143:</span> 
     </span>
     <span class='ocr_line' id='line_1_22' title="bbox 960 2713 2481 2801; baseline 0 -19"><span class='ocrx_word' id='word_1_198' title='bbox 960 2717 1098 2800; x_wconf 85' lang='grc' dir='ltr'>φέρ’</span> <span class='ocrx_word' id='word_1_199' title='bbox 1146 2720 1280 2784; x_wconf 76' lang='grc' dir='ltr'><strong><em>εἰπὲ</em></strong></span> <span class='ocrx_word' id='word_1_200' title='bbox 1329 2723 1466 2801; x_wconf 81' lang='grc' dir='ltr'><strong><em>νῦν,</em></strong></span> <span class='ocrx_word' id='word_1_201' title='bbox 1513 2718 1650 2783; x_wconf 75' lang='grc' dir='ltr'>τότ’</span> <span class='ocrx_word' id='word_1_202' title='bbox 1697 2713 1882 2782; x_wconf 82' lang='grc' dir='ltr'><strong><em>οἶσθα</em></strong></span> <span class='ocrx_word' id='word_1_203' title='bbox 1931 2719 2140 2783; x_wconf 77' lang='grc' dir='ltr'><strong><em>παῑδά</em></strong></span> <span class='ocrx_word' id='word_1_204' title='bbox 2189 2742 2291 2796; x_wconf 88' lang='grc' dir='ltr'><strong><em>μοι</em></strong></span> <span class='ocrx_word' id='word_1_205' title='bbox 2340 2742 2481 2783; x_wconf 91' lang='grc' dir='ltr'><strong><em>τινα</em></strong></span> 
     </span>
     <span class='ocr_line' id='line_1_23' title="bbox 962 2825 2570 2903; baseline -0.001 -13"><span class='ocrx_word' id='word_1_206' title='bbox 962 2827 1132 2901; x_wconf 77' lang='grc' dir='ltr'><strong><em>δούς,</em></strong></span> <span class='ocrx_word' id='word_1_207' title='bbox 1184 2829 1258 2895; x_wconf 80' lang='grc' dir='ltr'>ὦς</span> <span class='ocrx_word' id='word_1_208' title='bbox 1311 2825 1562 2902; x_wconf 78' lang='grc' dir='ltr'><strong><em>ἐμαυτῷ</em></strong></span> <span class='ocrx_word' id='word_1_209' title='bbox 1614 2826 1856 2903; x_wconf 81' lang='grc' dir='ltr'><strong><em>θρέμμα</em></strong></span> <span class='ocrx_word' id='word_1_210' title='bbox 1906 2825 2363 2903; x_wconf 76' lang='grc' dir='ltr'><strong><em>θρεψαίμην</em></strong></span> <span class='ocrx_word' id='word_1_211' title='bbox 2412 2826 2570 2903; x_wconf 50' lang='grc' dir='ltr'>ἐγὼ</span> 
     </span>
     <span class='ocr_line' id='line_1_24' title="bbox 598 2924 2957 3014; baseline -0.003 -17"><span class='ocrx_word' id='word_1_212' title='bbox 598 2952 748 2997; x_wconf 78' lang='lat' dir='ltr'>nam</span> <span class='ocrx_word' id='word_1_213' title='bbox 813 2934 880 2995; x_wconf 91' lang='lat' dir='ltr'>in</span> <span class='ocrx_word' id='word_1_214' title='bbox 943 2931 1061 2996; x_wconf 79' lang='lat' dir='ltr'>tali</span> <span class='ocrx_word' id='word_1_215' title='bbox 1120 2933 1434 2996; x_wconf 82' lang='lat' dir='ltr'>sententia</span> <span class='ocrx_word' id='word_1_216' title='bbox 1488 2951 1696 2995; x_wconf 92' lang='lat' dir='ltr'>nonne</span> <span class='ocrx_word' id='word_1_217' title='bbox 1741 2930 2088 3014; x_wconf 88' lang='lat' dir='ltr'>requiritur</span> <span class='ocrx_word' id='word_1_218' title='bbox 2134 2930 2424 2995; x_wconf 85' lang='lat' dir='ltr'>futurum</span> <span class='ocrx_word' id='word_1_219' title='bbox 2487 2924 2957 3010; x_wconf 70' lang='grc' dir='ltr'><strong><em>θρεψοίμηνῖ</em></strong></span> 
     </span>
     <span class='ocr_line' id='line_1_25' title="bbox 597 3036 2535 3121; baseline -0.001 -18"><span class='ocrx_word' id='word_1_220' title='bbox 597 3038 670 3103; x_wconf 92' lang='lat' dir='ltr'>In</span> <span class='ocrx_word' id='word_1_221' title='bbox 718 3040 953 3105; x_wconf 80' lang='lat' dir='ltr'>vicinia</span> <span class='ocrx_word' id='word_1_222' title='bbox 1001 3037 1222 3102; x_wconf 87' lang='lat' dir='ltr'>eadem</span> <span class='ocrx_word' id='word_1_223' title='bbox 1270 3037 1434 3101; x_wconf 89' lang='lat' dir='ltr'>mihi</span> <span class='ocrx_word' id='word_1_224' title='bbox 1482 3039 1759 3121; x_wconf 88' lang='lat' dir='ltr'>suspicio</span> <span class='ocrx_word' id='word_1_225' title='bbox 1804 3049 1954 3101; x_wconf 80' lang='lat' dir='ltr'>nata</span> <span class='ocrx_word' id='word_1_226' title='bbox 2000 3043 2133 3119; x_wconf 88' lang='lat' dir='ltr'>est,</span> <span class='ocrx_word' id='word_1_227' title='bbox 2183 3057 2276 3101; x_wconf 92' lang='grc' dir='ltr'>νε.</span> <span class='ocrx_word' id='word_1_228' title='bbox 2329 3036 2535 3102; x_wconf 85' lang='lat'>1174:</span> 
     </span>
     <span class='ocr_line' id='line_1_26' title="bbox 782 3140 2535 3223; baseline -0.002 -14"><span class='ocrx_word' id='word_1_229' title='bbox 782 3145 947 3209; x_wconf 77' lang='grc' dir='ltr'><strong>Οἶδ.</strong></span> <span class='ocrx_word' id='word_1_230' title='bbox 1000 3140 1037 3216; x_wconf 74' lang='grc' dir='ltr'><strong><em>ἦ</em></strong></span> <span class='ocrx_word' id='word_1_231' title='bbox 1082 3144 1208 3223; x_wconf 67' lang='grc' dir='ltr'>γὰρ</span> <span class='ocrx_word' id='word_1_232' title='bbox 1258 3143 1490 3207; x_wconf 78' lang='grc' dir='ltr'><strong><em>δίδωσιν</em></strong></span> <span class='ocrx_word' id='word_1_233' title='bbox 1539 3141 1639 3216; x_wconf 71' lang='grc' dir='ltr'>ἥδε</span> <span class='ocrx_word' id='word_1_234' title='bbox 1687 3164 1814 3220; x_wconf 76' lang='grc' dir='ltr'><strong><em>σοις</em></strong></span> <span class='ocrx_word' id='word_1_235' title='bbox 1867 3152 2033 3221; x_wconf 86' lang='grc' dir='ltr'>Θερ.</span> <span class='ocrx_word' id='word_1_236' title='bbox 2084 3142 2308 3218; x_wconf 75' lang='grc' dir='ltr'><strong><em>μάλις’</em></strong></span> <span class='ocrx_word' id='word_1_237' title='bbox 2358 3140 2535 3217; x_wconf 72' lang='grc' dir='ltr'><strong><em>ἅναξ.</em></strong></span> 
     </span>
     <span class='ocr_line' id='line_1_27' title="bbox 794 3241 2768 3329; baseline -0.002 -14"><span class='ocrx_word' id='word_1_238' title='bbox 794 3250 962 3315; x_wconf 77' lang='grc' dir='ltr'><strong>Οἱδ.</strong></span> <span class='ocrx_word' id='word_1_239' title='bbox 1011 3252 1087 3320; x_wconf 79' lang='grc' dir='ltr'>ὥς</span> <span class='ocrx_word' id='word_1_240' title='bbox 1138 3250 1279 3328; x_wconf 80' lang='grc' dir='ltr'><strong><em>πρὸς</em></strong></span> <span class='ocrx_word' id='word_1_241' title='bbox 1329 3241 1393 3313; x_wconf 71' lang='grc' dir='ltr'>τί</span> <span class='ocrx_word' id='word_1_242' title='bbox 1438 3249 1696 3329; x_wconf 74' lang='grc' dir='ltr'><strong><em>χρείας-ς</em></strong></span> <span class='ocrx_word' id='word_1_243' title='bbox 1751 3258 1918 3324; x_wconf 87' lang='grc' dir='ltr'>Θερ.</span> <span class='ocrx_word' id='word_1_244' title='bbox 1968 3251 2044 3320; x_wconf 77' lang='grc' dir='ltr'>ὡς</span> <span class='ocrx_word' id='word_1_245' title='bbox 2092 3248 2624 3326; x_wconf 76' lang='grc' dir='ltr'><strong><em>ἀναλώσαιμί</em></strong></span> <span class='ocrx_word' id='word_1_246' title='bbox 2671 3275 2768 3314; x_wconf 91' lang='grc' dir='ltr'><strong><em>νιν.</em></strong></span> 
     </span>
     <span class='ocr_line' id='line_1_28' title="bbox 599 3353 2952 3439; baseline -0.003 -19"><span class='ocrx_word' id='word_1_247' title='bbox 599 3356 696 3420; x_wconf 87' lang='lat' dir='ltr'>Ibi</span> <span class='ocrx_word' id='word_1_248' title='bbox 759 3375 1008 3439; x_wconf 89' lang='lat' dir='ltr'>quoque</span> <span class='ocrx_word' id='word_1_249' title='bbox 1072 3355 1586 3429; x_wconf 81' lang='grc' dir='ltr'><strong><em>ἀναλώσοιμι</em></strong></span> <span class='ocrx_word' id='word_1_250' title='bbox 1637 3353 1829 3419; x_wconf 82' lang='lat' dir='ltr'>malo.</span> <span class='ocrx_word' id='word_1_251' title='bbox 1879 3353 2203 3419; x_wconf 86' lang='lat' dir='ltr'>Potuisset</span> <span class='ocrx_word' id='word_1_252' title='bbox 2249 3355 2655 3438; x_wconf 86' lang='lat' dir='ltr'>respondere:</span> <span class='ocrx_word' id='word_1_253' title='bbox 2703 3357 2777 3428; x_wconf 77' lang='grc' dir='ltr'>ὡς</span> <span class='ocrx_word' id='word_1_254' title='bbox 2821 3356 2952 3430; x_wconf 78' lang='grc' dir='ltr'><strong><em>ἐμοῦ</em></strong></span> 
     </span>
     <span class='ocr_line' id='line_1_29' title="bbox 599 3461 2952 3532; baseline -0 -7"><span class='ocrx_word' id='word_1_255' title='bbox 599 3461 1050 3532; x_wconf 78' lang='grc' dir='ltr'><strong><em>ἀναλώσαντος.</em></strong></span> <span class='ocrx_word' id='word_1_256' title='bbox 1101 3479 1225 3525; x_wconf 90' lang='lat' dir='ltr'>non</span> <span class='ocrx_word' id='word_1_257' title='bbox 1271 3481 1419 3525; x_wconf 80' lang='lat' dir='ltr'>sane</span> <span class='ocrx_word' id='word_1_258' title='bbox 1464 3461 1937 3530; x_wconf 70' lang='grc' dir='ltr'><strong><em>ἀναλώσαντος·</em></strong></span> <span class='ocrx_word' id='word_1_259' title='bbox 1979 3461 2186 3525; x_wconf 77' lang='lat' dir='ltr'>forma</span> <span class='ocrx_word' id='word_1_260' title='bbox 2222 3462 2524 3526; x_wconf 80' lang='lat' dir='ltr'>orationis</span> <span class='ocrx_word' id='word_1_261' title='bbox 2559 3468 2805 3526; x_wconf 74' lang='lat' dir='ltr'>mutata</span> <span class='ocrx_word' id='word_1_262' title='bbox 2839 3466 2952 3531; x_wconf 79' lang='lat' dir='ltr'>est,</span> 
     </span>
     <span class='ocr_line' id='line_1_30' title="bbox 599 3565 2948 3653; baseline -0.002 -21"><span class='ocrx_word' id='word_1_263' title='bbox 599 3567 704 3632; x_wconf 86' lang='lat' dir='ltr'>sed</span> <span class='ocrx_word' id='word_1_264' title='bbox 754 3566 1000 3631; x_wconf 82' lang='lat' dir='ltr'>nullam</span> <span class='ocrx_word' id='word_1_265' title='bbox 1048 3587 1302 3632; x_wconf 82' lang='lat' dir='ltr'>causam</span> <span class='ocrx_word' id='word_1_266' title='bbox 1352 3566 1572 3646; x_wconf 85' lang='lat' dir='ltr'>video,</span> <span class='ocrx_word' id='word_1_267' title='bbox 1622 3587 1734 3629; x_wconf 87' lang='lat' dir='ltr'>cur</span> <span class='ocrx_word' id='word_1_268' title='bbox 1778 3565 1977 3630; x_wconf 89' lang='lat' dir='ltr'>simul</span> <span class='ocrx_word' id='word_1_269' title='bbox 2016 3587 2163 3631; x_wconf 91' lang='lat' dir='ltr'>cum</span> <span class='ocrx_word' id='word_1_270' title='bbox 2206 3567 2397 3631; x_wconf 91' lang='lat' dir='ltr'>modo</span> <span class='ocrx_word' id='word_1_271' title='bbox 2435 3572 2689 3652; x_wconf 87' lang='lat' dir='ltr'>tempus</span> <span class='ocrx_word' id='word_1_272' title='bbox 2728 3583 2948 3653; x_wconf 82' lang='lat' dir='ltr'>quoque</span> 
     </span>
     <span class='ocr_line' id='line_1_31' title="bbox 596 3670 2365 3758; baseline -0.003 -19"><span class='ocrx_word' id='word_1_273' title='bbox 596 3681 1044 3739; x_wconf 84' lang='lat' dir='ltr'>commutetur.</span> <span class='ocrx_word' id='word_1_274' title='bbox 1141 3671 1338 3737; x_wconf 86' lang='lat' dir='ltr'>Recte</span> <span class='ocrx_word' id='word_1_275' title='bbox 1384 3671 1596 3736; x_wconf 84' lang='lat' dir='ltr'>editur</span> <span class='ocrx_word' id='word_1_276' title='bbox 1644 3670 1795 3735; x_wconf 91' lang='lat' dir='ltr'>Oed.</span> <span class='ocrx_word' id='word_1_277' title='bbox 1845 3671 1996 3758; x_wconf 79' lang='lat' dir='ltr'>Tyr.</span> <span class='ocrx_word' id='word_1_278' title='bbox 2047 3693 2142 3736; x_wconf 85' lang='lat' dir='ltr'>vs.</span> <span class='ocrx_word' id='word_1_279' title='bbox 2202 3670 2365 3738; x_wconf 84' lang='grc' dir='ltr'>Ι7923</span> 
     </span>
     <span class='ocr_line' id='line_1_32' title="bbox 1055 3776 2606 3856; baseline 0.002 -15"><span class='ocrx_word' id='word_1_280' title='bbox 1055 3781 1130 3849; x_wconf 83' lang='grc' dir='ltr'>ὡς</span> <span class='ocrx_word' id='word_1_281' title='bbox 1182 3776 1361 3855; x_wconf 76' lang='grc' dir='ltr'><strong><em>μητρὶ</em></strong></span> <span class='ocrx_word' id='word_1_282' title='bbox 1409 3778 1520 3853; x_wconf 79' lang='grc' dir='ltr'>μὲν</span> <span class='ocrx_word' id='word_1_283' title='bbox 1568 3777 1747 3856; x_wconf 76' lang='grc' dir='ltr'><strong><em>χρείη</em></strong></span> <span class='ocrx_word' id='word_1_284' title='bbox 1798 3802 1878 3853; x_wconf 88' lang='grc' dir='ltr'>με</span> <span class='ocrx_word' id='word_1_285' title='bbox 1926 3776 2277 3856; x_wconf 79' lang='grc' dir='ltr'><strong><em>μιχθῆναι,</em></strong></span> <span class='ocrx_word' id='word_1_286' title='bbox 2329 3779 2503 3854; x_wconf 77' lang='grc' dir='ltr'><strong><em>γένος</em></strong></span> <span class='ocrx_word' id='word_1_287' title='bbox 2553 3779 2606 3844; x_wconf 74' lang='grc' dir='ltr'>δ’</span> 
     </span>
     <span class='ocr_line' id='line_1_33' title="bbox 1048 3881 2312 3963; baseline 0 -17"><span class='ocrx_word' id='word_1_288' title='bbox 1048 3882 1318 3956; x_wconf 72' lang='grc' dir='ltr'><strong><em>ἄτλητον</em></strong></span> <span class='ocrx_word' id='word_1_289' title='bbox 1363 3881 1732 3962; x_wconf 69' lang='grc' dir='ltr'><strong><em>ἀνθρώποισι</em></strong></span> <span class='ocrx_word' id='word_1_290' title='bbox 1779 3884 2105 3960; x_wconf 67' lang='grc' dir='ltr'><strong><em>δηλώσοιμ*</em></strong></span> <span class='ocrx_word' id='word_1_291' title='bbox 2153 3885 2312 3963; x_wconf 68' lang='grc' dir='ltr'><strong><em>ὀροῖν.</em></strong></span> 
     </span>
     <span class='ocr_line' id='line_1_34' title="bbox 593 3988 1352 4075; baseline -0.009 -16"><span class='ocrx_word' id='word_1_292' title='bbox 593 3993 949 4075; x_wconf 88' lang='lat' dir='ltr'>itidemque</span> <span class='ocrx_word' id='word_1_293' title='bbox 994 4010 1089 4055; x_wconf 91' lang='grc' dir='ltr'>νε.</span> <span class='ocrx_word' id='word_1_294' title='bbox 1142 3988 1352 4055; x_wconf 80' lang='grc'><strong>12713</strong></span> 
     </span>
     <span class='ocr_line' id='line_1_35' title="bbox 959 4091 2397 4175; baseline -0.001 -15"><span class='ocrx_word' id='word_1_295' title='bbox 959 4097 1154 4160; x_wconf 78' lang='grc' dir='ltr'><strong><em>αὐδῶν</em></strong></span> <span class='ocrx_word' id='word_1_296' title='bbox 1201 4092 1476 4171; x_wconf 77' lang='grc' dir='ltr'><strong><em>τοιαῦθ’,</em></strong></span> <span class='ocrx_word' id='word_1_297' title='bbox 1524 4091 1798 4159; x_wconf 78' lang='grc' dir='ltr'><strong><em>ὁθούνεκ’</em></strong></span> <span class='ocrx_word' id='word_1_298' title='bbox 1847 4096 1953 4159; x_wconf 82' lang='grc' dir='ltr'>οὐκ</span> <span class='ocrx_word' id='word_1_299' title='bbox 2000 4094 2245 4175; x_wconf 75' lang='grc' dir='ltr'><strong><em>δψοιντό</em></strong></span> <span class='ocrx_word' id='word_1_300' title='bbox 2293 4119 2397 4173; x_wconf 87' lang='grc' dir='ltr'><strong><em>νιν,</em></strong></span> 
     </span>
     <span class='ocr_line' id='line_1_36' title="bbox 956 4196 2390 4281; baseline -0.002 -13"><span class='ocrx_word' id='word_1_301' title='bbox 956 4200 1094 4268; x_wconf 80' lang='grc' dir='ltr'><strong><em>οὔθ’</em></strong></span> <span class='ocrx_word' id='word_1_302' title='bbox 1144 4196 1225 4266; x_wconf 72' lang='grc' dir='ltr'>οἷ’</span> <span class='ocrx_word' id='word_1_303' title='bbox 1273 4200 1558 4279; x_wconf 81' lang='grc' dir='ltr'><strong><em>ἔπασχεν</em></strong></span> <span class='ocrx_word' id='word_1_304' title='bbox 1604 4199 1739 4266; x_wconf 81' lang='grc' dir='ltr'><strong><em>οὔθ’</em></strong></span> <span class='ocrx_word' id='word_1_305' title='bbox 1789 4202 1948 4267; x_wconf 80' lang='grc' dir='ltr'><strong><em>ὁποῖ’</em></strong></span> <span class='ocrx_word' id='word_1_306' title='bbox 1996 4200 2136 4281; x_wconf 78' lang='grc' dir='ltr'><strong><em>ἔδρα</em></strong></span> <span class='ocrx_word' id='word_1_307' title='bbox 2184 4204 2390 4281; x_wconf 83' lang='grc' dir='ltr'><strong><em>κακά,</em></strong></span> 
     </span>
     <span class='ocr_line' id='line_1_37' title="bbox 951 4304 2458 4386; baseline -0.001 -12"><span class='ocrx_word' id='word_1_308' title='bbox 951 4310 1103 4374; x_wconf 85' lang='grc' dir='ltr'><strong><em>ἀλλ’</em></strong></span> <span class='ocrx_word' id='word_1_309' title='bbox 1153 4309 1213 4371; x_wconf 84' lang='grc' dir='ltr'>ἐν</span> <span class='ocrx_word' id='word_1_310' title='bbox 1258 4306 1453 4386; x_wconf 80' lang='grc' dir='ltr'><strong><em>σκότῳ</em></strong></span> <span class='ocrx_word' id='word_1_311' title='bbox 1501 4306 1570 4369; x_wconf 83' lang='grc' dir='ltr'>τὸ</span> <span class='ocrx_word' id='word_1_312' title='bbox 1619 4308 1830 4371; x_wconf 81' lang='grc' dir='ltr'><strong><em>λοιπὸν</em></strong></span> <span class='ocrx_word' id='word_1_313' title='bbox 1876 4304 1974 4378; x_wconf 78' lang='grc' dir='ltr'>οὓς</span> <span class='ocrx_word' id='word_1_314' title='bbox 2023 4309 2136 4385; x_wconf 74' lang='grc' dir='ltr'>μὲν</span> <span class='ocrx_word' id='word_1_315' title='bbox 2184 4308 2292 4372; x_wconf 79' lang='grc' dir='ltr'>οὐκ</span> <span class='ocrx_word' id='word_1_316' title='bbox 2340 4307 2458 4373; x_wconf 76' lang='grc' dir='ltr'><strong><em>ἔδει</em></strong></span> 
     </span>
     <span class='ocr_line' id='line_1_38' title="bbox 947 4409 2298 4499; baseline -0.001 -18"><span class='ocrx_word' id='word_1_317' title='bbox 947 4413 1221 4499; x_wconf 81' lang='grc' dir='ltr'><strong><em>δψοίαθ’,</em></strong></span> <span class='ocrx_word' id='word_1_318' title='bbox 1268 4409 1364 4484; x_wconf 77' lang='grc' dir='ltr'>οὓς</span> <span class='ocrx_word' id='word_1_319' title='bbox 1412 4412 1466 4478; x_wconf 76' lang='grc' dir='ltr'>δ’</span> <span class='ocrx_word' id='word_1_320' title='bbox 1518 4411 1767 4494; x_wconf 67' lang='grc' dir='ltr'><strong><em>ἔχρῃζεν</em></strong></span> <span class='ocrx_word' id='word_1_321' title='bbox 1821 4413 1886 4478; x_wconf 82' lang='grc' dir='ltr'>οὔ</span> <span class='ocrx_word' id='word_1_322' title='bbox 1934 4415 2298 4491; x_wconf 70' lang='grc' dir='ltr'><strong><em>γνωσοίατο.</em></strong></span> 
     </span>
    </p>
   </div>
   <div class='ocr_carea' id='block_1_4' title="bbox 3098 1 3101 4525">
    <p class='ocr_par' dir='ltr' id='par_1_5' title="bbox 3098 1 3101 4525">
     <span class='ocr_line' id='line_1_39' title="bbox 3098 1 3101 4525; baseline 0 0"><span class='ocrx_word' id='word_1_323' title='bbox 3098 1 3101 4525; x_wconf 95' lang='lat' dir='ltr'> </span> 
     </span>
    </p>
   </div>
  </div>
 </body>
</html>
