<?xml version="1.0" encoding="UTF-8"?>
<!DOCTYPE html PUBLIC "-//W3C//DTD XHTML 1.0 Transitional//EN"
    "http://www.w3.org/TR/xhtml1/DTD/xhtml1-transitional.dtd">
<html xmlns="http://www.w3.org/1999/xhtml" xml:lang="en" lang="en">
 <head>
  <title>
</title>
<meta http-equiv="Content-Type" content="text/html;charset=utf-8" />
  <meta name='ocr-system' content='tesseract 3.04.00' />
  <meta name='ocr-capabilities' content='ocr_page ocr_carea ocr_par ocr_line ocrx_word'/>
</head>
<body>
  <div class='ocr_page' id='page_1' title='image "./mnemosynebiblio14servgoog_0269.png"; bbox 0 0 3192 5017; ppageno 0'>
   <div class='ocr_carea' id='block_1_1' title="bbox 1241 260 2559 342">
    <p class='ocr_par' dir='ltr' id='par_1_1' title="bbox 1241 260 2559 342">
     <span class='ocr_line' id='line_1_1' title="bbox 1241 260 2559 342; baseline -0.002 -1"><span class='ocrx_word' id='word_1_1' title='bbox 1241 282 1487 342; x_wconf 69' lang='lat' dir='ltr'>ormo.</span> <span class='ocrx_word' id='word_1_2' title='bbox 2422 260 2559 338; x_wconf 77' lang='lat'>265</span> 
     </span>
    </p>
   </div>
   <div class='ocr_carea' id='block_1_2' title="bbox 216 446 2676 1811">
    <p class='ocr_par' dir='ltr' id='par_1_2' title="bbox 216 446 2676 1811">
     <span class='ocr_line' id='line_1_2' title="bbox 217 446 2562 545; baseline 0.003 -26"><span class='ocrx_word' id='word_1_3' title='bbox 217 446 380 519; x_wconf 82' lang='lat' dir='ltr'>habet</span> <span class='ocrx_word' id='word_1_4' title='bbox 432 454 978 544; x_wconf 85' lang='lat' dir='ltr'>significationem.</span> <span class='ocrx_word' id='word_1_5' title='bbox 1074 457 1460 539; x_wconf 82' lang='lat' dir='ltr'>Quaerentes</span> <span class='ocrx_word' id='word_1_6' title='bbox 1522 459 1603 526; x_wconf 89' lang='lat' dir='ltr'>ab</span> <span class='ocrx_word' id='word_1_7' title='bbox 1662 460 2113 545; x_wconf 77' lang='lat' dir='ltr'><strong>interpretibus</strong></span> <span class='ocrx_word' id='word_1_8' title='bbox 2130 506 2148 537; x_wconf 95' lang='lat'>,</span> <span class='ocrx_word' id='word_1_9' title='bbox 2200 459 2354 545; x_wconf 90' lang='lat' dir='ltr'>quid</span> <span class='ocrx_word' id='word_1_10' title='bbox 2403 460 2562 526; x_wconf 89' lang='lat' dir='ltr'>haec</span> 
     </span>
     <span class='ocr_line' id='line_1_3' title="bbox 218 558 2562 650; baseline 0.003 -28"><span class='ocrx_word' id='word_1_11' title='bbox 218 559 321 622; x_wconf 86' lang='lat' dir='ltr'>sibi</span> <span class='ocrx_word' id='word_1_12' title='bbox 359 558 575 645; x_wconf 85' lang='lat' dir='ltr'>velint,</span> <span class='ocrx_word' id='word_1_13' title='bbox 622 562 1047 630; x_wconf 84' lang='lat' dir='ltr'>amandamur</span> <span class='ocrx_word' id='word_1_14' title='bbox 1091 563 1171 628; x_wconf 92' lang='lat' dir='ltr'>ad</span> <span class='ocrx_word' id='word_1_15' title='bbox 1215 563 1542 629; x_wconf 85' lang='lat' dir='ltr'>Nizolium</span> <span class='ocrx_word' id='word_1_16' title='bbox 1591 569 1658 629; x_wconf 88' lang='lat' dir='ltr'>et</span> <span class='ocrx_word' id='word_1_17' title='bbox 1704 584 1816 650; x_wconf 90' lang='lat' dir='ltr'>pro</span> <span class='ocrx_word' id='word_1_18' title='bbox 1862 563 2046 629; x_wconf 86' lang='lat' dir='ltr'>Rosc.</span> <span class='ocrx_word' id='word_1_19' title='bbox 2097 561 2278 631; x_wconf 89' lang='lat' dir='ltr'>Com.</span> <span class='ocrx_word' id='word_1_20' title='bbox 2333 565 2397 630; x_wconf 90' lang='grc'>8.</span> <span class='ocrx_word' id='word_1_21' title='bbox 2449 562 2562 649; x_wconf 87' lang='grc'>24,</span> 
     </span>
     <span class='ocr_line' id='line_1_4' title="bbox 221 663 2558 755; baseline 0.004 -28"><span class='ocrx_word' id='word_1_22' title='bbox 221 663 316 727; x_wconf 91' lang='lat' dir='ltr'>ubi</span> <span class='ocrx_word' id='word_1_23' title='bbox 372 664 658 731; x_wconf 85' lang='lat' dir='ltr'>dicuntur</span> <span class='ocrx_word' id='word_1_24' title='bbox 724 667 900 755; x_wconf 90' lang='lat' dir='ltr'>leges</span> <span class='ocrx_word' id='word_1_25' title='bbox 959 689 1286 755; x_wconf 76' lang='lat' dir='ltr'>expressae</span> <span class='ocrx_word' id='word_1_26' title='bbox 1345 690 1479 736; x_wconf 90' lang='lat' dir='ltr'>esse</span> <span class='ocrx_word' id='word_1_27' title='bbox 1539 690 1618 735; x_wconf 85' lang='lat' dir='ltr'>ex</span> <span class='ocrx_word' id='word_1_28' title='bbox 1678 672 1872 735; x_wconf 88' lang='lat' dir='ltr'>unius</span> <span class='ocrx_word' id='word_1_29' title='bbox 1932 672 2240 755; x_wconf 87' lang='lat' dir='ltr'>cuiusque</span> <span class='ocrx_word' id='word_1_30' title='bbox 2288 670 2523 736; x_wconf 89' lang='lat' dir='ltr'>damno</span> <span class='ocrx_word' id='word_1_31' title='bbox 2540 719 2558 749; x_wconf 89' lang='lat'>,</span> 
     </span>
     <span class='ocr_line' id='line_1_5' title="bbox 224 769 2564 862; baseline 0.004 -31"><span class='ocrx_word' id='word_1_32' title='bbox 224 769 260 831; x_wconf 86' lang='lat' dir='ltr'>i.</span> <span class='ocrx_word' id='word_1_33' title='bbox 299 789 344 832; x_wconf 90' lang='lat' dir='ltr'>e.</span> <span class='ocrx_word' id='word_1_34' title='bbox 386 773 885 839; x_wconf 74' lang='lat' dir='ltr'>accommodatae</span> <span class='ocrx_word' id='word_1_35' title='bbox 924 774 1187 860; x_wconf 82' lang='lat' dir='ltr'>(verbis)</span> <span class='ocrx_word' id='word_1_36' title='bbox 1236 774 1316 840; x_wconf 90' lang='lat' dir='ltr'>ad</span> <span class='ocrx_word' id='word_1_37' title='bbox 1362 776 1596 841; x_wconf 90' lang='lat' dir='ltr'>damna</span> <span class='ocrx_word' id='word_1_38' title='bbox 1642 773 1958 862; x_wconf 86' lang='lat' dir='ltr'>vulgaria.</span> <span class='ocrx_word' id='word_1_39' title='bbox 2005 773 2190 841; x_wconf 83' lang='lat' dir='ltr'>&#39;I&#39;alia</span> <span class='ocrx_word' id='word_1_40' title='bbox 2235 772 2400 841; x_wconf 87' lang='lat' dir='ltr'>fiunt</span> <span class='ocrx_word' id='word_1_41' title='bbox 2449 776 2564 842; x_wconf 89' lang='lat' dir='ltr'>nbi</span> 
     </span>
     <span class='ocr_line' id='line_1_6' title="bbox 225 875 2564 965; baseline 0.003 -26"><span class='ocrx_word' id='word_1_42' title='bbox 225 892 357 959; x_wconf 84' lang='lat' dir='ltr'>aqua</span> <span class='ocrx_word' id='word_1_43' title='bbox 408 875 633 943; x_wconf 88' lang='lat' dir='ltr'>haeret.</span> <span class='ocrx_word' id='word_1_44' title='bbox 729 876 1057 945; x_wconf 78' lang='lat' dir='ltr'>Sententia</span> <span class='ocrx_word' id='word_1_45' title='bbox 1118 901 1280 965; x_wconf 90' lang='lat' dir='ltr'>quae</span> <span class='ocrx_word' id='word_1_46' title='bbox 1338 901 1472 947; x_wconf 89' lang='lat' dir='ltr'>esse</span> <span class='ocrx_word' id='word_1_47' title='bbox 1533 881 1762 947; x_wconf 89' lang='lat' dir='ltr'>debeat</span> <span class='ocrx_word' id='word_1_48' title='bbox 1779 929 1797 964; x_wconf 86' lang='lat'>,</span> <span class='ocrx_word' id='word_1_49' title='bbox 1861 881 2186 965; x_wconf 77' lang='lat' dir='ltr'>superiora</span> <span class='ocrx_word' id='word_1_50' title='bbox 2252 881 2410 947; x_wconf 87' lang='lat' dir='ltr'>satis</span> <span class='ocrx_word' id='word_1_51' title='bbox 2458 881 2564 946; x_wconf 90' lang='lat' dir='ltr'>de-</span> 
     </span>
     <span class='ocr_line' id='line_1_7' title="bbox 226 978 2565 1071; baseline 0.003 -26"><span class='ocrx_word' id='word_1_52' title='bbox 226 978 456 1047; x_wconf 83' lang='lat' dir='ltr'>clarant:</span> <span class='ocrx_word' id='word_1_53' title='bbox 527 984 782 1061; x_wconf 77' lang='lat' dir='ltr'>„verbis</span> <span class='ocrx_word' id='word_1_54' title='bbox 841 988 1331 1071; x_wconf 86' lang='lat' dir='ltr'>controversias,</span> <span class='ocrx_word' id='word_1_55' title='bbox 1394 1007 1519 1053; x_wconf 90' lang='lat' dir='ltr'>non</span> <span class='ocrx_word' id='word_1_56' title='bbox 1563 989 1886 1071; x_wconf 87' lang='lat' dir='ltr'>aequitate</span> <span class='ocrx_word' id='word_1_57' title='bbox 1932 985 2307 1052; x_wconf 84' lang='lat' dir='ltr'>diiudicas.&#39;&#39;</span> <span class='ocrx_word' id='word_1_58' title='bbox 2399 986 2565 1053; x_wconf 86' lang='lat' dir='ltr'>Scri·</span> 
     </span>
     <span class='ocr_line' id='line_1_8' title="bbox 225 1084 2676 1177; baseline 0.004 -27"><span class='ocrx_word' id='word_1_59' title='bbox 225 1084 462 1151; x_wconf 86' lang='lat' dir='ltr'>bendum</span> <span class='ocrx_word' id='word_1_60' title='bbox 523 1095 682 1174; x_wconf 88' lang='lat' dir='ltr'>puto</span> <span class='ocrx_word' id='word_1_61' title='bbox 741 1092 1019 1173; x_wconf 64' lang='lat' dir='ltr'>expendia</span> <span class='ocrx_word' id='word_1_62' title='bbox 1071 1091 1241 1176; x_wconf 89' lang='lat' dir='ltr'>quod</span> <span class='ocrx_word' id='word_1_63' title='bbox 1300 1114 1449 1158; x_wconf 91' lang='lat' dir='ltr'>cum</span> <span class='ocrx_word' id='word_1_64' title='bbox 1510 1091 1792 1159; x_wconf 84' lang='lat' dir='ltr'>ablativo</span> <span class='ocrx_word' id='word_1_65' title='bbox 1853 1092 2241 1158; x_wconf 76' lang='lat' dir='ltr'>construitur</span> <span class='ocrx_word' id='word_1_66' title='bbox 2301 1098 2376 1158; x_wconf 90' lang='lat' dir='ltr'>ut</span> <span class='ocrx_word' id='word_1_67' title='bbox 2407 1115 2561 1177; x_wconf 79' lang='lat' dir='ltr'>pon·</span> <span class='ocrx_word' id='word_1_68' title='bbox 2658 1106 2676 1121; x_wconf 64' lang='lat'>”</span> 
     </span>
     <span class='ocr_line' id='line_1_9' title="bbox 223 1190 2561 1285; baseline 0.004 -31"><span class='ocrx_word' id='word_1_69' title='bbox 223 1190 416 1257; x_wconf 76' lang='lat' dir='ltr'>deror-e.</span> <span class='ocrx_word' id='word_1_70' title='bbox 475 1191 652 1260; x_wconf 84' lang='lat' dir='ltr'>Verr.</span> <span class='ocrx_word' id='word_1_71' title='bbox 719 1194 769 1259; x_wconf 89' lang='grc' dir='ltr'>Ι.</span> <span class='ocrx_word' id='word_1_72' title='bbox 839 1194 942 1274; x_wconf 88' lang='lat'>16,</span> <span class='ocrx_word' id='word_1_73' title='bbox 1003 1196 1129 1262; x_wconf 82' lang='lat'>42:</span> <span class='ocrx_word' id='word_1_74' title='bbox 1192 1218 1406 1263; x_wconf 90' lang='lat' dir='ltr'>rerum</span> <span class='ocrx_word' id='word_1_75' title='bbox 1468 1201 1753 1283; x_wconf 87' lang='lat' dir='ltr'>ipsarum</span> <span class='ocrx_word' id='word_1_76' title='bbox 1799 1197 2248 1285; x_wconf 81' lang='lat' dir='ltr'>magnitudine</span> <span class='ocrx_word' id='word_1_77' title='bbox 2295 1200 2561 1264; x_wconf 88' lang='lat' dir='ltr'>crimina</span> 
     </span>
     <span class='ocr_line' id='line_1_10' title="bbox 222 1297 2564 1389; baseline 0.003 -28"><span class='ocrx_word' id='word_1_78' title='bbox 222 1297 543 1380; x_wconf 87' lang='lat' dir='ltr'>ponderare.</span> <span class='ocrx_word' id='word_1_79' title='bbox 637 1299 860 1367; x_wconf 80' lang='lat' dir='ltr'>Tusce.</span> <span class='ocrx_word' id='word_1_80' title='bbox 921 1299 996 1366; x_wconf 83' lang='lat' dir='ltr'>V.</span> <span class='ocrx_word' id='word_1_81' title='bbox 1049 1301 1157 1387; x_wconf 87' lang='lat'>41,</span> <span class='ocrx_word' id='word_1_82' title='bbox 1210 1301 1371 1369; x_wconf 82' lang='lat'>120:</span> <span class='ocrx_word' id='word_1_83' title='bbox 1436 1323 1585 1369; x_wconf 92' lang='lat' dir='ltr'>cum</span> <span class='ocrx_word' id='word_1_84' title='bbox 1631 1323 1705 1369; x_wconf 89' lang='lat' dir='ltr'>ea</span> <span class='ocrx_word' id='word_1_85' title='bbox 1752 1323 1855 1387; x_wconf 88' lang='lat' dir='ltr'>re,</span> <span class='ocrx_word' id='word_1_86' title='bbox 1901 1322 2027 1368; x_wconf 91' lang='lat' dir='ltr'>non</span> <span class='ocrx_word' id='word_1_87' title='bbox 2075 1302 2286 1369; x_wconf 80' lang='lat' dir='ltr'>verbis</span> <span class='ocrx_word' id='word_1_88' title='bbox 2328 1303 2564 1389; x_wconf 88' lang='lat' dir='ltr'>ponde·</span> 
     </span>
     <span class='ocr_line' id='line_1_11' title="bbox 218 1405 2568 1494; baseline 0.002 -24"><span class='ocrx_word' id='word_1_89' title='bbox 218 1412 488 1471; x_wconf 83' lang='lat' dir='ltr'>rarentur.</span> <span class='ocrx_word' id='word_1_90' title='bbox 582 1405 756 1473; x_wconf 75' lang='lat' dir='ltr'>Iusta</span> <span class='ocrx_word' id='word_1_91' title='bbox 814 1409 851 1492; x_wconf 67' lang='grc' dir='ltr'><strong>ξ</strong></span> <span class='ocrx_word' id='word_1_92' title='bbox 898 1405 1022 1472; x_wconf 83' lang='grc' dir='ltr'>6ος</span> <span class='ocrx_word' id='word_1_93' title='bbox 1089 1411 1145 1473; x_wconf 84' lang='lat' dir='ltr'>si</span> <span class='ocrx_word' id='word_1_94' title='bbox 1189 1428 1415 1475; x_wconf 87' lang='lat' dir='ltr'>causae</span> <span class='ocrx_word' id='word_1_95' title='bbox 1459 1428 1585 1474; x_wconf 90' lang='lat' dir='ltr'>non</span> <span class='ocrx_word' id='word_1_96' title='bbox 1632 1410 1876 1474; x_wconf 87' lang='lat' dir='ltr'>ratione</span> <span class='ocrx_word' id='word_1_97' title='bbox 1921 1408 2032 1473; x_wconf 87' lang='lat' dir='ltr'>sed</span> <span class='ocrx_word' id='word_1_98' title='bbox 2079 1409 2290 1474; x_wconf 86' lang='lat' dir='ltr'>verbis</span> <span class='ocrx_word' id='word_1_99' title='bbox 2339 1410 2568 1494; x_wconf 89' lang='lat' dir='ltr'>ponde-</span> 
     </span>
     <span class='ocr_line' id='line_1_12' title="bbox 217 1512 2568 1598; baseline 0.003 -24"><span class='ocrx_word' id='word_1_100' title='bbox 217 1518 426 1576; x_wconf 84' lang='lat' dir='ltr'>rantur.</span> <span class='ocrx_word' id='word_1_101' title='bbox 480 1549 561 1561; x_wconf 91' lang='lat'><strong>—</strong></span> <span class='ocrx_word' id='word_1_102' title='bbox 608 1512 802 1578; x_wconf 90' lang='lat' dir='ltr'>Initio</span> <span class='ocrx_word' id='word_1_103' title='bbox 871 1513 1065 1578; x_wconf 89' lang='lat' dir='ltr'>huius</span> <span class='ocrx_word' id='word_1_104' title='bbox 1131 1516 1478 1579; x_wconf 85' lang='lat' dir='ltr'>sententiae</span> <span class='ocrx_word' id='word_1_105' title='bbox 1546 1514 1652 1577; x_wconf 74' lang='lat' dir='ltr'>ain</span> <span class='ocrx_word' id='word_1_106' title='bbox 1723 1521 1791 1578; x_wconf 75' lang='lat' dir='ltr'>tu</span> <span class='ocrx_word' id='word_1_107' title='bbox 1855 1533 1970 1598; x_wconf 92' lang='lat' dir='ltr'>pro</span> <span class='ocrx_word' id='word_1_108' title='bbox 2038 1535 2120 1577; x_wconf 77' lang='lat' dir='ltr'>an</span> <span class='ocrx_word' id='word_1_109' title='bbox 2188 1520 2257 1578; x_wconf 70' lang='lat' dir='ltr'>tu</span> <span class='ocrx_word' id='word_1_110' title='bbox 2326 1517 2568 1598; x_wconf 90' lang='lat' dir='ltr'>optima</span> 
     </span>
     <span class='ocr_line' id='line_1_13' title="bbox 217 1616 2566 1704; baseline 0.003 -23"><span class='ocrx_word' id='word_1_111' title='bbox 217 1617 544 1684; x_wconf 82' lang='lat' dir='ltr'>emendatio</span> <span class='ocrx_word' id='word_1_112' title='bbox 602 1623 702 1684; x_wconf 90' lang='lat' dir='ltr'>est</span> <span class='ocrx_word' id='word_1_113' title='bbox 760 1616 953 1684; x_wconf 85' lang='lat' dir='ltr'>Bakii</span> <span class='ocrx_word' id='word_1_114' title='bbox 999 1616 1172 1683; x_wconf 88' lang='lat' dir='ltr'>Bibl.</span> <span class='ocrx_word' id='word_1_115' title='bbox 1226 1617 1386 1685; x_wconf 84' lang='lat' dir='ltr'>Orit.</span> <span class='ocrx_word' id='word_1_116' title='bbox 1434 1620 1600 1686; x_wconf 84' lang='lat' dir='ltr'>Nov.</span> <span class='ocrx_word' id='word_1_117' title='bbox 1649 1617 1744 1683; x_wconf 94' lang='lat' dir='ltr'>III</span> <span class='ocrx_word' id='word_1_118' title='bbox 1791 1639 1857 1703; x_wconf 89' lang='lat' dir='ltr'>p.</span> <span class='ocrx_word' id='word_1_119' title='bbox 1906 1617 2017 1704; x_wconf 87' lang='lat'>79,</span> <span class='ocrx_word' id='word_1_120' title='bbox 2063 1618 2146 1684; x_wconf 85' lang='lat' dir='ltr'>cf.</span> <span class='ocrx_word' id='word_1_121' title='bbox 2192 1618 2371 1703; x_wconf 83' lang='lat' dir='ltr'>Rau,</span> <span class='ocrx_word' id='word_1_122' title='bbox 2419 1617 2566 1687; x_wconf 85' lang='lat' dir='ltr'>Var.</span> 
     </span>
     <span class='ocr_line' id='line_1_14' title="bbox 216 1720 2565 1811; baseline 0.002 -23"><span class='ocrx_word' id='word_1_123' title='bbox 216 1720 364 1788; x_wconf 85' lang='lat' dir='ltr'>Lect.</span> <span class='ocrx_word' id='word_1_124' title='bbox 409 1723 438 1788; x_wconf 93' lang='lat'>1</span> <span class='ocrx_word' id='word_1_125' title='bbox 480 1745 543 1811; x_wconf 91' lang='lat' dir='ltr'>p.</span> <span class='ocrx_word' id='word_1_126' title='bbox 595 1721 703 1791; x_wconf 79' lang='lat'>¹70.</span> <span class='ocrx_word' id='word_1_127' title='bbox 749 1723 948 1789; x_wconf 82' lang='lat' dir='ltr'>Miror</span> <span class='ocrx_word' id='word_1_128' title='bbox 994 1722 1251 1790; x_wconf 86' lang='lat' dir='ltr'>Kellero</span> <span class='ocrx_word' id='word_1_129' title='bbox 1290 1729 1355 1790; x_wconf 89' lang='lat' dir='ltr'>et</span> <span class='ocrx_word' id='word_1_130' title='bbox 1392 1723 1432 1790; x_wconf 89' lang='lat' dir='ltr'><strong>J</strong></span> <span class='ocrx_word' id='word_1_131' title='bbox 1434 1725 1670 1791; x_wconf 87' lang='lat' dir='ltr'>ordano</span> <span class='ocrx_word' id='word_1_132' title='bbox 1706 1723 1870 1789; x_wconf 89' lang='lat' dir='ltr'>hano</span> <span class='ocrx_word' id='word_1_133' title='bbox 1910 1723 2241 1809; x_wconf 86' lang='lat' dir='ltr'>displicere</span> <span class='ocrx_word' id='word_1_134' title='bbox 2264 1727 2565 1809; x_wconf 86' lang='lat' dir='ltr'>potuisse.</span> 
     </span>
    </p>
   </div>
   <div class='ocr_carea' id='block_1_3' title="bbox 207 1933 2588 4138">
    <p class='ocr_par' dir='ltr' id='par_1_3' title="bbox 207 1933 2588 3922">
     <span class='ocr_line' id='line_1_15' title="bbox 292 1933 2570 2021; baseline 0.001 -22"><span class='ocrx_word' id='word_1_135' title='bbox 292 1935 390 2001; x_wconf 84' lang='lat'>55.</span> <span class='ocrx_word' id='word_1_136' title='bbox 455 1933 527 2001; x_wconf 81' lang='lat' dir='ltr'>Si</span> <span class='ocrx_word' id='word_1_137' title='bbox 596 1936 757 2002; x_wconf 80' lang='lat' dir='ltr'>velit</span> <span class='ocrx_word' id='word_1_138' title='bbox 827 1939 970 2021; x_wconf 87' lang='lat' dir='ltr'>quis</span> <span class='ocrx_word' id='word_1_139' title='bbox 1029 1938 1099 2001; x_wconf 92' lang='lat' dir='ltr'>in</span> <span class='ocrx_word' id='word_1_140' title='bbox 1157 1935 1368 2001; x_wconf 82' lang='lat' dir='ltr'>verbis</span> <span class='ocrx_word' id='word_1_141' title='bbox 1428 1934 1686 2001; x_wconf 89' lang='lat' dir='ltr'>haerere</span> <span class='ocrx_word' id='word_1_142' title='bbox 1711 1984 1727 2012; x_wconf 93' lang='lat'>,</span> <span class='ocrx_word' id='word_1_143' title='bbox 1793 1934 2123 2001; x_wconf 84' lang='lat' dir='ltr'>defendere</span> <span class='ocrx_word' id='word_1_144' title='bbox 2172 1938 2410 2020; x_wconf 87' lang='lat' dir='ltr'>poterit</span> <span class='ocrx_word' id='word_1_145' title='bbox 2429 1983 2446 2006; x_wconf 84' lang='lat'><strong>.</strong></span> <span class='ocrx_word' id='word_1_146' title='bbox 2502 1955 2570 2001; x_wconf 90' lang='lat' dir='ltr'>se</span> 
     </span>
     <span class='ocr_line' id='line_1_16' title="bbox 217 2041 2571 2127; baseline 0.002 -23"><span class='ocrx_word' id='word_1_147' title='bbox 217 2060 342 2105; x_wconf 89' lang='lat' dir='ltr'>cum</span> <span class='ocrx_word' id='word_1_148' title='bbox 404 2062 657 2107; x_wconf 84' lang='lat' dir='ltr'>servum</span> <span class='ocrx_word' id='word_1_149' title='bbox 726 2062 931 2107; x_wconf 89' lang='lat' dir='ltr'>unum</span> <span class='ocrx_word' id='word_1_150' title='bbox 991 2041 1222 2108; x_wconf 89' lang='lat' dir='ltr'>habeat</span> <span class='ocrx_word' id='word_1_151' title='bbox 1238 2087 1256 2118; x_wconf 93' lang='lat'>,</span> <span class='ocrx_word' id='word_1_152' title='bbox 1324 2060 1449 2106; x_wconf 89' lang='lat' dir='ltr'>non</span> <span class='ocrx_word' id='word_1_153' title='bbox 1510 2043 1714 2107; x_wconf 87' lang='lat' dir='ltr'>teneri</span> <span class='ocrx_word' id='word_1_154' title='bbox 1775 2041 2148 2116; x_wconf 88' lang='lat' dir='ltr'>interdicto,</span> <span class='ocrx_word' id='word_1_155' title='bbox 2207 2043 2276 2107; x_wconf 88' lang='lat' dir='ltr'>in</span> <span class='ocrx_word' id='word_1_156' title='bbox 2323 2061 2446 2127; x_wconf 89' lang='lat' dir='ltr'>quo</span> <span class='ocrx_word' id='word_1_157' title='bbox 2492 2042 2571 2108; x_wconf 91' lang='lat' dir='ltr'>de</span> 
     </span>
     <span class='ocr_line' id='line_1_17' title="bbox 207 2147 2570 2233; baseline 0.001 -22"><span class='ocrx_word' id='word_1_158' title='bbox 207 2147 433 2232; x_wconf 66' lang='lat' dir='ltr'>familia</span> <span class='ocrx_word' id='word_1_159' title='bbox 484 2167 694 2214; x_wconf 90' lang='lat' dir='ltr'>sermo</span> <span class='ocrx_word' id='word_1_160' title='bbox 751 2150 854 2213; x_wconf 88' lang='lat' dir='ltr'>sit.</span> <span class='ocrx_word' id='word_1_161' title='bbox 955 2147 1218 2233; x_wconf 76' lang='lat' dir='ltr'>„Neque</span> <span class='ocrx_word' id='word_1_162' title='bbox 1277 2149 1448 2213; x_wconf 89' lang='lat' dir='ltr'>enim</span> <span class='ocrx_word' id='word_1_163' title='bbox 1496 2147 1769 2213; x_wconf 88' lang='lat' dir='ltr'>dubium</span> <span class='ocrx_word' id='word_1_164' title='bbox 1819 2152 1916 2213; x_wconf 90' lang='lat' dir='ltr'>est</span> <span class='ocrx_word' id='word_1_165' title='bbox 1934 2196 1953 2230; x_wconf 91' lang='lat'>,</span> <span class='ocrx_word' id='word_1_166' title='bbox 2001 2150 2156 2233; x_wconf 86' lang='lat' dir='ltr'>quin</span> <span class='ocrx_word' id='word_1_167' title='bbox 2203 2148 2258 2213; x_wconf 89' lang='lat' dir='ltr'>si</span> <span class='ocrx_word' id='word_1_168' title='bbox 2306 2149 2385 2214; x_wconf 88' lang='lat' dir='ltr'>ad</span> <span class='ocrx_word' id='word_1_169' title='bbox 2432 2168 2570 2214; x_wconf 90' lang='lat' dir='ltr'>rem</span> 
     </span>
     <span class='ocr_line' id='line_1_18' title="bbox 215 2252 2569 2341; baseline 0.002 -26"><span class='ocrx_word' id='word_1_170' title='bbox 215 2252 595 2319; x_wconf 84' lang='lat' dir='ltr'>iudicandam</span> <span class='ocrx_word' id='word_1_171' title='bbox 665 2254 861 2320; x_wconf 83' lang='lat' dir='ltr'>verbo</span> <span class='ocrx_word' id='word_1_172' title='bbox 929 2254 1263 2330; x_wconf 88' lang='lat' dir='ltr'>ducimur,</span> <span class='ocrx_word' id='word_1_173' title='bbox 1333 2272 1458 2319; x_wconf 90' lang='lat' dir='ltr'>non</span> <span class='ocrx_word' id='word_1_174' title='bbox 1525 2273 1628 2331; x_wconf 91' lang='lat' dir='ltr'>re,</span> <span class='ocrx_word' id='word_1_175' title='bbox 1692 2252 2011 2318; x_wconf 87' lang='lat' dir='ltr'>familiam</span> <span class='ocrx_word' id='word_1_176' title='bbox 2077 2252 2533 2341; x_wconf 80' lang='lat' dir='ltr'>intellegamus</span> <span class='ocrx_word' id='word_1_177' title='bbox 2552 2303 2569 2330; x_wconf 91' lang='lat'><strong>‚</strong></span> 
     </span>
     <span class='ocr_line' id='line_1_19' title="bbox 215 2357 2570 2444; baseline 0 -20"><span class='ocrx_word' id='word_1_178' title='bbox 215 2379 353 2443; x_wconf 83' lang='lat' dir='ltr'>quae</span> <span class='ocrx_word' id='word_1_179' title='bbox 411 2366 656 2426; x_wconf 87' lang='lat' dir='ltr'>constet</span> <span class='ocrx_word' id='word_1_180' title='bbox 714 2380 792 2425; x_wconf 85' lang='lat' dir='ltr'>ex</span> <span class='ocrx_word' id='word_1_181' title='bbox 852 2361 1052 2425; x_wconf 84' lang='lat' dir='ltr'>servis</span> <span class='ocrx_word' id='word_1_182' title='bbox 1116 2357 1410 2444; x_wconf 86' lang='lat' dir='ltr'>pluribus</span> <span class='ocrx_word' id='word_1_183' title='bbox 1430 2406 1446 2434; x_wconf 92' lang='lat'>,</span> <span class='ocrx_word' id='word_1_184' title='bbox 1493 2361 1649 2443; x_wconf 87' lang='lat' dir='ltr'>quin</span> <span class='ocrx_word' id='word_1_185' title='bbox 1697 2379 1863 2424; x_wconf 89' lang='lat' dir='ltr'>unus</span> <span class='ocrx_word' id='word_1_186' title='bbox 1908 2359 2100 2424; x_wconf 91' lang='lat' dir='ltr'>homo</span> <span class='ocrx_word' id='word_1_187' title='bbox 2146 2359 2398 2425; x_wconf 88' lang='lat' dir='ltr'>familia</span> <span class='ocrx_word' id='word_1_188' title='bbox 2443 2379 2570 2429; x_wconf 90' lang='lat' dir='ltr'>non</span> 
     </span>
     <span class='ocr_line' id='line_1_20' title="bbox 217 2462 2573 2552; baseline 0 -23"><span class='ocrx_word' id='word_1_189' title='bbox 217 2464 338 2530; x_wconf 59' lang='lat' dir='ltr'>sitss&#39;</span> <span class='ocrx_word' id='word_1_190' title='bbox 423 2466 873 2532; x_wconf 86' lang='lat' dir='ltr'>Ratiocinatur</span> <span class='ocrx_word' id='word_1_191' title='bbox 932 2466 1058 2530; x_wconf 87' lang='lat' dir='ltr'>sic:</span> <span class='ocrx_word' id='word_1_192' title='bbox 1110 2466 1167 2529; x_wconf 92' lang='lat' dir='ltr'>si</span> <span class='ocrx_word' id='word_1_193' title='bbox 1211 2462 1530 2530; x_wconf 85' lang='lat' dir='ltr'>familiam</span> <span class='ocrx_word' id='word_1_194' title='bbox 1578 2463 2035 2552; x_wconf 80' lang='lat' dir='ltr'>intellegamus</span> <span class='ocrx_word' id='word_1_195' title='bbox 2053 2513 2071 2550; x_wconf 90' lang='lat'>‚</span> <span class='ocrx_word' id='word_1_196' title='bbox 2121 2485 2282 2550; x_wconf 91' lang='lat' dir='ltr'>quae</span> <span class='ocrx_word' id='word_1_197' title='bbox 2327 2471 2573 2531; x_wconf 86' lang='lat' dir='ltr'>constat</span> 
     </span>
     <span class='ocr_line' id='line_1_21' title="bbox 218 2569 2577 2657; baseline 0.001 -22"><span class='ocrx_word' id='word_1_198' title='bbox 218 2590 283 2635; x_wconf 81' lang='lat' dir='ltr'>ex</span> <span class='ocrx_word' id='word_1_199' title='bbox 343 2575 539 2639; x_wconf 83' lang='lat' dir='ltr'>servis</span> <span class='ocrx_word' id='word_1_200' title='bbox 614 2571 940 2657; x_wconf 90' lang='lat' dir='ltr'>pluribus,</span> <span class='ocrx_word' id='word_1_201' title='bbox 1016 2590 1183 2634; x_wconf 90' lang='lat' dir='ltr'>unus</span> <span class='ocrx_word' id='word_1_202' title='bbox 1256 2570 1449 2636; x_wconf 91' lang='lat' dir='ltr'>homo</span> <span class='ocrx_word' id='word_1_203' title='bbox 1524 2569 1776 2636; x_wconf 86' lang='lat' dir='ltr'>familia</span> <span class='ocrx_word' id='word_1_204' title='bbox 1837 2591 1962 2637; x_wconf 90' lang='lat' dir='ltr'>non</span> <span class='ocrx_word' id='word_1_205' title='bbox 2026 2577 2143 2637; x_wconf 89' lang='lat' dir='ltr'>est.</span> <span class='ocrx_word' id='word_1_206' title='bbox 2241 2571 2577 2638; x_wconf 87' lang='lat' dir='ltr'>Postrema</span> 
     </span>
     <span class='ocr_line' id='line_1_22' title="bbox 218 2673 2575 2764; baseline 0.001 -23"><span class='ocrx_word' id='word_1_207' title='bbox 218 2673 313 2741; x_wconf 88' lang='lat' dir='ltr'>illa</span> <span class='ocrx_word' id='word_1_208' title='bbox 375 2679 519 2764; x_wconf 75' lang='lat' dir='ltr'>quin</span> <span class='ocrx_word' id='word_1_209' title='bbox 566 2714 653 2727; x_wconf 90' lang='lat'><em>-</em></span> <span class='ocrx_word' id='word_1_210' title='bbox 701 2683 783 2742; x_wconf 70' lang='lat' dir='ltr'>sit</span> <span class='ocrx_word' id='word_1_211' title='bbox 840 2697 964 2743; x_wconf 89' lang='lat' dir='ltr'>non</span> <span class='ocrx_word' id='word_1_212' title='bbox 1023 2685 1173 2741; x_wconf 88' lang='lat' dir='ltr'>sunt</span> <span class='ocrx_word' id='word_1_213' title='bbox 1234 2697 1312 2742; x_wconf 84' lang='lat' dir='ltr'>ex</span> <span class='ocrx_word' id='word_1_214' title='bbox 1375 2676 1728 2741; x_wconf 86' lang='lat' dir='ltr'>abundanti</span> <span class='ocrx_word' id='word_1_215' title='bbox 1774 2680 1982 2762; x_wconf 86' lang='lat' dir='ltr'>posita</span> <span class='ocrx_word' id='word_1_216' title='bbox 2027 2682 2102 2741; x_wconf 85' lang='lat' dir='ltr'>ut</span> <span class='ocrx_word' id='word_1_217' title='bbox 2152 2681 2430 2743; x_wconf 88' lang='lat' dir='ltr'>statuere</span> <span class='ocrx_word' id='word_1_218' title='bbox 2476 2679 2575 2744; x_wconf 84' lang='lat' dir='ltr'>vi·</span> 
     </span>
     <span class='ocr_line' id='line_1_23' title="bbox 220 2780 2575 2868; baseline 0.001 -23"><span class='ocrx_word' id='word_1_219' title='bbox 220 2781 420 2848; x_wconf 88' lang='lat' dir='ltr'>dentur</span> <span class='ocrx_word' id='word_1_220' title='bbox 485 2782 723 2849; x_wconf 86' lang='lat' dir='ltr'>Jordan</span> <span class='ocrx_word' id='word_1_221' title='bbox 785 2788 851 2847; x_wconf 89' lang='lat' dir='ltr'>et</span> <span class='ocrx_word' id='word_1_222' title='bbox 895 2780 1120 2857; x_wconf 86' lang='lat' dir='ltr'>Halm,</span> <span class='ocrx_word' id='word_1_223' title='bbox 1173 2781 1520 2846; x_wconf 88' lang='lat' dir='ltr'>semicolon</span> <span class='ocrx_word' id='word_1_224' title='bbox 1568 2787 1714 2867; x_wconf 91' lang='lat' dir='ltr'>post</span> <span class='ocrx_word' id='word_1_225' title='bbox 1749 2782 2031 2865; x_wconf 63' lang='lat' dir='ltr'>pluribus</span> <span class='ocrx_word' id='word_1_226' title='bbox 2075 2788 2379 2868; x_wconf 86' lang='lat' dir='ltr'>ponentes</span> <span class='ocrx_word' id='word_1_227' title='bbox 2396 2831 2414 2866; x_wconf 89' lang='lat'>‚</span> <span class='ocrx_word' id='word_1_228' title='bbox 2463 2781 2575 2847; x_wconf 87' lang='lat' dir='ltr'>sed</span> 
     </span>
     <span class='ocr_line' id='line_1_24' title="bbox 218 2886 2576 2974; baseline 0.001 -23"><span class='ocrx_word' id='word_1_229' title='bbox 218 2891 602 2954; x_wconf 86' lang='lat' dir='ltr'>necessariam</span> <span class='ocrx_word' id='word_1_230' title='bbox 684 2894 933 2974; x_wconf 90' lang='lat' dir='ltr'>partem</span> <span class='ocrx_word' id='word_1_231' title='bbox 1002 2886 1284 2953; x_wconf 85' lang='lat' dir='ltr'>efficiunt</span> <span class='ocrx_word' id='word_1_232' title='bbox 1352 2886 1909 2954; x_wconf 86' lang='lat' dir='ltr'>demonstrationis</span> <span class='ocrx_word' id='word_1_233' title='bbox 1975 2888 2204 2954; x_wconf 80' lang='lat' dir='ltr'>huius:</span> <span class='ocrx_word' id='word_1_234' title='bbox 2280 2890 2389 2966; x_wconf 80' lang='lat' dir='ltr'>„in</span> <span class='ocrx_word' id='word_1_235' title='bbox 2458 2910 2576 2953; x_wconf 70' lang='lat' dir='ltr'>uno</span> 
     </span>
     <span class='ocr_line' id='line_1_25' title="bbox 218 2992 2575 3081; baseline -0.001 -21"><span class='ocrx_word' id='word_1_236' title='bbox 218 2994 435 3061; x_wconf 82' lang='lat' dir='ltr'>servolo</span> <span class='ocrx_word' id='word_1_237' title='bbox 485 2995 776 3081; x_wconf 75' lang='lat' dir='ltr'>familiae</span> <span class='ocrx_word' id='word_1_238' title='bbox 830 3014 1064 3060; x_wconf 91' lang='lat' dir='ltr'>nomen</span> <span class='ocrx_word' id='word_1_239' title='bbox 1119 3013 1244 3058; x_wconf 90' lang='lat' dir='ltr'>non</span> <span class='ocrx_word' id='word_1_240' title='bbox 1297 2992 1576 3058; x_wconf 82' lang='lat' dir='ltr'>valere.”</span> <span class='ocrx_word' id='word_1_241' title='bbox 1671 2992 2033 3059; x_wconf 90' lang='lat' dir='ltr'>Delendum</span> <span class='ocrx_word' id='word_1_242' title='bbox 2080 2993 2358 3060; x_wconf 87' lang='lat' dir='ltr'>alterum</span> <span class='ocrx_word' id='word_1_243' title='bbox 2407 2994 2575 3079; x_wconf 75' lang='lat' dir='ltr'>quin.</span> 
     </span>
     <span class='ocr_line' id='line_1_26' title="bbox 219 3097 2574 3187; baseline 0 -24"><span class='ocrx_word' id='word_1_244' title='bbox 219 3097 493 3166; x_wconf 79' lang='lat' dir='ltr'>Formam</span> <span class='ocrx_word' id='word_1_245' title='bbox 562 3101 1115 3166; x_wconf 84' lang='lat' dir='ltr'>demonstrationis</span> <span class='ocrx_word' id='word_1_246' title='bbox 1175 3100 1397 3164; x_wconf 90' lang='lat' dir='ltr'>omisit</span> <span class='ocrx_word' id='word_1_247' title='bbox 1461 3098 1686 3165; x_wconf 84' lang='lat' dir='ltr'>Cicero</span> <span class='ocrx_word' id='word_1_248' title='bbox 1747 3104 2004 3185; x_wconf 87' lang='lat' dir='ltr'>propter</span> <span class='ocrx_word' id='word_1_249' title='bbox 2069 3101 2574 3187; x_wconf 85' lang='lat' dir='ltr'>oppositionem:</span> 
     </span>
     <span class='ocr_line' id='line_1_27' title="bbox 225 3205 2582 3293; baseline 0 -25"><span class='ocrx_word' id='word_1_250' title='bbox 225 3206 538 3293; x_wconf 50' lang='lat' dir='ltr'>,familiam</span> <span class='ocrx_word' id='word_1_251' title='bbox 608 3205 1064 3293; x_wconf 88' lang='lat' dir='ltr'>intellegamus</span> <span class='ocrx_word' id='word_1_252' title='bbox 1126 3225 1287 3290; x_wconf 89' lang='lat' dir='ltr'>quae</span> <span class='ocrx_word' id='word_1_253' title='bbox 1347 3209 1594 3270; x_wconf 88' lang='lat' dir='ltr'>constat</span> <span class='ocrx_word' id='word_1_254' title='bbox 1654 3225 1733 3270; x_wconf 87' lang='lat' dir='ltr'>ex</span> <span class='ocrx_word' id='word_1_255' title='bbox 1794 3205 1992 3270; x_wconf 83' lang='lat' dir='ltr'>servis</span> <span class='ocrx_word' id='word_1_256' title='bbox 2055 3205 2339 3287; x_wconf 52' lang='lat' dir='ltr'>pluribus</span> <span class='ocrx_word' id='word_1_257' title='bbox 2357 3254 2377 3290; x_wconf 86' lang='lat'>,</span> <span class='ocrx_word' id='word_1_258' title='bbox 2423 3227 2582 3269; x_wconf 65' lang='lat' dir='ltr'>aaut</span> 
     </span>
     <span class='ocr_line' id='line_1_28' title="bbox 219 3307 2578 3396; baseline 0.001 -24"><span class='ocrx_word' id='word_1_259' title='bbox 219 3308 387 3377; x_wconf 90' lang='lat' dir='ltr'>homo</span> <span class='ocrx_word' id='word_1_260' title='bbox 432 3309 682 3376; x_wconf 89' lang='lat' dir='ltr'>familia</span> <span class='ocrx_word' id='word_1_261' title='bbox 726 3331 851 3377; x_wconf 90' lang='lat' dir='ltr'>non</span> <span class='ocrx_word' id='word_1_262' title='bbox 897 3310 1051 3376; x_wconf 69' lang='lat' dir='ltr'>sit-’⁹</span> <span class='ocrx_word' id='word_1_263' title='bbox 1105 3307 1154 3396; x_wconf 87' lang='lat'>¹)</span> <span class='ocrx_word' id='word_1_264' title='bbox 1204 3347 1285 3359; x_wconf 91' lang='lat'><strong>—</strong></span> <span class='ocrx_word' id='word_1_265' title='bbox 1337 3309 1541 3376; x_wconf 90' lang='lat' dir='ltr'>Paulo</span> <span class='ocrx_word' id='word_1_266' title='bbox 1585 3315 1731 3395; x_wconf 90' lang='lat' dir='ltr'>post</span> <span class='ocrx_word' id='word_1_267' title='bbox 1775 3312 1812 3395; x_wconf 67' lang='grc' dir='ltr'><strong>ξ</strong></span> <span class='ocrx_word' id='word_1_268' title='bbox 1860 3309 1945 3375; x_wconf 85' lang='grc'>56</span> <span class='ocrx_word' id='word_1_269' title='bbox 1995 3311 2107 3395; x_wconf 88' lang='lat' dir='ltr'>qui</span> <span class='ocrx_word' id='word_1_270' title='bbox 2158 3310 2578 3377; x_wconf 85' lang='lat' dir='ltr'>interdictum</span> 
     </span>
     <span class='ocr_line' id='line_1_29' title="bbox 222 3415 2582 3502; baseline 0.001 -23"><span class='ocrx_word' id='word_1_271' title='bbox 222 3423 684 3502; x_wconf 78' lang='lat' dir='ltr'>composuerunt</span> <span class='ocrx_word' id='word_1_272' title='bbox 751 3416 1052 3481; x_wconf 89' lang='lat' dir='ltr'>dicuntur</span> <span class='ocrx_word' id='word_1_273' title='bbox 1121 3415 1199 3480; x_wconf 88' lang='lat' dir='ltr'>de</span> <span class='ocrx_word' id='word_1_274' title='bbox 1265 3415 1475 3481; x_wconf 85' lang='lat' dir='ltr'>verbis</span> <span class='ocrx_word' id='word_1_275' title='bbox 1536 3416 1753 3480; x_wconf 90' lang='lat' dir='ltr'>minus</span> <span class='ocrx_word' id='word_1_276' title='bbox 1811 3415 2071 3481; x_wconf 88' lang='lat' dir='ltr'>solliciti</span> <span class='ocrx_word' id='word_1_277' title='bbox 2128 3416 2325 3482; x_wconf 83' lang='lat' dir='ltr'>fuisse</span> <span class='ocrx_word' id='word_1_278' title='bbox 2389 3437 2582 3494; x_wconf 85' lang='lat' dir='ltr'>„oum</span> 
     </span>
     <span class='ocr_line' id='line_1_30' title="bbox 223 3520 2580 3608; baseline 0.002 -25"><span class='ocrx_word' id='word_1_279' title='bbox 223 3520 328 3584; x_wconf 88' lang='lat' dir='ltr'>sibi</span> <span class='ocrx_word' id='word_1_280' title='bbox 382 3522 501 3589; x_wconf 87' lang='lat' dir='ltr'>hoo</span> <span class='ocrx_word' id='word_1_281' title='bbox 563 3523 1039 3608; x_wconf 85' lang='lat' dir='ltr'>proposuerint,</span> <span class='ocrx_word' id='word_1_282' title='bbox 1086 3528 1162 3585; x_wconf 92' lang='lat' dir='ltr'>ut</span> <span class='ocrx_word' id='word_1_283' title='bbox 1208 3523 1346 3587; x_wconf 85' lang='lat' dir='ltr'>sive</span> <span class='ocrx_word' id='word_1_284' title='bbox 1395 3540 1500 3586; x_wconf 92' lang='lat' dir='ltr'>me</span> <span class='ocrx_word' id='word_1_285' title='bbox 1550 3526 1625 3586; x_wconf 92' lang='lat' dir='ltr'>tu</span> <span class='ocrx_word' id='word_1_286' title='bbox 1673 3520 1973 3587; x_wconf 88' lang='lat' dir='ltr'>deieceris</span> <span class='ocrx_word' id='word_1_287' title='bbox 2023 3522 2091 3607; x_wconf 91' lang='lat' dir='ltr'>[i.</span> <span class='ocrx_word' id='word_1_288' title='bbox 2142 3542 2196 3586; x_wconf 92' lang='lat' dir='ltr'>e.</span> <span class='ocrx_word' id='word_1_289' title='bbox 2245 3538 2417 3587; x_wconf 75' lang='lat' dir='ltr'>mma</span> <span class='ocrx_word' id='word_1_290' title='bbox 2464 3524 2580 3607; x_wconf 70' lang='lat' dir='ltr'>ru]</span> 
     </span>
     <span class='ocr_line' id='line_1_31' title="bbox 223 3626 2584 3713; baseline 0.002 -25"><span class='ocrx_word' id='word_1_291' title='bbox 223 3626 338 3693; x_wconf 83' lang='lat' dir='ltr'>sive</span> <span class='ocrx_word' id='word_1_292' title='bbox 395 3633 652 3693; x_wconf 89' lang='lat' dir='ltr'>tuorum</span> <span class='ocrx_word' id='word_1_293' title='bbox 714 3630 1034 3713; x_wconf 88' lang='lat' dir='ltr'>quispiam</span> <span class='ocrx_word' id='word_1_294' title='bbox 1099 3628 1235 3691; x_wconf 81' lang='lat' dir='ltr'>sive</span> <span class='ocrx_word' id='word_1_295' title='bbox 1297 3646 1628 3692; x_wconf 84' lang='lat' dir='ltr'>servorum</span> <span class='ocrx_word' id='word_1_296' title='bbox 1678 3628 1814 3692; x_wconf 84' lang='lat' dir='ltr'>sive</span> <span class='ocrx_word' id='word_1_297' title='bbox 1860 3628 2209 3692; x_wconf 87' lang='lat' dir='ltr'>amicorum</span> <span class='ocrx_word' id='word_1_298' title='bbox 2268 3626 2421 3713; x_wconf 67' lang='lat' dir='ltr'>[mm</span> <span class='ocrx_word' id='word_1_299' title='bbox 2467 3646 2584 3693; x_wconf 73' lang='lat' dir='ltr'>n-</span> 
     </span>
     <span class='ocr_line' id='line_1_32' title="bbox 223 3732 2588 3820; baseline 0.004 -25"><span class='ocrx_word' id='word_1_300' title='bbox 223 3746 384 3797; x_wconf 72' lang='lat' dir='ltr'>umu</span> <span class='ocrx_word' id='word_1_301' title='bbox 423 3752 553 3799; x_wconf 67' lang='lat' dir='ltr'>Aur</span> <span class='ocrx_word' id='word_1_302' title='bbox 597 3734 1042 3818; x_wconf 67' lang='lat' dir='ltr'>rnoounmoa]</span> <span class='ocrx_word' id='word_1_303' title='bbox 1065 3780 1083 3811; x_wconf 89' lang='lat'>,</span> <span class='ocrx_word' id='word_1_304' title='bbox 1133 3738 1207 3797; x_wconf 87' lang='lat' dir='ltr'>nt</span> <span class='ocrx_word' id='word_1_305' title='bbox 1252 3752 1465 3798; x_wconf 85' lang='lat' dir='ltr'>servos</span> <span class='ocrx_word' id='word_1_306' title='bbox 1516 3751 1643 3797; x_wconf 89' lang='lat' dir='ltr'>non</span> <span class='ocrx_word' id='word_1_307' title='bbox 1689 3752 1955 3798; x_wconf 90' lang='lat' dir='ltr'>numero</span> <span class='ocrx_word' id='word_1_308' title='bbox 2002 3732 2439 3820; x_wconf 84' lang='lat' dir='ltr'>distinguant,</span> <span class='ocrx_word' id='word_1_309' title='bbox 2474 3734 2588 3804; x_wconf 85' lang='lat' dir='ltr'>sed</span> 
     </span>
     <span class='ocr_line' id='line_1_33' title="bbox 222 3836 1550 3922; baseline 0 -19"><span class='ocrx_word' id='word_1_310' title='bbox 222 3837 514 3922; x_wconf 73' lang='lat' dir='ltr'>appellent</span> <span class='ocrx_word' id='word_1_311' title='bbox 559 3858 686 3903; x_wconf 90' lang='lat' dir='ltr'>uno</span> <span class='ocrx_word' id='word_1_312' title='bbox 732 3837 1017 3904; x_wconf 83' lang='lat' dir='ltr'>familiae</span> <span class='ocrx_word' id='word_1_313' title='bbox 1061 3837 1363 3903; x_wconf 87' lang='lat' dir='ltr'>nomine”</span> <span class='ocrx_word' id='word_1_314' title='bbox 1408 3836 1550 3903; x_wconf 88' lang='lat' dir='ltr'>rell.</span> 
     </span>
    </p>

    <p class='ocr_par' dir='ltr' id='par_1_4' title="bbox 225 3941 2587 4138">
     <span class='ocr_line' id='line_1_34' title="bbox 296 3941 2587 4031; baseline 0.006 -26"><span class='ocrx_word' id='word_1_315' title='bbox 296 3941 431 4008; x_wconf 84' lang='lat' dir='ltr'>Non</span> <span class='ocrx_word' id='word_1_316' title='bbox 489 3944 678 4010; x_wconf 89' lang='lat' dir='ltr'>debet</span> <span class='ocrx_word' id='word_1_317' title='bbox 732 3946 953 4031; x_wconf 84' lang='lat' dir='ltr'>iungi:</span> <span class='ocrx_word' id='word_1_318' title='bbox 1006 3964 1199 4020; x_wconf 74' lang='lat' dir='ltr'>„cum</span> <span class='ocrx_word' id='word_1_319' title='bbox 1246 3945 1369 4009; x_wconf 86' lang='lat' dir='ltr'>sibi</span> <span class='ocrx_word' id='word_1_320' title='bbox 1415 3943 1533 4009; x_wconf 88' lang='lat' dir='ltr'>hoc</span> <span class='ocrx_word' id='word_1_321' title='bbox 1587 3947 2030 4031; x_wconf 86' lang='lat' dir='ltr'>proposuerint</span> <span class='ocrx_word' id='word_1_322' title='bbox 2078 3954 2153 4013; x_wconf 90' lang='lat' dir='ltr'>ut</span> <span class='ocrx_word' id='word_1_323' title='bbox 2198 3969 2415 4016; x_wconf 84' lang='lat' dir='ltr'>servos</span> <span class='ocrx_word' id='word_1_324' title='bbox 2458 3973 2587 4020; x_wconf 87' lang='lat' dir='ltr'>non</span> 
     </span>
     <span class='ocr_line' id='line_1_35' title="bbox 225 4044 2586 4138; baseline 0.001 -26"><span class='ocrx_word' id='word_1_325' title='bbox 225 4044 635 4137; x_wconf 81' lang='lat' dir='ltr'>distinguant’&#39;</span> <span class='ocrx_word' id='word_1_326' title='bbox 701 4050 823 4116; x_wconf 89' lang='lat' dir='ltr'>hoe</span> <span class='ocrx_word' id='word_1_327' title='bbox 883 4053 1056 4116; x_wconf 91' lang='lat' dir='ltr'>enim</span> <span class='ocrx_word' id='word_1_328' title='bbox 1119 4070 1247 4115; x_wconf 92' lang='lat' dir='ltr'>non</span> <span class='ocrx_word' id='word_1_329' title='bbox 1304 4055 1440 4116; x_wconf 84' lang='lat' dir='ltr'>erat</span> <span class='ocrx_word' id='word_1_330' title='bbox 1484 4052 1881 4137; x_wconf 88' lang='lat' dir='ltr'>propositum</span> <span class='ocrx_word' id='word_1_331' title='bbox 1925 4054 2144 4138; x_wconf 91' lang='lat' dir='ltr'>ipsum</span> <span class='ocrx_word' id='word_1_332' title='bbox 2161 4102 2181 4138; x_wconf 86' lang='lat'>,</span> <span class='ocrx_word' id='word_1_333' title='bbox 2229 4055 2337 4120; x_wconf 89' lang='lat' dir='ltr'>sed</span> <span class='ocrx_word' id='word_1_334' title='bbox 2382 4056 2586 4129; x_wconf 76' lang='lat' dir='ltr'>inser..</span> 
     </span>
    </p>
   </div>
   <div class='ocr_carea' id='block_1_4' title="bbox 239 4242 551 4261">
    <p class='ocr_par' dir='ltr' id='par_1_5' title="bbox 239 4242 551 4261">
     <span class='ocr_line' id='line_1_36' title="bbox 239 4242 551 4261; baseline 0 756"><span class='ocrx_word' id='word_1_335' title='bbox 239 4242 551 4261; x_wconf 95' lang='lat' dir='ltr'> </span> 
     </span>
    </p>
   </div>
   <div class='ocr_carea' id='block_1_5' title="bbox 284 4381 1479 4449">
    <p class='ocr_par' dir='ltr' id='par_1_6' title="bbox 284 4381 1479 4449">
     <span class='ocr_line' id='line_1_37' title="bbox 284 4381 1479 4449; baseline 0.001 -18"><span class='ocrx_word' id='word_1_336' title='bbox 284 4383 331 4449; x_wconf 88' lang='lat'>1)</span> <span class='ocrx_word' id='word_1_337' title='bbox 362 4384 490 4438; x_wconf 72' lang='lat' dir='ltr'>mem</span> <span class='ocrx_word' id='word_1_338' title='bbox 520 4385 700 4438; x_wconf 71' lang='lat' dir='ltr'>iudicat</span> <span class='ocrx_word' id='word_1_339' title='bbox 733 4385 897 4435; x_wconf 73' lang='lat' dir='ltr'>Madv.</span> <span class='ocrx_word' id='word_1_340' title='bbox 932 4383 1149 4433; x_wconf 61' lang='lat' dir='ltr'>adven..</span> <span class='ocrx_word' id='word_1_341' title='bbox 1187 4382 1243 4432; x_wconf 92' lang='lat'>11</span> <span class='ocrx_word' id='word_1_342' title='bbox 1279 4397 1327 4447; x_wconf 76' lang='lat' dir='ltr'>p.</span> <span class='ocrx_word' id='word_1_343' title='bbox 1366 4381 1479 4432; x_wconf 76' lang='lat' dir='ltr'>iss.</span> 
     </span>
    </p>
   </div>
   <div class='ocr_carea' id='block_1_6' title="bbox 3085 1 3091 792">
    <p class='ocr_par' dir='ltr' id='par_1_7' title="bbox 3085 1 3091 792">
     <span class='ocr_line' id='line_1_38' title="bbox 3085 1 3091 792; baseline 0 0"><span class='ocrx_word' id='word_1_344' title='bbox 3085 1 3091 792; x_wconf 95' lang='lat' dir='ltr'> </span> 
     </span>
    </p>
   </div>
  </div>
 </body>
</html>
