3192 5017
1324 300 1720 354 assonam.
2627 286 2713 358 '79

311 470 478 556 quid
518 472 861 538 inventum
904 473 1122 540 fuerit.
1170 474 1542 563 Legendum
1589 484 1721 543 est:
1774 481 1846 544 'A
1866 492 1908 543 λ
1927 501 1955 544 ο
1974 504 2012 544 σ
2031 478 2117 547 ύδ
2135 504 2224 546 να
2245 504 2296 553 ς.
2344 478 2540 547 Hom.
2591 480 2711 549 Od.

314 589 405 641 Δ.
469 576 635 643 4043
700 578 874 661 ἀμφὶ
940 579 1006 645 δέ
1065 605 1172 659 μιν
1235 587 1443 664 φῶκαι
1507 584 1751 656 νέποδες
1812 594 2014 663 καλῆς
2070 587 2441 663 Ἀλοσύδνης
2490 585 2716 671 ἀθρόαι

311 681 611 749 εὕδουσιν.
682 684 868 751 Ih‘ad.
933 696 987 751 T
1050 686 1219 755 2073
1295 690 1522 769 μητρὸς
1586 691 1640 756 δ’
1702 692 1769 758 ἐκ
1834 692 2119 774 Θέτιδος,
2188 694 2714 776 καλλιπλοκάμου

312 789 685 866 ἁλοσύδνης.
733 791 921 859 Nunc
968 799 1137 860 certe
1184 794 1395 881 opella
1440 801 1656 864 nostra
1700 799 2019 888 Aeschylo
2064 800 2328 887 profuit.

410 1002 793 1073 Inconcinne
839 1006 1231 1095 adjectivum
1279 1010 1474 1082 πολύς
1520 1012 1795 1076 iteratur
1840 1010 2016 1077 Pers.
2067 1007 2235 1076 478:

1141 1114 1359 1189 πέδαις
1409 1115 1828 1198 σφυρηλάτοις

592 1219 946 1298 περιβαλὼν
992 1224 1301 1298 πολλὴν
1348 1221 1644 1289 κέλευθον
1691 1226 1903 1301 ἤνυσεν
1949 1225 2161 1303 πολλῶ
2199 1223 2427 1305 ςρατῷ.

306 1323 542 1391 Nonne
585 1328 802 1393 verius
849 1333 945 1394 est
987 1329 1338 1408 περιβαλὼν
1388 1326 1695 1408 damu?
1742 1327 1839 1396 Of.
1887 1352 1979 1397 vs.
2034 1327 2199 1397 397:
2267 1327 2535 1395 ἔπαισαν
2595 1326 2710 1395 ἄλ-

307 1456 443 1508 μην
504 1431 765 1513 βρύχιον
823 1433 891 1499 ἐκ
938 1435 1347 1513 κελεύματος.
1394 1435 1591 1502 Recte
1640 1435 1833 1509 πολὺς
1879 1437 2188 1503 iteratur:
2235 1457 2332 1502 vs.
2381 1434 2547 1504 780:
2599 1437 2711 1501 κᾶ-

308 1536 716 1619 πεςρᾶτευσα
767 1541 978 1607 πολλοὶ
1025 1539 1134 1606 σὺν
1184 1542 1396 1622 πολλῷ
1443 1542 1674 1624 ςρατῷ.

408 1748 609 1817 Miror
656 1748 869 1831 ςᾶχυν
915 1749 1070 1826 ἄτης
1119 1751 1249 1819 dici
1291 1752 1466 1818 Pers.
1513 1750 1674 1818 8223

862 1854 1035 1941 ὕβρις
1083 1859 1212 1940 γὰρ
1260 1856 1584 1936 ἔξανθοῦσ’
1633 1859 1957 1941 ἐκάρπωσε
2003 1858 2213 1942 cdxvi*

860 1964 1102 2051 ἄτης,
1150 1963 1293 2031 ὅθεν
1341 1963 1761 2044 πάγκλαυτον
1808 1965 2021 2051 ἐξαμᾷ
2073 1964 2233 2048 θέρος

308 2068 491 2137 Malo
557 2069 782 2145 ἄτην.
851 2070 1066 2138 Aliter
1133 2077 1300 2138 certe
1368 2070 1527 2147 ἄτης
1599 2069 1878 2151 ἄβυσσον
1946 2071 2231 2151 πέλαγος
2301 2073 2547 2139 dictum
2610 2076 2707 2139 est

308 2176 538 2264 Suppl.
589 2176 723 2246 470
775 2177 879 2245 vel
927 2177 1084 2253 ἄτης
1130 2176 1354 2260 ἄρουρα
1401 2178 1581 2265 Sept.
1634 2178 1786 2246 601.

406 2388 632 2476 Suppl.
686 2389 772 2457 19
793 2415 808 2456 3

864 2497 1084 2565 κέλσαι
1134 2498 1188 2563 δ’
1227 2497 1498 2579 ’Ἄργους
1547 2505 1746 2577 γαῖαν
1793 2494 1939 2564 ὅθεν
1984 2498 2056 2575 δὴ

861 2603 1036 2683 γένος
1085 2603 1373 2687 ἡμέτερον
1419 2612 1529 2680 τῆς
1578 2604 1904 2686 οἱς-ροδόνου

858 2711 1003 2789 βοὸς
1053 2712 1123 2790 ἐξ
1168 2713 1424 2795 ἐπαφῆς
1476 2711 1601 2790 κᾶξ
1648 2711 1967 2783 ἐπιπνοίας

863 2820 1008 2890 Διὸς
1057 2843 1085 2883 ε
1108 2820 1140 2884 ὖ
1157 2819 1323 2899 χύμ
1340 2843 1369 2882 ε
1389 2843 1418 2883 ν
1435 2842 1462 2884 ο
1482 2844 1510 2883 ν
1560 2818 1913 2887 τετέλεςαι.

315 2920 486 3004 Quid
566 2922 901 3006 εὐχόμενον
969 2926 1075 2992 hic
1142 2924 1495 3013 significat?
1558 2924 1796 2991 Tacent
1863 2927 2258 3010 interpretes.
2356 2921 2709 3010 Comparat

312 3030 655 3097 Schiitzius
713 3030 1076 3098 Homerum
1094 3081 1111 3116 ,
1176 3032 1343 3118 apud
1407 3053 1600 3118 quem
1663 3032 1929 3098 verbum
1993 3029 2309 3112 εὔχεσθαι
2370 3029 2712 3096 adhibetur

309 3139 375 3202 in
438 3138 889 3223 praedicatione
957 3139 1195 3224 antiqui
1254 3140 1520 3221 ymerio,
1600 3139 1758 3203 unde
1824 3161 1888 3203 ες
1956 3138 2183 3224 aliquis
2245 3147 2439 3202 ortum
2485 3136 2709 3221 jactat.

309 3245 455 3312 Hoc
518 3244 777 3331 quidem
824 3247 1008 3331 pueri
1052 3251 1285 3310 norunt
1329 3245 1588 3331 ipseque
1637 3244 2002 3332 Aeschylus
2048 3244 2213 3309 dixit
2260 3240 2488 3329 Suppl.
2540 3240 2709 3308 536:

314 3353 476 3424 ΔΙας
525 3374 616 3417 τοι
663 3351 837 3431 γένος
888 3349 1197 3432 εὐχόμεθ’
1239 3347 1425 3430 εἶναι,
1488 3352 1599 3418 sed
1647 3353 1901 3418 etiamsi
1950 3351 2188 3417 scribas
2235 3349 2557 3430 εὐχόμενοι
2611 3373 2709 3414 τε-

311 3456 614 3525 τελέσθαι
633 3509 652 3544 ,
718 3479 842 3524 non
913 3464 1127 3525 tamen
1209 3458 1378 3525 dicet
1459 3459 1687 3524 chorus
1772 3457 1940 3543 quod
2006 3459 2075 3522 in
2160 3459 2448 3523 versione
2542 3456 2712 3542 apud

314 3564 690 3631 Schiitzium
737 3569 865 3630 est:
915 3565 1074 3628 unde
1111 3586 1301 3646 qenes
1345 3571 1610 3628 nostrum
1656 3565 1967 3628 deductum
2006 3586 2130 3628 eece
2163 3563 2518 3645 ylariamur,
2558 3584 2711 3630 nam

315 3670 639 3737 offensioni
683 3676 779 3737 est
822 3672 1236 3756 participium
1283 3690 1395 3756 pro
1442 3671 1795 3736 indicativo
1842 3669 2031 3736 modo
2067 3675 2469 3755 usurpatum.
2518 3668 2713 3756 Equi-

315 3779 467 3845 dem
544 3776 749 3844 incidi
829 3779 898 3843 in
987 3778 1030 3842 αξ
1045 3802 1074 3857 ρ
1090 3800 1144 3859 χ
1164 3775 1262 3856 ὀμ
1280 3802 1309 3843 ε
1328 3801 1357 3840 ν
1376 3801 1404 3843 ο
1423 3802 1477 3842 ν.
1576 3775 1889 3843 Similiter
1956 3773 2372 3843 Blomfieldus
2439 3778 2716 3843 correxit

319 3886 494 3953 Pers.
548 3883 707 3954 8¹76.

409 4098 754 4165 Bal-baram
817 4099 1083 4165 formam
1130 4103 1462 4177 συγγνοῖτο
1510 4096 1781 4163 editores
1826 4098 2020 4164 nimis
2062 4099 2381 4184 patienter
2424 4097 2713 4166 tulerunt

320 4204 547 4293 Suppl.
597 4203 753 4271 216.
800 4204 839 4272 J
844 4206 998 4271 ubet
1046 4211 1226 4290 pater
1270 4202 1433 4270 filias
1477 4205 1773 4269 invocare
1821 4203 2211 4289 Apollinem;
2261 4209 2400 4271 tum
2447 4205 2710 4272 chorus:

779 4312 944 4384 εἰδὼς
994 4309 1072 4377 ἂν
1120 4306 1309 4376 αἶσαν
1352 4310 1530 4386 τήνδε
1575 4308 1874 4388 συγγνοίη
1921 4310 2209 4391 βροτοῖς.,

322 4421 556 4507 quibus
599 4424 781 4506 pater
825 4419 1187 4506 subjungit:
