3192 5017
1291 295 1688 350 asemas.
2599 257 2687 342 89

379 473 620 562 Agam.
673 469 849 538 819:

752 580 964 659 καπνῷ
1016 579 1068 645 δ’
1115 580 1358 645 ἁλοῦσα
1409 582 1511 644 νῦν
1557 576 1648 643 ἔτ’
1696 575 1961 654 εὔσημος
2005 577 2207 649 πόλις.

751 684 909 760 ἄτης
956 682 1231 752 θύελλαι
1281 684 1459 765 ζῶσι·
1509 681 2139 759 συνθνήσκουσα
2184 683 2248 750 3³

754 792 972 867 σποδὸς
1021 792 1373 872 προπέμπει
1424 792 1640 863 πίονας
1690 788 1963 857 πλούτου
2007 788 2223 865 πνοάς.

286 899 770 967 Herwerdenus
831 920 980 964 cum
1044 920 1199 964 cura
1260 898 1724 965 demonstravit
1745 946 1764 976 ‚
1810 919 1924 965 cur
1968 897 2094 963 sibi
2139 917 2366 964 sanum
2413 918 2549 965 esse
2594 898 2692 965 vi·

292 1006 557 1073 deretur
616 1007 1029 1092 participium
1094 1002 1561 1080 συνθνήσκουσα
1582 1026 1597 1042 ·
1665 1004 1960 1089 equidem
2010 1003 2214 1070 facere
2265 1002 2493 1070 malim
2543 1024 2691 1071 cum

292 1113 646 1179 Karstenio
695 1117 760 1178 et
807 1110 1038 1178 Weilio
1083 1115 1196 1198 qui
1243 1114 1481 1178 vitium
1533 1110 1778 1177 odorati
1824 1116 2008 1188 sunt,
2053 1131 2259 1197 neque
2298 1116 2509 1176 tamen
2544 1131 2695 1177 cum

292 1219 422 1286 illo
484 1216 923 1298 ἀνθρώσκουσα
986 1219 1261 1285 scribam
1283 1267 1300 1302 ,
1347 1239 1551 1304 neque
1600 1214 2065 1292 δυσθνήσκουσα
2117 1217 2221 1283 vel
2265 1214 2695 1291 δυσθνητοῦσα

295 1346 456 1392 cum
537 1325 689 1401 hoc,
760 1326 1018 1392 etiamsi
1085 1324 1421 1390 insolitum
1493 1325 1760 1389 verbum
1854 1323 2253 1399 δυσθνήσκειν
2333 1325 2699 1392 inveniatur

298 1432 465 1499 Eur.
526 1431 719 1497 Rhea.
773 1430 900 1497 791
954 1437 1019 1497 et
1065 1430 1298 1497 Electr.
1348 1430 1517 1515 843,
1567 1451 1694 1516 qua
1741 1431 1818 1497 de
1863 1450 1930 1496 re
1976 1430 2370 1497 Lobeckium
2419 1429 2570 1497 vide
2616 1429 2699 1497 ad

300 1538 759 1624 Phrynichum
805 1559 864 1624 p.
919 1535 1070 1602 616.
1147 1537 1329 1617 Quod
1376 1557 1592 1602 omnes
1640 1538 2078 1621 consentiunt,
2141 1557 2345 1624 neque
2404 1529 2712 1603 Herwer-'

295 1646 541 1711 denum
591 1647 835 1730 excipio
881 1642 1187 1732 vulgatae
1233 1642 1527 1709 lectionis
1569 1648 1901 1729 patronum
1922 1693 1939 1727 ,
1979 1643 2173 1710 habet
2210 1641 2700 1729 συνθνήσκουσα,

294 1750 463 1817 licet
529 1771 721 1836 quam
779 1753 1062 1816 maxime
1121 1751 1476 1837 genuinum
1539 1751 1627 1814 sit
1643 1797 1659 1827 ,
1718 1747 2048 1814 difficilem
2096 1751 2589 1835 explicationem
2636 1755 2702 1815 et

296 1861 448 1924 sine
508 1860 850 1943 interprete
869 1908 888 1931 .
952 1858 1007 1922 si
1068 1859 1444 1942 interpretes
1498 1856 1722 1921 audias
1741 1902 1757 1932 ‚
1815 1875 2147 1922 summum
2196 1862 2293 1921 est
2339 1855 2699 1941 periculum

298 1985 390 2030 ne
434 1966 958 2050 praepositionem
1008 1965 1074 2028 in
1120 1963 1240 2028 hoo
1288 1965 1636 2048 composito
1684 1959 2146 2036 συνθνήσκουσα
2209 1983 2541 2049 perperam
2601 1983 2704 2030 ac·

298 2073 527 2156 cipias.
620 2069 936 2156 Equidem
1002 2068 1246 2135 contuli
1306 2068 1461 2134 Eur.
1530 2068 1781 2134 Hecub.
1854 2066 2023 2133 911:
2090 2069 2261 2134 κατὰ
2325 2070 2380 2134 δ’
2425 2066 2699 2134 αἰθάλου

300 2175 516 2253 unm?
580 2176 978 2257 οἶκτροταταν
1042 2176 1352 2257 κέχρωσαι
1403 2182 1470 2241 et
1510 2174 1653 2242 Jon.
1702 2173 1871 2240 215:
1920 2176 2234 2252 Μίμαντα
2283 2174 2424 2256 πυρὶ
2473 2199 2703 2241 καται-

301 2282 511 2350 θαλοῖ
545 2290 609 2350 et
644 2283 861 2349 Prom.
906 2281 1073 2348 992:
1125 2280 1529 2348 αἰθαλοῦσσα
1571 2280 1763 2365 φλόξ.
1812 2280 2018 2363 Quam
2061 2282 2395 2349 commode
2416 2282 2700 2370 Aeschy-

299 2391 417 2458 lus
460 2390 732 2457 scribere
779 2392 1026 2476 potuit:

764 2494 921 2572 ἄτης
968 2493 1243 2562 θύελλαι
1290 2494 1494 2578 ζῶσιν·
1546 2493 2083 2562 αἰθαλοῦσσα
2132 2497 2194 2562 δὲ

770 2601 990 2675 σποδὸς
1037 2604 1389 2685 προπέμπει
1439 2603 1654 2676 πίονας
1705 2603 1977 2670 πλούτου
2022 2603 2238 2677 πνοάς.

303 2710 442 2779 Sed
502 2713 752 2796 quaeris
814 2710 1130 2797 quomodo
1186 2712 1343 2776 satis
1388 2708 1844 2777 verosimiliter
1887 2707 2291 2776 αίθαλοῢσσα
2339 2712 2408 2776 in
2453 2706 2710 2787 συνθνῆ·

306 2841 549 2883 σαουσα
597 2817 772 2884 abire
816 2819 1115 2903 potuerit.
1184 2815 1443 2883 Scilicet
1490 2816 1646 2897 ζῶσι
1669 2842 1699 2882 ν
1744 2814 2052 2883 αἱθαλο
2072 2821 2106 2882 ὖ
2126 2842 2163 2882 σ
2184 2840 2287 2882 σα
2332 2822 2706 2905 corruptum

305 2930 413 2991 est
459 2926 527 2989 in
571 2920 966 2989 συνθανοῦσα
983 2970 1002 3000 ,
1048 2943 1201 2989 nam
1249 2925 1631 3009 praepositio
1678 2944 1759 2990 ne
1803 2929 2083 2991 metrum
2133 2930 2381 3002 rueret,
2441 2926 2709 2991 accessit

305 3054 349 3098 e
395 3030 798 3117 praecedenti
842 3029 1152 3096 vocabulo
1201 3032 1398 3111 ζῶσιν.
1449 3028 1577 3111 Qui
1622 3031 1741 3097 hoc
1787 3033 2034 3097 invenit
2078 3030 2499 3109 συνθανοῦσα,
2551 3052 2703 3097 cum

304 3135 710 3225 intelligeret
768 3157 1061 3222 praesens
1120 3138 1346 3221 utique
1407 3144 1664 3221 tempus
1710 3138 1980 3221 requiri,
2032 3140 2358 3224 rescripsit
2404 3134 2706 3213 συνθνήσ-

308 3267 533 3309 novo-a.
580 3246 637 3308 A
683 3241 992 3309 facilitate
1038 3244 1445 3309 correctionis
1489 3242 1659 3308 nihil
1705 3263 1854 3308 sane
1901 3249 2028 3321 est,
2085 3244 2253 3329 quod
2297 3244 2459 3312 hanc
2506 3247 2708 3331 suspi-

312 3354 564 3418 cionem
614 3349 1054 3436 reprehendas.

410 3564 650 3654 Agam.
700 3562 870 3630 848:

871 3665 1016 3753 ὅτῳ
1063 3669 1127 3737 3³
1174 3668 1279 3735 καὶ
1328 3668 1425 3736 δεῖ
1463 3669 1821 3754 φαρμάκων
1869 3673 2209 3750 παιωνίων,

872 3777 1000 3854 ἤτοι
1048 3776 1305 3851 κέαντες
1354 3777 1388 3852 ἦ
1433 3778 1729 3855 τεμόντες
1781 3777 2080 3862 εὐφρόνως

867 3883 1345 3966 πειρασόμεσθα
1393 3886 1557 3963 πῆμ’
1603 3885 1958 3968 ἆποςρέψαι
2007 3885 2199 3953 νόσου.

318 3989 417 4060 De
485 3994 950 4059 constructione
1011 3991 1192 4058 verbi
1253 3991 1351 4056 δεῖ
1409 3992 1490 4058 cf.
1554 3991 1813 4059 Porson.
1877 3992 1957 4059 ad
2004 3993 2156 4060 Eur.
2208 3992 2411 4061 Orest.
2463 3989 2595 4060 659
2648 3998 2715 4062 et

316 4098 550 4166 fflmsl.
595 4097 678 4165 ad
723 4097 875 4164 Eur.
921 4097 1096 4164 Med.
1149 4097 1281 4163 552
1299 4146 1318 4178 ‚
1367 4098 1482 4164 sed
1529 4101 1784 4166 etiamsi
1828 4099 2086 4167 dativus
2131 4100 2239 4167 hic
2284 4101 2437 4167 ferri
2482 4103 2705 4188 possit,

318 4227 446 4293 qua
503 4205 581 4271 de
642 4225 709 4270 re
765 4206 891 4270 viri
951 4204 1122 4272 docti
1180 4207 1250 4270 in
1297 4204 1546 4271 diversa
1591 4208 1866 4285 abeunt,
1918 4207 2215 4293 equidem
2263 4213 2478 4275 tamen
2526 4206 2703 4275 malo

321 4313 491 4403 quod
538 4311 730 4401 longe
774 4313 1260 4378 convenientus:
1311 4308 1348 4376 ὅ
1360 4336 1410 4376 π
1426 4336 1454 4377 ο
1474 4337 1528 4377 υ.
