3192 5017
598 267 683 336 62
1433 289 1443 300 ·
1610 286 1977 336 anemonas.

600 460 765 548 (190
827 462 937 544 e.):
1000 457 1455 539 ἀναστρέφονται
1521 457 1582 520 ἐν
1642 456 1789 532 ἡμῖν
1838 453 2037 538 ὥσπερ
2088 457 2151 521 ἐν
2201 456 2463 536 ἡμιόνοις
2513 456 2790 541 ἡμίθεοι,
2846 457 3013 523 διότι

598 567 915 634 τεθέανται
964 568 1074 640 την
1122 562 1553 640 Ἀκαδήμειαν
1611 587 1677 627 τε
1728 562 1834 627 καὶ
1881 563 1952 626 τὸ
2001 563 2259 630 Λύκειον
2307 565 2413 628 καὶ
2459 566 2569 638 τὴν
2609 564 2671 627 ἐν
2715 560 2755 645 ᾖ
2793 566 3015 639 Ζήνων

597 672 960 757 ἐφιλοσόφει
1007 671 1337 746 Ποικίλην,
1393 674 1495 733 νῦν
1542 668 1744 733 οὐκέτ’
1793 663 1981 734 οὖσαν
2030 670 2342 746 ποικίλην·
2399 672 2427 736 ὅ
2469 671 2596 750 γὰρ
2636 671 3011 743 ἀνθύπατος

594 782 713 855 τας
774 780 1027 852 σανίδας
1098 778 1437 862 ἀφείλετο,
1487 775 1711 842 ἔπειτα
1759 776 2062 843 ἐκώλυσεν
2111 779 2336 851 αὐτοὺς
2385 778 2487 843 ἐπὶ
2536 779 2736 862 σοφίᾳ
2784 803 2899 856 μει
2943 803 3011 844 ον

596 894 857 970 φρονεῖν.

682 1099 989 1186 Synesius
1046 1120 1196 1187 pag.
1262 1096 1415 1164 667.
1484 1096 1662 1182 (197.
1711 1101 1787 1181 c).
1854 1098 2161 1164 notabilis
2222 1098 2401 1165 locus
2465 1105 2563 1165 est
2615 1099 2696 1165 de
2743 1099 3002 1165 tabulis

593 1206 871 1292 publicis
936 1205 1104 1290 apud
1161 1203 1536 1289 Spartanos,
1589 1207 1660 1269 in
1707 1205 1941 1288 quibus
1987 1203 2377 1270 nobiliorum
2428 1207 2675 1271 civium
2725 1207 3005 1271 nomina

594 1314 673 1377 ab
744 1313 990 1397 origine
1057 1310 1250 1375 Urbis
1311 1310 1623 1393 inscripta
1686 1314 1928 1374 essent:
1994 1310 2428 1387 ἀναμνήσθητε
2478 1311 2604 1390 γὰρ
2659 1311 2839 1388 ὑμεῖς
2897 1313 2999 1383 τίς

596 1415 665 1492 ἦν
730 1416 874 1497 πρὸς
939 1417 1048 1491 ἐμὲ
1098 1419 1200 1481 τὸν
1246 1417 1297 1480 εἰ
1347 1415 1542 1492 μηδὲν
1592 1414 1756 1481 ἄλλο
1804 1413 1872 1489 ἐξ
1918 1416 2151 1480 ἐκείνων
2202 1416 2528 1494 γενόμενον
2576 1414 2652 1481 ὧν
2699 1417 2821 1480 ἀπ’
2872 1422 3003 1483 Εὐ-

595 1523 903 1603 ρυσθένους
965 1527 1073 1587 τοῦ
1140 1521 1628 1598 καταγαγόντος
1694 1520 1964 1601 Δωριέας
2020 1523 2106 1594 εἷς
2172 1520 2470 1603 Σπάρτην
2514 1523 2704 1604 μέχρι
2753 1525 2999 1601 τούμοῦ

595 1629 831 1710 πατρὸς
892 1630 961 1693 αἱ
1026 1627 1318 1708 διαδοχαὶ
1380 1642 1523 1699 ταῖς
1589 1629 1910 1712 δημοσίαις
1962 1628 2464 1709 ἐνεκολάφθησαν
2510 1629 2837 1709 κύρβεσιν,
2891 1629 3001 1694 ἄν·

596 1738 822 1815 θρωπος
894 1736 999 1799 οὐκ
1070 1732 1230 1814 ἔχων
1295 1735 1486 1799 εἰπεῖν
1547 1733 1739 1810 ὄνομα
1803 1739 1907 1799 τοῦ
1972 1733 2236 1800 παπ-που
2262 1783 2277 1813 ,
2339 1736 2490 1800 ἀλλ’
2537 1737 2669 1801 οὐδὲ
2714 1739 2995 1817 πατρὸς,

595 1842 796 1924 φασὶ,
847 1843 1007 1916 πλὴν
1057 1837 1192 1906 ὅσον
1239 1840 1508 1905 εἰκάσαι.
1559 1840 1884 1905 Lubenter
1920 1839 2228 1927 Synesius
2265 1861 2332 1906 se
2370 1840 2599 1926 Sparta
2637 1843 2995 1908 oriundum

596 1970 731 2015 csse
793 1948 1146 2034 praedicat,
1214 1954 1289 2012 ut
1351 1968 1500 2035 pag.
1570 1946 1702 2012 ’709
1767 1946 1948 2026 (254.
1996 1948 2086 2031 c):
2136 1947 2363 2013 Λάκων
2411 1948 2540 2029 γὰρ
2586 1948 2814 2014 ἄνωθέν
2862 1952 2998 2027 εἶμι

598 2055 702 2120 καὶ
769 2049 911 2121 οἶδα
973 2056 1083 2128 τὴν
1148 2053 1291 2132 πρὸς
1358 2053 1670 2118 Λεωνίδαν
1732 2053 2021 2128 ἔπιςολην
2083 2060 2200 2118 τῶν
2246 2060 2472 2119 τελῶν·
2520 2055 2996 2137 Μαχέσθων

595 2164 688 2233 ὥς
751 2157 1336 2235 τεθναξόμενοι
1402 2159 1537 2222 καὶ
1604 2161 1684 2225 οὐ
1748 2157 2334 2237 τεθναξονται,
2393 2160 2506 2226 ubi
2552 2161 2813 2227 videtur
2852 2175 2992 2228 Λα-

595 2269 800 2336 κωνιςί
846 2266 1251 2333 scribendum
1300 2264 1811 2343 τεθναξΟΤμενοι
1862 2273 1927 2330 et
1971 2267 2480 2344 τεθναξΟΤνται.

688 2480 997 2568 Synesius
1063 2500 1211 2565 pag.
1276 2475 1408 2543 668
1482 2476 1664 2564 (198.
1712 2478 1804 2562 c):
1876 2478 2197 2548 πολιτικὴν
2264 2478 2631 2543 ’APeTHN
2696 2481 2989 2562 ἱερωσύνη

595 2588 928 2656 συνάπτειν
996 2586 1371 2663 συγκλώθειν
1441 2585 1532 2652 ἐςὶ
1605 2585 1691 2649 τὰ
1766 2582 2175 2660 οὶσύγκλωςα.
2270 2584 2413 2650 Non
2484 2593 2661 2650 erant
2730 2593 2989 2653 veteres

594 2692 943 2760 Christiani
1005 2697 1139 2755 tam
1193 2689 1378 2755 stulti
1425 2694 1498 2754 ut
1543 2696 1823 2754 virtutem
1869 2690 2099 2753 civilem
2147 2695 2212 2754 et
2254 2692 2648 2754 sacerdotium
2694 2712 2794 2757 res
2841 2713 2983 2758 esse

595 2797 1025 2865 dissociabiles
1066 2798 1492 2880 opinarentur.
1566 2795 1735 2875 Quid
1784 2797 1988 2882 igitur
2034 2795 2342 2881 Synesius
2389 2794 2680 2861 dixerat?
2726 2797 2983 2883 Nempe

595 2908 913 2978 πολιτικὴν
964 2901 1243 2976 ’ΛΡΧήν.
1326 2901 1467 2967 Hoc
1513 2922 1739 2967 verum
1791 2908 1888 2966 est
1934 2906 2000 2966 et
2046 2922 2296 2986 semper
2342 2904 2484 2967 erit.
2558 2902 2707 2987 Ipsa
2751 2909 2987 2970 natura

593 3013 685 3077 rei
732 3018 797 3077 et
842 3009 1174 3095 religionis
1221 3007 1628 3073 Christianae
1675 3007 2031 3073 sacerdotes
2079 3010 2273 3072 sacris
2319 3010 2565 3093 operari
2585 3056 2601 3085 ‚
2649 3030 2772 3075 non
2821 3013 2985 3094 reip.

595 3136 879 3203 praeesse
941 3114 1103 3181 vult.
1197 3112 1414 3179 Multa
1461 3115 1529 3178 in
1577 3113 1840 3180 eandem
1891 3116 2273 3179 sententiam
2320 3114 2814 3198 prudentissime
2858 3115 2984 3203 Sy-

591 3225 807 3289 nesius
869 3220 1143 3296 addidit,
1211 3218 1417 3285 veluti
1481 3240 1629 3306 pag.
1700 3218 1826 3284 199
1877 3243 1934 3283 α.
2000 3220 2211 3300 θεωρία
2260 3221 2435 3292 τέλος
2484 3223 2609 3291 ἕςὶν
2658 3222 2979 3302 ἱερωσύνης

591 3334 677 3408 μὴ
743 3325 1118 3410 ψευδομένης
1169 3326 1237 3391 τὸ
1287 3325 1519 3402 ὄνομα,
1572 3327 1782 3402 θεωρία
1832 3325 1894 3391 δὲ
1944 3326 2050 3389 καὶ
2098 3324 2322 3403 πρᾶξις
2370 3330 2474 3393 οὐκ
2526 3325 2762 3402 ἀξιοῦσι
2813 3353 2980 3406 συγ-

590 3436 954 3515 γίγνεσθαι,
1017 3438 1081 3498 et
1125 3431 1341 3517 paullo
1390 3438 1565 3498 ante:
1623 3432 1991 3511 τεταχαται
2042 3432 2102 3496 δὲ
2151 3431 2201 3497 οἱ
2248 3435 2359 3511 μὲν
2407 3435 2552 3513 πρὸς
2599 3444 2723 3507 τοῖς
2774 3435 2980 3517 πράγ-

592 3565 822 3624 μασιν,
871 3542 1047 3616 ἧμεῖς
1099 3538 1159 3602 δὲ
1210 3539 1271 3602 ἕν
1318 3546 1459 3609 ταῖς
1510 3539 1740 3618 εὐχαῖς
1790 3533 1966 3603 εἶναι.
2063 3538 2211 3605 Non
2259 3540 2516 3606 deerant
2563 3547 2778 3607 tamen
2824 3546 2977 3609 vivo

590 3647 859 3736 Synesio
926 3647 1037 3730 qui
1098 3645 1410 3710 deteriora
1474 3645 1920 3728 sequebantur,
1980 3650 2044 3709 et
2107 3649 2243 3710 erat
2303 3647 2435 3710 iam
2498 3651 2642 3711 tum
2691 3648 2975 3726 ἱερωσύνη

589 3753 927 3835 ψευδομένη
1000 3752 1292 3828 τοῦνομα.
1386 3751 1558 3815 Audi
1632 3749 1969 3836 Synesium
2046 3773 2192 3838 pag.
2261 3750 2393 3819 676
2465 3752 2644 3840 (209.
2695 3756 2789 3839 ο),
2860 3755 2977 3821 ubi

586 3861 812 3928 scribit
857 3859 935 3923 de
982 3856 1212 3922 Orione
1256 3855 1619 3943 grandaevo
1667 3857 2024 3941 sacerdote,
2064 3859 2169 3922 eui
2213 3859 2400 3935 „vitio
2438 3862 2782 3924 vertebatur
2816 3865 2981 3945 quod

587 3973 736 4034 emt
796 3973 1020 4030 natura
1082 3962 1452 4027 lenis-simu?
1517 4000 1599 4011 ——
1627 3964 1837 4028 αἰτίαν
1886 3960 2119 4041 ἔχοντα
2166 3964 2518 4043 πραότατον
2567 3963 2744 4032 εἶναι.
2795 3971 2975 4032 τοῦτο

589 4076 715 4155 γὰρ
777 4072 922 4149 ἤδη,
989 4069 1509 4156 indignabundus
1571 4069 1790 4153 addit,
1854 4069 1959 4134 καὶ
2008 4070 2338 4150 λοιδόρημα
2387 4072 2645 4150 γέγονεν
2694 4073 2809 4138 ὑπὸ
2856 4080 2974 4138 τῶν

589 4177 921 4257 ἀξιούντων
991 4175 1308 4256 ἱερωσύνην
1370 4173 1665 4251 προςιέτιν
1727 4170 1881 4238 εἶναι
1941 4176 2026 4240 τὰ
2085 4177 2164 4248 εἷς
2235 4177 2574 4258 ἀνθρώπους
2623 4181 2729 4243 καὶ
2779 4194 2965 4244 πολυ-

591 4284 950 4366 mmm.
1033 4282 1178 4348 Non
1228 4287 1363 4346 erat
1410 4280 1716 4367 Synesius
1765 4283 2096 4366 episcopus
2142 4282 2407 4369 reliquis
2455 4286 2716 4352 similis:
2771 4308 2967 4371 quum

509 4421 522 4430 ·
588 4414 739 4464 enm
786 4393 1154 4482 episcopum
1200 4389 1405 4455 facere
1453 4386 1697 4456 vellent
1744 4391 1811 4453 et
1856 4391 2065 4455 acrius
2110 4391 2420 4457 instarent
2465 4392 2652 4458 hasce
2697 4394 2781 4460 iis
2827 4414 2966 4460 con·-
