3192 5017
506 210 638 278 300
1516 229 1889 279 rumonus.

504 407 825 483 temperata
892 401 1125 488 refecit.
1204 439 1278 449 —
1325 402 1404 467 In
1472 401 1576 467 his
1644 404 1927 489 primum
2001 400 2436 466 damnandum
2506 404 2601 465 est
2673 399 2839 464 etiam
2857 445 2871 471 ,

506 506 673 592 quod
725 528 804 572 ex
850 506 1369 590 praecedentibus
1415 509 1649 573 litteris
1696 509 1871 572 ellam
1922 509 2020 572 bis
2064 510 2320 593 scriptis
2357 513 2570 572 ortum
2609 504 2874 571 videtur.

505 614 650 679 Non
695 615 910 677 minus
955 615 1169 698 inepte
1215 613 1427 679 editur
1459 612 1601 696 pice
1645 621 1994 698 temperata,
2049 614 2217 698 quod
2255 611 2420 677 nihil
2459 620 2575 678 est.
2625 611 2879 695 Scripsit

505 719 843 785 Petronius
883 721 1018 784 sine
1057 718 1251 785 dubio
1282 725 1413 802 pice
1445 720 1797 805 fervefacta
1817 767 1833 796 ,
1874 719 2041 804 quod
2079 718 2322 806 legitur
2360 718 2529 804 apud
2554 714 2879 784 Caesarem

508 825 581 892 B.
633 824 714 892 G.
766 823 901 891 VII.
953 825 1062 891 22.

605 1037 753 1103 136.
818 1040 1060 1104 necdum
1122 1061 1533 1121 superaveram
1596 1040 1848 1103 cellulae
1895 1044 2068 1104 limen
2087 1089 2105 1123 ‚
2153 1062 2283 1104 cwm
2326 1040 2737 1104 animadverto
2793 1038 2887 1102 Oe-

506 1146 775 1209 notheam
822 1167 949 1208 cum
998 1152 1141 1209 testo
1187 1149 1344 1226 iqui-3
1382 1146 1561 1228 pleno
1611 1147 1934 1211 venientem
1982 1195 1998 1211 .
2026 1196 2042 1213 .
2071 1194 2084 1210 .
2118 1194 2132 1210 .
2192 1147 2500 1211 collocavit
2544 1147 2663 1210 illa
2713 1147 2887 1227 {quem

506 1252 695 1315 cassis
719 1244 726 1251 ’
754 1251 1153 1315 arundinibus
1213 1252 1546 1329 collectum,
1615 1253 1973 1338 inqeetisquc
2018 1276 2195 1336 cuper
2229 1255 2512 1337 pluribus
2560 1254 2752 1334 liquis
2796 1275 2888 1316 ea·-

510 1380 722 1422 cusare
783 1359 970 1441 coepit
1030 1380 1267 1421 moram.
1339 1395 1418 1405 -
1486 1358 1818 1424 Intellexit
1880 1358 2306 1425 Buechelerus
2363 1361 2681 1424 collocavit
2752 1360 2885 1424 ferri

510 1485 634 1530 non
714 1485 922 1550 posse,
1001 1468 1151 1550 quia
1229 1486 1352 1530 non
1419 1463 1716 1551 legamus
1782 1466 1891 1530 ubi
1954 1465 2312 1543 collocarit;
2385 1466 2887 1531 emendationem

511 1591 659 1637 vero
715 1569 1106 1655 probabilem
1155 1573 1424 1636 minime
1469 1573 1814 1657 proposuit.
1868 1571 2034 1637 Satis
2081 1578 2293 1637 autem
2348 1575 2757 1657 perspicuum
2808 1578 2894 1635 est

511 1697 727 1743 veram
792 1676 1132 1742 lectionem
1194 1697 1327 1742 esse
1391 1678 1673 1760 conflavit
1720 1678 1834 1740 illa
1880 1683 2097 1759 ἐφεῆς
2153 1679 2230 1741 cf.
2281 1676 2496 1743 Plaut.
2550 1677 2727 1743 Rud.
2778 1676 2891 1742 111.

514 1783 578 1853 4.
633 1781 753 1862 593
805 1782 972 1848 Plin.
1023 1783 1111 1849 H.
1158 1784 1244 1850 N.
1287 1782 1572 1849 XXXV.
1626 1784 1726 1848 11.
1781 1782 1887 1860 4Ο;
1941 1782 2026 1848 32
2073 1789 2137 1849 et
2187 1782 2291 1848 38.

610 1995 758 2063 136.
807 2021 972 2084 quem
1020 2020 1175 2061 anus
1221 2009 1291 2061 ut
1334 2000 1488 2061 vidit
1509 2047 1527 2081 ,
1575 2006 1694 2062 tam
1739 2021 2010 2079 maynum
2055 2021 2238 2085 aeque
2281 2000 2586 2063 clamorem
2636 1999 2892 2071 mmm,

522 2113 587 2170 ut
621 2114 876 2188 putares
923 2110 1134 2168 iterum
1182 2127 1418 2169 anseres
1462 2105 1643 2167 limen
1688 2106 1962 2168 intrasse.
2017 2143 2092 2155 --
2150 2104 2223 2169 V.
2275 2128 2455 2191 acque
2500 2127 2547 2169 s.
2600 2128 2785 2190 eque,
2832 2108 2897 2167 ut

515 2219 611 2276 est
680 2215 748 2276 in
818 2211 1063 2296 aliquot
1130 2210 1352 2294 libris,
1421 2216 1790 2296 corruptum
1860 2232 1993 2276 esse
2054 2214 2290 2276 iterum
2360 2218 2526 2276 recte
2572 2212 2895 2276 annotavit

515 2316 938 2382 Buechelerus
961 2367 977 2400 ,
1034 2320 1143 2402 qui
1193 2317 1580 2384 adiectivum
1646 2317 1820 2382 velut
1867 2327 2198 2403 crucemque
2244 2318 2641 2383 intercidisse
2692 2319 2893 2403 suspi-

513 2429 708 2488 catur.
774 2420 1179 2488 Probabilius
1241 2424 1538 2488 existimo
1603 2423 1979 2488 Petronium
2048 2426 2372 2509 scripsisse
2441 2431 2559 2487 tam
2630 2445 2894 2505 παραφε

514 2552 640 2594 ecce
685 2530 990 2594 clamorem
1037 2529 1318 2606 sustulit,
1363 2536 1435 2593 ut
1473 2527 1861 2617 significaret
1901 2551 2094 2593 anum
2149 2534 2384 2594 anseris
2424 2532 2612 2595 occisi
2665 2536 2893 2615 specta·

514 2636 658 2702 culo
707 2634 1060 2722 perculsam
1111 2657 1184 2701 ex
1234 2637 1581 2720 improviso
1625 2634 1968 2701 clamorem
2020 2636 2310 2701 edidisse.

1892 2786 1955 2853 J.
2000 2787 2061 2852 J.
2111 2784 2726 2853 OORNELISSEN.

1487 3065 1969 3075 *-

1583 3316 1831 3365 sunus.

609 3539 671 3584 v.
718 3516 1032 3598 Ἀλοιζῶνε
1085 3554 1169 3565 -
1223 3518 1490 3583 Πλάτων
1540 3516 1601 3582 δὲ
1651 3516 2047 3597 ὦλαζόσιν
2093 3517 2230 3581 ἀντὶ
2278 3521 2385 3582 τοῦ
2431 3516 2803 3595 ψεύσταις.

608 3622 679 3688 In
748 3622 1034 3689 Platonis
1098 3623 1315 3705 Lyside
1379 3646 1522 3712 pag.
1576 3621 1711 3688 218
1758 3626 1814 3688 d.
1882 3624 2131 3689 editur:
2190 3624 2514 3706 Φοβοῦμαι
2565 3627 2653 3700 μὴ
2700 3622 2889 3700 ὥσπερ

512 3730 835 3810 ἀνθρώποις
891 3729 1155 3811 ἆλαζόσι
1203 3730 1412 3807 λόγοις
1462 3729 1582 3794 τισὶ
1636 3729 1919 3800 τοιούτοις
1971 3730 2317 3815 [ψευδέσιν]
2367 3731 2885 3811 ἐντετυχήκαμεν.

512 3835 933 3904 Manifestum
1000 3836 1320 3902 emblema
1380 3844 1494 3901 est.
1590 3836 1772 3916 Quod
1830 3836 2086 3902 affertur
2132 3837 2208 3901 ad
2259 3836 2705 3904 stabiliendam
2755 3835 2885 3903 vul·

511 3949 734 4034 getam
797 3965 874 4009 ex
942 3943 1164 4025 Gor-qia
1229 3963 1376 4030 pag.
1428 3940 1583 4008 493.
1633 3944 1700 4008 b:
1767 3943 1871 4007 καὶ
1937 3950 2174 4023 φοροῖεν
2238 3944 2324 4014 εἷς
2390 3944 2491 4007 τὸν
2538 3944 2887 4025 τετρημένον

513 4051 683 4118 πίθον
752 4049 901 4131 ὕδωρ
966 4048 1143 4130 ἑτέρῳ
1215 4050 1461 4129 τοιούτῳ
1537 4049 1939 4134 [τετρημένῳ]
2014 4049 2264 4130 κοσκίνῳ
2334 4051 2554 4115 eodem
2625 4049 2885 4116 remedio

516 4157 893 4226 sanandum.

2436 4260 2512 4330 o.
2559 4261 2639 4331 e.
2690 4208 2789 4331 o(

1557 4390 1844 4399 ——
