3192 5017
583 233 711 300 132
1640 250 1899 301 seneca.

582 427 670 491 cio
733 434 856 490 tola
912 433 1172 508 potestas
1237 447 1360 488 mea
1410 432 1527 501 eat,
1581 447 1681 505 eyo
1730 425 1946 489 iudica.
2041 425 2255 509 Itaque
2302 446 2417 487 non
2455 445 2664 507 separo
2716 423 2837 486 icta
2882 447 2978 487 m

584 534 820 597 diduco.
869 530 990 596 Illa
1044 531 1281 597 locutio
1324 533 1525 595 mirae
1563 537 1659 596 est
1699 533 1964 596 inertiae
2008 537 2072 596 et
2112 530 2474 617 languoris,
2521 531 2588 595 in
2628 529 2752 594 hac
2791 530 2980 596 verba

582 663 681 718 eqo
744 639 973 714 iudico,
1046 636 1341 702 lacunam
1406 637 1597 702 olent.
1691 637 1939 703 Neutra
1985 637 2263 703 colorem
2313 635 2450 701 stili
2496 657 2691 721 quem
2744 635 2980 703 Seneca

584 765 837 829 semper
893 743 1170 819 affectat,
1243 743 1540 819 exhibet,
1610 765 1800 828 quem
1863 743 2129 829 parvula
2175 746 2564 827 mutatione,
2614 743 2786 828 quod
2833 744 2981 809 boni

582 849 774 914 habet
822 855 1091 933 utraque
1138 847 1328 914 lectio
1377 852 1802 936 coniungens,
1852 850 2019 914 mihi
2067 850 2286 915 videor
2332 849 2706 914 restituisse.
2805 849 2979 936 Lego

583 962 837 1021 autem:
903 954 976 1019 In
1042 952 1341 1020 beneficio
1406 961 1539 1020 tota
1605 962 1883 1040 potestas
1944 976 2088 1020 mea
2148 961 2273 1020 est:
2328 975 2448 1041 ego
2494 962 2566 1018 et
2613 977 2754 1037 ayo
2806 957 2977 1040 (prm

581 1063 807 1148 itaque)
860 1070 929 1126 et
977 1063 1275 1125 iudico.
1374 1061 1519 1127 Non
1568 1083 1786 1147 separo
1835 1064 1950 1126 illa
1998 1084 2111 1127 nec
2159 1061 2391 1127 diduco
2438 1084 2491 1127 e.
2541 1083 2601 1146 q.
2645 1083 2697 1126 s.

674 1169 779 1236 Ad
844 1169 1044 1234 Marc.
1112 1169 1189 1233 ds
1252 1190 1418 1235 cons.
1483 1168 1543 1232 X
1609 1168 1670 1231 4.
1764 1168 1922 1234 Vita
1984 1169 2194 1234 brevis
2258 1175 2387 1234 est:
2437 1168 2778 1252 rapiendae
2828 1189 2977 1255 ergo

583 1275 981 1360 voluptates,
1045 1295 1202 1360 quas
1266 1296 1344 1339 ex
1404 1276 1772 1339 necessariis
1833 1277 2065 1339 nostris
2124 1276 2451 1360 capimus,
2512 1276 2889 1360 parentibus
2945 1297 2981 1341 e

583 1384 835 1460 liberis,
903 1381 1121 1448 liberis
1184 1405 1220 1446 e
1282 1382 1671 1465 parentibus.
1764 1380 1936 1446 Mors
1999 1384 2196 1446 instat
2247 1383 2419 1458 „iam
2470 1381 2812 1446 desicietur
2864 1386 2983 1448 iste

591 1491 1012 1572 „comitatus‚
1085 1491 1217 1553 iam
1291 1488 1702 1553 contubernia
1771 1489 1896 1551 ista
1968 1486 2220 1552 sublato
2290 1486 2567 1552 clamore
2633 1487 2981 1554 solventur.

591 1597 855 1682 „rapina
919 1615 1134 1660 rerum
1185 1597 1474 1659 omnium
1526 1599 1641 1658 est.
1705 1593 1908 1657 miseri
1966 1594 2206 1657 nescitis
2254 1600 2317 1656 in
2353 1595 2515 1679 fuya
2560 1594 2814 1659 viverel’
2912 1595 2987 1658 In

587 1701 972 1789 Madvigius
1021 1722 1055 1766 e
1118 1701 1478 1767 coniectura
1540 1705 1759 1786 postea
1822 1699 2149 1765 codicibus
2206 1699 2412 1765 denuo
2461 1700 2715 1766 collatis
2763 1701 2987 1767 confir·

584 1815 798 1890 mata,
862 1806 1151 1872 addebat.
1247 1806 1332 1870 Ni
1401 1805 1589 1872 fallor
1649 1808 1962 1870 sententia
2024 1806 2306 1871 nondum
2368 1808 2489 1871 erit
2536 1807 2816 1891 perfecta
2864 1810 2985 1872 nisi

585 1913 831 1979 duabus
876 1912 1184 1979 litterulis
1226 1913 1495 1989 additis,
1539 1914 1634 1977 ita
1674 1917 1747 1976 ut
1790 1912 2131 1976 scribatur:
2175 1912 2400 1976 Miseri
2434 1929 2496 1978 sl
2518 1913 2586 1975 in
2601 1913 2767 1998 fuya
2790 1914 2987 1978 vivere

582 2022 862 2083 nescitis!
952 2019 1249 2104 Namque
1297 2039 1500 2103 neque
1547 2020 1892 2083 miseratur
1939 2016 2204 2101 Seneca,
2254 2038 2459 2102 neque
2497 2018 2802 2105 obiurgat
2842 2040 2983 2096 eos,

585 2146 740 2209 quos
805 2124 1203 2210 adloquitur,
1272 2123 1438 2209 quod
1501 2129 1669 2188 recte
1734 2124 1948 2189 vivere
2011 2126 2337 2201 nesciunt,
2408 2124 2517 2190 sed
2580 2125 2984 2203 cohortatur,

585 2237 658 2296 ut
707 2252 817 2316 per
858 2251 1135 2315 parvum
1185 2232 1358 2296 vitae
1411 2236 1697 2314 tempus,
1748 2250 1937 2314 quam
1986 2231 2270 2295 maxima
2310 2230 2643 2316 voluptate
2681 2231 2873 2297 alteri
2910 2254 2987 2299 ex

586 2337 806 2404 alteris
853 2338 1167 2401 fruantur.

677 2443 747 2508 In
796 2444 1003 2528 capite
1050 2443 1342 2525 proximo
1391 2440 1602 2506 mult-a
1648 2443 1936 2528 graviter
1987 2443 2242 2508 turbata
2290 2449 2474 2526 sunt,
2524 2464 2685 2528 quae
2734 2466 2772 2510 a
2810 2445 2993 2511 Mad·

584 2549 763 2635 vigio
813 2547 884 2613 V.
937 2546 1007 2616 G.
1057 2549 1296 2632 partim
1347 2549 1605 2633 egregie
1653 2553 1803 2611 sunt
1853 2548 2192 2612 emendata
2236 2551 2473 2633 partim
2524 2552 2741 2615 minus
2788 2550 2990 2617 felici·
3120 2607 3121 2612 ,

589 2662 683 2719 ter
744 2659 1016 2718 mutata.
1109 2651 1574 2717 Moderandum
1628 2659 1723 2716 est
1771 2652 1973 2717 dolori
2022 2660 2084 2718 et
2130 2659 2387 2739 propter
2432 2675 2745 2741 magnum
2793 2657 2993 2723 malo·
3120 2641 3121 2644 Ἴ

584 2781 730 2824 rum
785 2762 1030 2844 copiam
1080 2758 1348 2823 humani
1396 2761 1670 2842 pectoris
1719 2759 1963 2823 viribus
2012 2759 2424 2843 parcendum.
2524 2759 2772 2828 Deinde
2819 2763 2991 2830 Mar·
3120 2745 3121 2752 ἵ

588 2869 754 2931 ciam
803 2864 1204 2949 adloquitur:
1253 2864 1472 2941 „Quae
1520 2863 1744 2929 deinde
1791 2867 1917 2929 ista
1973 2884 2122 2930 suae
2188 2865 2259 2951 (1.
2327 2877 2464 2931 tuae
2525 2889 2675 2932 cum
2742 2868 2891 2937 MS.
2936 2869 2991 2935 E

589 2974 840 3059 signato
910 2973 976 3035 in
1042 2970 1319 3036 editione
1395 2970 1656 3055 Kochii)
1751 2969 2212 3055 „publicaeque
2289 2972 2668 3039 conditionis
2748 2975 2991 3041 oblivio

593 3074 772 3155 „est?
864 3075 1156 3142 Mortalis
1220 3084 1368 3141 nata
1430 3096 1532 3151 es,
1603 3075 1903 3142 mortales
1965 3079 2287 3162 peperisti.
2382 3078 2582 3144 Putre
2646 3082 2788 3166 ipsa
2850 3081 2993 3148 flui-
3120 3093 3121 3146 1

597 3183 920 3266 „dumque
983 3203 1210 3266 corpus
1271 3188 1334 3246 et
1396 3185 1605 3247 causis
1665 3185 1933 3268 repetita
1989 3186 2257 3267 sperasti
2307 3191 2435 3248 tam
2479 3186 2809 3253 imbecilla
2857 3207 2990 3254 ma·

596 3290 798 3367 „teria
878 3289 1081 3354 solida
1163 3295 1228 3353 et
1307 3293 1561 3354 aeterna
1637 3295 1919 3376 gestasse
1936 3287 2005 3354 ‘P’
2094 3290 2433 3357 Immerito
2503 3293 2670 3358 mihi
2734 3294 2990 3360 videtur

595 3395 966 3482 Madvigius
1054 3395 1131 3460 de
1215 3394 1465 3459 ultimis
1553 3395 1761 3460 verbis
1833 3396 2176 3461 dubitasse.
2276 3398 2560 3483 „Nemo,
2632 3402 2849 3485 inquit
2901 3399 2985 3485 ¹),

595 3500 824 3580 „facile
890 3523 1146 3567 causam
1212 3521 1323 3586 pro
1372 3502 1590 3567 morbo
1640 3503 1733 3566 ita
1780 3502 2049 3587 posuit.”
2149 3503 2349 3568 Causa
2395 3525 2543 3570 vero
2591 3526 2718 3571 non
2767 3508 2987 3592 utique

595 3614 824 3672 morbus
871 3607 1189 3695 significet
1237 3628 1491 3673 necesse
1539 3613 1670 3683 est,
1722 3614 1817 3673 est
1864 3610 2115 3693 saepius
2161 3609 2332 3675 idem
2383 3610 2512 3676 fere
2560 3612 2726 3696 quod
2783 3637 2985 3696 casm,

596 3716 676 3781 cf.
725 3714 844 3799 Ep.
901 3712 1006 3778 58.
1059 3713 1167 3779 21.
1221 3715 1342 3791 „de
1389 3713 1647 3779 homine
1694 3714 1866 3791 dixi,
1918 3714 2160 3781 fluvida
2208 3719 2474 3781 materia
2520 3724 2585 3783 et
2631 3718 2873 3785 caduca
2923 3726 2987 3785 et

592 3821 858 3885 omnibus
905 3822 1174 3885 obnoxia
1221 3819 1475 3883 causis?
1521 3819 1599 3884 In
1646 3824 2049 3888 annotatione
2090 3823 2169 3887 ad
2208 3823 2479 3888 eundem
2521 3823 2795 3890 Advers.
2824 3823 2983 3892 Crit.

590 3927 836 4003 locum,
890 3925 1265 4012 Madvigius
1311 3926 1523 3991 addit:
1577 3928 1953 4004 „Camarina
1999 3927 2270 4005 dicitur,
2323 3932 2434 4013 qui
2483 3949 2561 3994 ex
2607 3932 2833 3996 morbo
2885 3951 2987 3996 va-

596 4033 861 4099 cationis
908 4052 1164 4098 causam
1213 4032 1439 4118 habet,
1492 4032 1748 4099 aliunde
1796 4033 1987 4099 ducto
2037 4033 2214 4098 usu.''
2262 4034 2489 4100 Procul
2531 4035 2725 4102 dubio
2764 4058 2985 4103 verum

590 4145 723 4217 est,
787 4140 1099 4203 causariae
1154 4158 1302 4205 vero
1350 4140 1547 4204 etiam
1595 4144 1690 4204 est
1739 4140 1928 4205 homo
1979 4143 2090 4226 qui
2137 4140 2323 4207 facile
2370 4143 2439 4205 in
2487 4142 2788 4207 morbum
2834 4146 2988 4210 inci·

667 4375 716 4440 1)
752 4372 946 4421 Advers.
986 4371 1105 4420 Crit.
1149 4371 1219 4419 11.
1257 4385 1360 4435 pag.
1404 4369 1514 4417 851,
