<?xml version="1.0" encoding="UTF-8"?>
<!DOCTYPE html PUBLIC "-//W3C//DTD XHTML 1.0 Transitional//EN"
    "http://www.w3.org/TR/xhtml1/DTD/xhtml1-transitional.dtd">
<html xmlns="http://www.w3.org/1999/xhtml" xml:lang="en" lang="en">
 <head>
  <title>
</title>
<meta http-equiv="Content-Type" content="text/html;charset=utf-8" />
  <meta name='ocr-system' content='tesseract 3.04.00' />
  <meta name='ocr-capabilities' content='ocr_page ocr_carea ocr_par ocr_line ocrx_word'/>
</head>
<body>
  <div class='ocr_page' id='page_1' title='image "./mnemosynebiblio14servgoog_0060.png"; bbox 0 0 3192 5017; ppageno 0'>
   <div class='ocr_carea' id='block_1_1' title="bbox 430 256 1801 330">
    <p class='ocr_par' dir='ltr' id='par_1_1' title="bbox 430 256 1801 330">
     <span class='ocr_line' id='line_1_1' title="bbox 430 256 1801 330; baseline 0.004 -6"><span class='ocrx_word' id='word_1_1' title='bbox 430 256 516 324; x_wconf 79' lang='lat'><strong>52</strong></span> <span class='ocrx_word' id='word_1_2' title='bbox 1451 273 1801 330; x_wconf 70' lang='lat' dir='ltr'><strong>coenamus</strong></span> 
     </span>
    </p>
   </div>
   <div class='ocr_carea' id='block_1_2' title="bbox 420 448 2836 4470">
    <p class='ocr_par' dir='ltr' id='par_1_2' title="bbox 428 448 2836 752">
     <span class='ocr_line' id='line_1_2' title="bbox 429 448 2834 539; baseline 0 -24"><span class='ocrx_word' id='word_1_3' title='bbox 429 449 953 527; x_wconf 75' lang='grc' dir='ltr'><strong><em>τεθριπποτρόφου</em></strong></span> <span class='ocrx_word' id='word_1_4' title='bbox 1005 449 1266 536; x_wconf 89' lang='lat' dir='ltr'><strong>(Herod.</strong></span> <span class='ocrx_word' id='word_1_5' title='bbox 1316 450 1423 517; x_wconf 88' lang='lat' dir='ltr'><strong>VI.</strong></span> <span class='ocrx_word' id='word_1_6' title='bbox 1477 450 1612 539; x_wconf 79' lang='lat'><strong>35.)</strong></span> <span class='ocrx_word' id='word_1_7' title='bbox 1666 456 1764 517; x_wconf 89' lang='lat' dir='ltr'><strong>ter</strong></span> <span class='ocrx_word' id='word_1_8' title='bbox 1809 451 2103 536; x_wconf 81' lang='lat' dir='ltr'><strong>deinceps</strong></span> <span class='ocrx_word' id='word_1_9' title='bbox 2150 449 2480 539; x_wconf 78' lang='lat' dir='ltr'><strong>quadrigis</strong></span> <span class='ocrx_word' id='word_1_10' title='bbox 2527 448 2834 538; x_wconf 81' lang='lat' dir='ltr'><strong>Olympia</strong></span> 
     </span>
     <span class='ocr_line' id='line_1_3' title="bbox 428 555 2836 649; baseline 0 -28"><span class='ocrx_word' id='word_1_11' title='bbox 428 558 588 622; x_wconf 70' lang='lat' dir='ltr'><strong>vicit</strong></span> <span class='ocrx_word' id='word_1_12' title='bbox 634 555 1018 644; x_wconf 81' lang='lat' dir='ltr'>Olympiade</span> <span class='ocrx_word' id='word_1_13' title='bbox 1087 556 1303 633; x_wconf 87' lang='lat' dir='ltr'>XLII,</span> <span class='ocrx_word' id='word_1_14' title='bbox 1375 558 1587 623; x_wconf 86' lang='lat' dir='ltr'>XLIII</span> <span class='ocrx_word' id='word_1_15' title='bbox 1642 564 1707 624; x_wconf 91' lang='lat' dir='ltr'><strong>et</strong></span> <span class='ocrx_word' id='word_1_16' title='bbox 1775 556 2027 649; x_wconf 52' lang='lat' dir='ltr'>XL1V2</span> <span class='ocrx_word' id='word_1_17' title='bbox 2094 559 2274 623; x_wconf 84' lang='lat' dir='ltr'><strong>aunis</strong></span> <span class='ocrx_word' id='word_1_18' title='bbox 2339 556 2491 634; x_wconf 63' lang='lat'><strong>5252,</strong></span> <span class='ocrx_word' id='word_1_19' title='bbox 2562 555 2693 622; x_wconf 80' lang='lat'><strong>528</strong></span> <span class='ocrx_word' id='word_1_20' title='bbox 2767 563 2836 622; x_wconf 91' lang='lat' dir='ltr'><strong>et</strong></span> 
     </span>
     <span class='ocr_line' id='line_1_4' title="bbox 428 661 1803 752; baseline 0 -24"><span class='ocrx_word' id='word_1_21' title='bbox 428 661 582 728; x_wconf 82' lang='lat'>524.</span> <span class='ocrx_word' id='word_1_22' title='bbox 635 667 800 752; x_wconf 82' lang='lat' dir='ltr'><strong>teste</strong></span> <span class='ocrx_word' id='word_1_23' title='bbox 838 661 1163 729; x_wconf 81' lang='lat' dir='ltr'><strong>Herodoto</strong></span> <span class='ocrx_word' id='word_1_24' title='bbox 1210 663 1317 729; x_wconf 92' lang='lat' dir='ltr'><strong>VI.</strong></span> <span class='ocrx_word' id='word_1_25' title='bbox 1374 663 1478 730; x_wconf 86' lang='lat'><strong>36.</strong></span> <span class='ocrx_word' id='word_1_26' title='bbox 1532 673 1597 732; x_wconf 88' lang='lat' dir='ltr'><strong>et</strong></span> <span class='ocrx_word' id='word_1_27' title='bbox 1650 664 1803 731; x_wconf 85' lang='lat'>103.</span> 
     </span>
    </p>

    <p class='ocr_par' dir='ltr' id='par_1_3' title="bbox 430 768 2829 1069">
     <span class='ocr_line' id='line_1_5' title="bbox 516 768 2829 858; baseline -0 -23"><span class='ocrx_word' id='word_1_28' title='bbox 516 768 696 835; x_wconf 84' lang='lat' dir='ltr'>Idem</span> <span class='ocrx_word' id='word_1_29' title='bbox 782 770 1062 855; x_wconf 88' lang='lat' dir='ltr'><strong>quinque</strong></span> <span class='ocrx_word' id='word_1_30' title='bbox 1149 772 1424 836; x_wconf 86' lang='lat' dir='ltr'><strong>navibus</strong></span> <span class='ocrx_word' id='word_1_31' title='bbox 1492 793 1643 858; x_wconf 89' lang='lat' dir='ltr'><strong>opes</strong></span> <span class='ocrx_word' id='word_1_32' title='bbox 1715 792 1863 836; x_wconf 89' lang='lat' dir='ltr'><strong>suas</strong></span> <span class='ocrx_word' id='word_1_33' title='bbox 1932 791 2010 836; x_wconf 83' lang='lat' dir='ltr'><strong>ex</strong></span> <span class='ocrx_word' id='word_1_34' title='bbox 2082 769 2469 837; x_wconf 75' lang='lat' dir='ltr'><strong>Chersoneso</strong></span> <span class='ocrx_word' id='word_1_35' title='bbox 2540 768 2829 835; x_wconf 83' lang='lat' dir='ltr'><strong>Athenas</strong></span> 
     </span>
     <span class='ocr_line' id='line_1_6' title="bbox 430 875 2829 963; baseline 0 -22"><span class='ocrx_word' id='word_1_36' title='bbox 430 879 923 961; x_wconf 87' lang='lat' dir='ltr'><strong>transportavit,</strong></span> <span class='ocrx_word' id='word_1_37' title='bbox 988 897 1261 961; x_wconf 87' lang='lat' dir='ltr'><strong>quarum</strong></span> <span class='ocrx_word' id='word_1_38' title='bbox 1320 899 1450 942; x_wconf 90' lang='lat' dir='ltr'><strong>una</strong></span> <span class='ocrx_word' id='word_1_39' title='bbox 1512 879 1590 943; x_wconf 90' lang='lat' dir='ltr'><strong>ab</strong></span> <span class='ocrx_word' id='word_1_40' title='bbox 1651 878 1832 943; x_wconf 88' lang='lat' dir='ltr'><strong>hoste</strong></span> <span class='ocrx_word' id='word_1_41' title='bbox 1881 886 2065 963; x_wconf 88' lang='lat' dir='ltr'><strong>capta</strong></span> <span class='ocrx_word' id='word_1_42' title='bbox 2112 882 2208 942; x_wconf 89' lang='lat' dir='ltr'><strong>est</strong></span> <span class='ocrx_word' id='word_1_43' title='bbox 2227 924 2245 954; x_wconf 89' lang='lat'>,</span> <span class='ocrx_word' id='word_1_44' title='bbox 2294 882 2564 962; x_wconf 87' lang='lat' dir='ltr'><strong>quatuor</strong></span> <span class='ocrx_word' id='word_1_45' title='bbox 2610 875 2829 963; x_wconf 85' lang='lat' dir='ltr'><strong>salvae</strong></span> 
     </span>
     <span class='ocr_line' id='line_1_7' title="bbox 430 971 1827 1069; baseline 0 -23"><span class='ocrx_word' id='word_1_46' title='bbox 430 981 714 1048; x_wconf 77' lang='lat' dir='ltr'><strong>Athenas</strong></span> <span class='ocrx_word' id='word_1_47' title='bbox 762 988 1186 1068; x_wconf 84' lang='lat' dir='ltr'><strong>pervenerunt</strong></span> <span class='ocrx_word' id='word_1_48' title='bbox 1232 971 1499 1068; x_wconf 85' lang='lat' dir='ltr'><strong>(Herod.</strong></span> <span class='ocrx_word' id='word_1_49' title='bbox 1550 981 1641 1049; x_wconf 87' lang='lat' dir='ltr'><strong>VI</strong></span> <span class='ocrx_word' id='word_1_50' title='bbox 1692 982 1827 1069; x_wconf 87' lang='lat'>41).</span> 
     </span>
    </p>

    <p class='ocr_par' dir='ltr' id='par_1_4' title="bbox 425 1084 2832 2555">
     <span class='ocr_line' id='line_1_8' title="bbox 520 1084 2830 1176; baseline 0 -22"><span class='ocrx_word' id='word_1_51' title='bbox 520 1084 746 1156; x_wconf 88' lang='lat' dir='ltr'><strong>Cimon</strong></span> <span class='ocrx_word' id='word_1_52' title='bbox 817 1091 951 1174; x_wconf 90' lang='lat' dir='ltr'><strong>ipse</strong></span> <span class='ocrx_word' id='word_1_53' title='bbox 1023 1109 1293 1176; x_wconf 85' lang='lat' dir='ltr'><strong>magnas</strong></span> <span class='ocrx_word' id='word_1_54' title='bbox 1362 1110 1512 1174; x_wconf 91' lang='lat' dir='ltr'><strong>opes</strong></span> <span class='ocrx_word' id='word_1_55' title='bbox 1581 1110 1620 1154; x_wconf 93' lang='lat' dir='ltr'><strong>a</strong></span> <span class='ocrx_word' id='word_1_56' title='bbox 1687 1093 1868 1175; x_wconf 88' lang='lat' dir='ltr'><strong>patre</strong></span> <span class='ocrx_word' id='word_1_57' title='bbox 1941 1088 2194 1155; x_wconf 87' lang='lat' dir='ltr'><strong>relictas</strong></span> <span class='ocrx_word' id='word_1_58' title='bbox 2260 1089 2555 1155; x_wconf 83' lang='lat' dir='ltr'><strong>habebat.</strong></span> <span class='ocrx_word' id='word_1_59' title='bbox 2650 1088 2830 1154; x_wconf 82' lang='lat' dir='ltr'><strong>Audi</strong></span> 
     </span>
     <span class='ocr_line' id='line_1_9' title="bbox 425 1192 2824 1281; baseline 0 -21"><span class='ocrx_word' id='word_1_60' title='bbox 425 1192 852 1260; x_wconf 79' lang='lat' dir='ltr'><strong>Plutarchum</strong></span> <span class='ocrx_word' id='word_1_61' title='bbox 898 1196 966 1258; x_wconf 92' lang='lat' dir='ltr'><strong>in</strong></span> <span class='ocrx_word' id='word_1_62' title='bbox 1009 1194 1389 1259; x_wconf 71' lang='lat' dir='ltr'><strong>Themistocle</strong></span> <span class='ocrx_word' id='word_1_63' title='bbox 1420 1194 1519 1260; x_wconf 88' lang='lat' dir='ltr'><strong>V:</strong></span> <span class='ocrx_word' id='word_1_64' title='bbox 1560 1196 1646 1267; x_wconf 78' lang='grc' dir='ltr'><strong>εἰς</strong></span> <span class='ocrx_word' id='word_1_65' title='bbox 1681 1194 2049 1272; x_wconf 78' lang='grc' dir='ltr'><strong><em>Ὀλυμπίαν</em></strong></span> <span class='ocrx_word' id='word_1_66' title='bbox 2089 1196 2269 1260; x_wconf 74' lang='grc' dir='ltr'><strong><em>ἐλθὼν</em></strong></span> <span class='ocrx_word' id='word_1_67' title='bbox 2306 1194 2824 1281; x_wconf 80' lang='lat' dir='ltr'><strong>(Themistocles)</strong></span> 
     </span>
     <span class='ocr_line' id='line_1_10' title="bbox 425 1300 2830 1381; baseline -0 -15"><span class='ocrx_word' id='word_1_68' title='bbox 425 1300 531 1366; x_wconf 78' lang='grc' dir='ltr'><strong>καὶ</strong></span> <span class='ocrx_word' id='word_1_69' title='bbox 602 1300 1097 1377; x_wconf 72' lang='grc' dir='ltr'><strong><em>διαμιλλώμενος</em></strong></span> <span class='ocrx_word' id='word_1_70' title='bbox 1158 1302 1243 1380; x_wconf 77' lang='grc' dir='ltr'><strong>τῷ</strong></span> <span class='ocrx_word' id='word_1_71' title='bbox 1306 1301 1535 1378; x_wconf 81' lang='grc' dir='ltr'><strong><em>Κίμωνι</em></strong></span> <span class='ocrx_word' id='word_1_72' title='bbox 1599 1302 1732 1381; x_wconf 83' lang='grc' dir='ltr'><strong><em>περ)</em></strong></span> <span class='ocrx_word' id='word_1_73' title='bbox 1797 1301 2018 1367; x_wconf 75' lang='grc' dir='ltr'><strong><em>δεῖπνα</em></strong></span> <span class='ocrx_word' id='word_1_74' title='bbox 2084 1302 2189 1366; x_wconf 77' lang='grc' dir='ltr'><strong>καὶ</strong></span> <span class='ocrx_word' id='word_1_75' title='bbox 2255 1302 2483 1377; x_wconf 72' lang='grc' dir='ltr'><strong><em>σκηνὰς</em></strong></span> <span class='ocrx_word' id='word_1_76' title='bbox 2557 1300 2660 1366; x_wconf 76' lang='grc' dir='ltr'><strong>καὶ</strong></span> <span class='ocrx_word' id='word_1_77' title='bbox 2714 1303 2830 1374; x_wconf 70' lang='grc' dir='ltr'><strong>τὴν</strong></span> 
     </span>
     <span class='ocr_line' id='line_1_11' title="bbox 427 1403 2827 1488; baseline -0 -17"><span class='ocrx_word' id='word_1_78' title='bbox 427 1403 630 1480; x_wconf 73' lang='grc' dir='ltr'><strong><em>ἄλλην</em></strong></span> <span class='ocrx_word' id='word_1_79' title='bbox 700 1407 1126 1487; x_wconf 71' lang='grc' dir='ltr'><strong>λαμπρότητα</strong></span> <span class='ocrx_word' id='word_1_80' title='bbox 1194 1407 1300 1473; x_wconf 76' lang='grc' dir='ltr'><strong>καὶ</strong></span> <span class='ocrx_word' id='word_1_81' title='bbox 1372 1410 1771 1488; x_wconf 66' lang='grc' dir='ltr'><strong><em>παρασκευὴν</em></strong></span> <span class='ocrx_word' id='word_1_82' title='bbox 1840 1410 1946 1474; x_wconf 80' lang='grc' dir='ltr'><strong>οὐκ</strong></span> <span class='ocrx_word' id='word_1_83' title='bbox 2016 1409 2229 1487; x_wconf 79' lang='grc' dir='ltr'><strong><em>ἤρεσκε</em></strong></span> <span class='ocrx_word' id='word_1_84' title='bbox 2303 1416 2431 1480; x_wconf 78' lang='grc' dir='ltr'><strong><em>τοῖς</em></strong></span> <span class='ocrx_word' id='word_1_85' title='bbox 2492 1410 2827 1483; x_wconf 81' lang='grc' dir='ltr'><strong><em>Ἕλλησιν.</em></strong></span> 
     </span>
     <span class='ocr_line' id='line_1_12' title="bbox 430 1512 2829 1597; baseline 0.001 -20"><span class='ocrx_word' id='word_1_86' title='bbox 430 1513 635 1592; x_wconf 74' lang='grc' dir='ltr'><strong><em>ἐκείνῳ</em></strong></span> <span class='ocrx_word' id='word_1_87' title='bbox 693 1514 809 1590; x_wconf 74' lang='grc' dir='ltr'><strong>μὲν</strong></span> <span class='ocrx_word' id='word_1_88' title='bbox 869 1513 997 1593; x_wconf 71' lang='grc' dir='ltr'><strong>γὰρ</strong></span> <span class='ocrx_word' id='word_1_89' title='bbox 1059 1512 1181 1578; x_wconf 75' lang='grc' dir='ltr'><strong><em>ὄντα</em></strong></span> <span class='ocrx_word' id='word_1_90' title='bbox 1244 1514 1351 1593; x_wconf 80' lang='grc' dir='ltr'><strong><em>νέῳ</em></strong></span> <span class='ocrx_word' id='word_1_91' title='bbox 1411 1515 1515 1578; x_wconf 81' lang='grc' dir='ltr'><strong>καὶ</strong></span> <span class='ocrx_word' id='word_1_92' title='bbox 1578 1517 1696 1580; x_wconf 71' lang='grc' dir='ltr'><strong>ἀπ’</strong></span> <span class='ocrx_word' id='word_1_93' title='bbox 1760 1517 1953 1589; x_wconf 77' lang='grc' dir='ltr'><strong><em>οἰκίας</em></strong></span> <span class='ocrx_word' id='word_1_94' title='bbox 2004 1514 2299 1593; x_wconf 69' lang='grc' dir='ltr'><strong><em>μεγάλης</em></strong></span> <span class='ocrx_word' id='word_1_95' title='bbox 2340 1513 2517 1597; x_wconf 79' lang='grc' dir='ltr'><strong><em>ᾤοντο</em></strong></span> <span class='ocrx_word' id='word_1_96' title='bbox 2568 1515 2688 1580; x_wconf 75' lang='grc' dir='ltr'><strong><em>δεῖν</em></strong></span> <span class='ocrx_word' id='word_1_97' title='bbox 2736 1517 2829 1579; x_wconf 76' lang='grc' dir='ltr'><strong>τοὶ</strong></span> 
     </span>
     <span class='ocr_line' id='line_1_13' title="bbox 430 1621 2832 1702; baseline 0.001 -19"><span class='ocrx_word' id='word_1_98' title='bbox 430 1623 696 1684; x_wconf 78' lang='grc' dir='ltr'><strong><em>τοιαῦτα</em></strong></span> <span class='ocrx_word' id='word_1_99' title='bbox 760 1629 1144 1700; x_wconf 73' lang='grc' dir='ltr'><strong><em>συγχωρεῖν·</em></strong></span> <span class='ocrx_word' id='word_1_100' title='bbox 1209 1622 1237 1685; x_wconf 79' lang='grc' dir='ltr'><strong><em>ὖ</em></strong></span> <span class='ocrx_word' id='word_1_101' title='bbox 1284 1621 1347 1686; x_wconf 75' lang='grc' dir='ltr'><strong>δὲ</strong></span> <span class='ocrx_word' id='word_1_102' title='bbox 1397 1622 1584 1699; x_wconf 71' lang='grc' dir='ltr'><strong><em>μήπω</em></strong></span> <span class='ocrx_word' id='word_1_103' title='bbox 1634 1622 1930 1700; x_wconf 71' lang='grc' dir='ltr'><strong><em>γνώριμος</em></strong></span> <span class='ocrx_word' id='word_1_104' title='bbox 1979 1623 2249 1699; x_wconf 72' lang='grc' dir='ltr'><strong><em>γεγονὼς</em></strong></span> <span class='ocrx_word' id='word_1_105' title='bbox 2299 1659 2382 1672; x_wconf 90' lang='grc'>-</span> <span class='ocrx_word' id='word_1_106' title='bbox 2434 1622 2832 1702; x_wconf 79' lang='grc' dir='ltr'><strong><em>προσωφλίσ-</em></strong></span> 
     </span>
     <span class='ocr_line' id='line_1_14' title="bbox 430 1724 2828 1815; baseline 0.001 -26"><span class='ocrx_word' id='word_1_107' title='bbox 430 1748 612 1790; x_wconf 82' lang='grc' dir='ltr'><strong><em>κανεν</em></strong></span> <span class='ocrx_word' id='word_1_108' title='bbox 677 1724 1068 1805; x_wconf 69' lang='grc' dir='ltr'><strong><em>ἀλαζονείαν.</em></strong></span> <span class='ocrx_word' id='word_1_109' title='bbox 1168 1729 1335 1793; x_wconf 91' lang='lat' dir='ltr'><strong>Ante</strong></span> <span class='ocrx_word' id='word_1_110' title='bbox 1389 1748 1677 1815; x_wconf 81' lang='lat' dir='ltr'><strong>pugnam</strong></span> <span class='ocrx_word' id='word_1_111' title='bbox 1740 1726 2161 1793; x_wconf 79' lang='lat' dir='ltr'><strong>Salaminiam</strong></span> <span class='ocrx_word' id='word_1_112' title='bbox 2220 1727 2342 1793; x_wconf 91' lang='lat' dir='ltr'><strong>hoc</strong></span> <span class='ocrx_word' id='word_1_113' title='bbox 2407 1728 2647 1793; x_wconf 87' lang='lat' dir='ltr'><strong>factum</strong></span> <span class='ocrx_word' id='word_1_114' title='bbox 2690 1735 2828 1804; x_wconf 86' lang='lat' dir='ltr'><strong>est,</strong></span> 
     </span>
     <span class='ocr_line' id='line_1_15' title="bbox 430 1831 2830 1919; baseline 0.001 -23"><span class='ocrx_word' id='word_1_115' title='bbox 430 1834 731 1917; x_wconf 86' lang='lat' dir='ltr'><strong>quoniam</strong></span> <span class='ocrx_word' id='word_1_116' title='bbox 781 1831 1241 1898; x_wconf 80' lang='lat' dir='ltr'><strong>Themistocles</strong></span> <span class='ocrx_word' id='word_1_117' title='bbox 1288 1832 1451 1898; x_wconf 80' lang='grc' dir='ltr'><strong><em>οὔπω</em></strong></span> <span class='ocrx_word' id='word_1_118' title='bbox 1498 1836 1642 1898; x_wconf 78' lang='grc' dir='ltr'><strong><em>τότε</em></strong></span> <span class='ocrx_word' id='word_1_119' title='bbox 1683 1838 1978 1914; x_wconf 73' lang='grc' dir='ltr'><strong><em>γνώριμος</em></strong></span> <span class='ocrx_word' id='word_1_120' title='bbox 2023 1835 2305 1911; x_wconf 73' lang='grc' dir='ltr'><strong><em>ἐγένετο,</em></strong></span> <span class='ocrx_word' id='word_1_121' title='bbox 2345 1834 2561 1918; x_wconf 85' lang='lat' dir='ltr'><strong>itaque</strong></span> <span class='ocrx_word' id='word_1_122' title='bbox 2594 1832 2830 1919; x_wconf 82' lang='lat' dir='ltr'><strong>Olym-</strong></span> 
     </span>
     <span class='ocr_line' id='line_1_16' title="bbox 428 1938 2828 2028; baseline 0 -25"><span class='ocrx_word' id='word_1_123' title='bbox 428 1938 613 2023; x_wconf 89' lang='lat' dir='ltr'><strong>piade</strong></span> <span class='ocrx_word' id='word_1_124' title='bbox 682 1938 995 2004; x_wconf 86' lang='lat' dir='ltr'>LXXIV.</span> <span class='ocrx_word' id='word_1_125' title='bbox 1070 1959 1233 2005; x_wconf 87' lang='lat' dir='ltr'><strong>anno</strong></span> <span class='ocrx_word' id='word_1_126' title='bbox 1292 1939 1447 2006; x_wconf 85' lang='lat'>484.</span> <span class='ocrx_word' id='word_1_127' title='bbox 1518 1940 1848 2021; x_wconf 83' lang='lat' dir='ltr'><strong>Quantum</strong></span> <span class='ocrx_word' id='word_1_128' title='bbox 1915 1943 2121 2028; x_wconf 79' lang='lat' dir='ltr'><strong>igitur</strong></span> <span class='ocrx_word' id='word_1_129' title='bbox 2187 1941 2291 2005; x_wconf 90' lang='lat' dir='ltr'><strong>his</strong></span> <span class='ocrx_word' id='word_1_130' title='bbox 2360 1943 2579 2025; x_wconf 89' lang='lat' dir='ltr'><strong>paucis</strong></span> <span class='ocrx_word' id='word_1_131' title='bbox 2640 1941 2828 2005; x_wconf 85' lang='lat' dir='ltr'><strong>annis</strong></span> 
     </span>
     <span class='ocr_line' id='line_1_17' title="bbox 429 2041 2827 2132; baseline 0.001 -23"><span class='ocrx_word' id='word_1_132' title='bbox 429 2041 660 2110; x_wconf 82' lang='lat' dir='ltr'><strong>Cimon</strong></span> <span class='ocrx_word' id='word_1_133' title='bbox 715 2050 1005 2111; x_wconf 89' lang='lat' dir='ltr'><strong>mutatus</strong></span> <span class='ocrx_word' id='word_1_134' title='bbox 1067 2053 1164 2111; x_wconf 91' lang='lat' dir='ltr'><strong>est</strong></span> <span class='ocrx_word' id='word_1_135' title='bbox 1211 2047 1290 2112; x_wconf 86' lang='lat' dir='ltr'><strong>ab</strong></span> <span class='ocrx_word' id='word_1_136' title='bbox 1336 2046 1490 2125; x_wconf 77' lang='lat'><strong>1110,</strong></span> <span class='ocrx_word' id='word_1_137' title='bbox 1539 2051 1652 2132; x_wconf 88' lang='lat' dir='ltr'><strong>qui</strong></span> <span class='ocrx_word' id='word_1_138' title='bbox 1699 2049 1881 2132; x_wconf 88' lang='lat' dir='ltr'><strong>inops</strong></span> <span class='ocrx_word' id='word_1_139' title='bbox 1929 2045 2174 2113; x_wconf 86' lang='lat' dir='ltr'><strong>Calliae</strong></span> <span class='ocrx_word' id='word_1_140' title='bbox 2218 2049 2507 2111; x_wconf 89' lang='lat' dir='ltr'><strong>nummis</strong></span> <span class='ocrx_word' id='word_1_141' title='bbox 2554 2068 2631 2111; x_wconf 87' lang='lat' dir='ltr'><strong>ex</strong></span> <span class='ocrx_word' id='word_1_142' title='bbox 2678 2066 2827 2111; x_wconf 87' lang='lat' dir='ltr'><strong>car-</strong></span> 
     </span>
     <span class='ocr_line' id='line_1_18' title="bbox 430 2151 2828 2237; baseline 0 -22"><span class='ocrx_word' id='word_1_143' title='bbox 430 2171 567 2216; x_wconf 89' lang='lat' dir='ltr'><strong>cere</strong></span> <span class='ocrx_word' id='word_1_144' title='bbox 637 2151 959 2217; x_wconf 83' lang='lat' dir='ltr'><strong>redemtus</strong></span> <span class='ocrx_word' id='word_1_145' title='bbox 1028 2157 1146 2217; x_wconf 89' lang='lat' dir='ltr'><strong>est.</strong></span> <span class='ocrx_word' id='word_1_146' title='bbox 1240 2151 1304 2215; x_wconf 89' lang='lat' dir='ltr'>N</span> <span class='ocrx_word' id='word_1_147' title='bbox 1306 2173 1430 2218; x_wconf 89' lang='lat' dir='ltr'><strong>unc</strong></span> <span class='ocrx_word' id='word_1_148' title='bbox 1497 2154 1670 2217; x_wconf 91' lang='lat' dir='ltr'><strong>enim</strong></span> <span class='ocrx_word' id='word_1_149' title='bbox 1732 2151 2063 2237; x_wconf 88' lang='lat' dir='ltr'><strong>splendore</strong></span> <span class='ocrx_word' id='word_1_150' title='bbox 2125 2152 2502 2218; x_wconf 87' lang='lat' dir='ltr'><strong>divitiarum</strong></span> <span class='ocrx_word' id='word_1_151' title='bbox 2565 2159 2828 2237; x_wconf 86' lang='lat' dir='ltr'><strong>superat</strong></span> 
     </span>
     <span class='ocr_line' id='line_1_19' title="bbox 432 2256 2822 2346; baseline 0 -24"><span class='ocrx_word' id='word_1_152' title='bbox 432 2277 648 2323; x_wconf 89' lang='lat' dir='ltr'><strong>omnes</strong></span> <span class='ocrx_word' id='word_1_153' title='bbox 716 2278 920 2343; x_wconf 91' lang='lat' dir='ltr'><strong>neque</strong></span> <span class='ocrx_word' id='word_1_154' title='bbox 988 2258 1057 2322; x_wconf 88' lang='lat' dir='ltr'><strong>id</strong></span> <span class='ocrx_word' id='word_1_155' title='bbox 1117 2259 1450 2342; x_wconf 90' lang='lat' dir='ltr'><strong>quisquam</strong></span> <span class='ocrx_word' id='word_1_156' title='bbox 1510 2279 1701 2346; x_wconf 81' lang='lat' dir='ltr'><strong>aegre</strong></span> <span class='ocrx_word' id='word_1_157' title='bbox 1760 2259 2037 2335; x_wconf 88' lang='lat' dir='ltr'><strong>ferebat,</strong></span> <span class='ocrx_word' id='word_1_158' title='bbox 2101 2279 2253 2323; x_wconf 89' lang='lat' dir='ltr'><strong>nam</strong></span> <span class='ocrx_word' id='word_1_159' title='bbox 2319 2264 2455 2324; x_wconf 89' lang='lat' dir='ltr'><strong>erat</strong></span> <span class='ocrx_word' id='word_1_160' title='bbox 2510 2256 2579 2334; x_wconf 77' lang='grc' dir='ltr'><strong>ἐξ</strong></span> <span class='ocrx_word' id='word_1_161' title='bbox 2626 2259 2822 2330; x_wconf 81' lang='grc' dir='ltr'><strong><em>οἰκίας</em></strong></span> 
     </span>
     <span class='ocr_line' id='line_1_20' title="bbox 431 2361 2820 2449; baseline 0 -22"><span class='ocrx_word' id='word_1_162' title='bbox 431 2362 762 2441; x_wconf 70' lang='grc' dir='ltr'><strong><em>μεγάλης,</em></strong></span> <span class='ocrx_word' id='word_1_163' title='bbox 852 2372 928 2428; x_wconf 89' lang='lat' dir='ltr'><strong>ut</strong></span> <span class='ocrx_word' id='word_1_164' title='bbox 1009 2361 1130 2428; x_wconf 90' lang='lat' dir='ltr'><strong>iIlo</strong></span> <span class='ocrx_word' id='word_1_165' title='bbox 1200 2370 1487 2449; x_wconf 88' lang='lat' dir='ltr'><strong>tempore</strong></span> <span class='ocrx_word' id='word_1_166' title='bbox 1554 2364 1859 2444; x_wconf 73' lang='grc' dir='ltr'><strong><em>ςρατηγοί</em></strong></span> <span class='ocrx_word' id='word_1_167' title='bbox 1929 2371 2125 2430; x_wconf 78' lang='lat' dir='ltr'><strong>erant·</strong></span> <span class='ocrx_word' id='word_1_168' title='bbox 2178 2385 2397 2430; x_wconf 90' lang='lat' dir='ltr'><strong>omnes</strong></span> <span class='ocrx_word' id='word_1_169' title='bbox 2467 2364 2820 2430; x_wconf 87' lang='lat' dir='ltr'><strong>secundum</strong></span> 
     </span>
     <span class='ocr_line' id='line_1_21' title="bbox 430 2463 850 2555; baseline 0 -22"><span class='ocrx_word' id='word_1_170' title='bbox 430 2463 850 2555; x_wconf 74' lang='lat' dir='ltr'><strong>Eupolidem:</strong></span> 
     </span>
    </p>

    <p class='ocr_par' dir='ltr' id='par_1_5' title="bbox 749 2576 2464 2658">
     <span class='ocr_line' id='line_1_22' title="bbox 749 2576 2464 2658; baseline 0 -18"><span class='ocrx_word' id='word_1_171' title='bbox 749 2577 820 2640; x_wconf 79' lang='grc' dir='ltr'><strong>ἐκ</strong></span> <span class='ocrx_word' id='word_1_172' title='bbox 866 2582 982 2641; x_wconf 77' lang='grc' dir='ltr'><strong><em>τῶν</em></strong></span> <span class='ocrx_word' id='word_1_173' title='bbox 1030 2577 1307 2654; x_wconf 73' lang='grc' dir='ltr'><strong><em>μεγίςων</em></strong></span> <span class='ocrx_word' id='word_1_174' title='bbox 1354 2578 1546 2642; x_wconf 76' lang='grc' dir='ltr'><strong><em>οἰκιῶν</em></strong></span> <span class='ocrx_word' id='word_1_175' title='bbox 1593 2580 1840 2658; x_wconf 80' lang='grc' dir='ltr'><strong><em>πλούτῳ</em></strong></span> <span class='ocrx_word' id='word_1_176' title='bbox 1888 2576 2051 2653; x_wconf 71' lang='grc' dir='ltr'><strong><em>γένει</em></strong></span> <span class='ocrx_word' id='word_1_177' title='bbox 2101 2601 2174 2642; x_wconf 80' lang='grc' dir='ltr'><strong><em>τε</em></strong></span> <span class='ocrx_word' id='word_1_178' title='bbox 2222 2578 2464 2655; x_wconf 78' lang='grc' dir='ltr'><strong>πρῶτοι.</strong></span> 
     </span>
    </p>

    <p class='ocr_par' dir='ltr' id='par_1_6' title="bbox 424 2680 2825 4259">
     <span class='ocr_line' id='line_1_23' title="bbox 521 2680 2822 2767; baseline 0.001 -22"><span class='ocrx_word' id='word_1_179' title='bbox 521 2680 857 2748; x_wconf 88' lang='lat' dir='ltr'><strong>Praeterea</strong></span> <span class='ocrx_word' id='word_1_180' title='bbox 917 2688 1163 2748; x_wconf 89' lang='lat' dir='ltr'><strong>constat</strong></span> <span class='ocrx_word' id='word_1_181' title='bbox 1223 2682 1560 2749; x_wconf 87' lang='lat' dir='ltr'><strong>Cimonem</strong></span> <span class='ocrx_word' id='word_1_182' title='bbox 1626 2685 2065 2766; x_wconf 72' lang='lat' dir='ltr'><strong>„compluribus</strong></span> <span class='ocrx_word' id='word_1_183' title='bbox 2110 2684 2257 2747; x_wconf 68' lang='lat' dir='ltr'><strong>locis</strong></span> <span class='ocrx_word' id='word_1_184' title='bbox 2295 2683 2553 2767; x_wconf 79' lang='lat' dir='ltr'><strong>praedia</strong></span> <span class='ocrx_word' id='word_1_185' title='bbox 2597 2685 2822 2747; x_wconf 73' lang='lat' dir='ltr'><strong>hortos-</strong></span> 
     </span>
     <span class='ocr_line' id='line_1_24' title="bbox 433 2788 2820 2874; baseline 0.001 -23"><span class='ocrx_word' id='word_1_186' title='bbox 433 2810 544 2872; x_wconf 78' lang='lat' dir='ltr'><strong>que</strong></span> <span class='ocrx_word' id='word_1_187' title='bbox 604 2788 913 2852; x_wconf 74' lang='lat' dir='ltr'><strong>habuie⁸e”</strong></span> <span class='ocrx_word' id='word_1_188' title='bbox 974 2790 1137 2874; x_wconf 87' lang='lat' dir='ltr'><strong>Nep.</strong></span> <span class='ocrx_word' id='word_1_189' title='bbox 1208 2790 1351 2852; x_wconf 77' lang='lat' dir='ltr'><strong>Oim.</strong></span> <span class='ocrx_word' id='word_1_190' title='bbox 1400 2789 1506 2855; x_wconf 91' lang='lat' dir='ltr'><strong>IV.</strong></span> <span class='ocrx_word' id='word_1_191' title='bbox 1556 2792 1786 2868; x_wconf 71' lang='grc' dir='ltr'><strong><em>ἀγροὺς</em></strong></span> <span class='ocrx_word' id='word_1_192' title='bbox 1837 2790 1943 2854; x_wconf 79' lang='grc' dir='ltr'><strong>καὶ</strong></span> <span class='ocrx_word' id='word_1_193' title='bbox 1991 2790 2220 2864; x_wconf 77' lang='grc' dir='ltr'><strong><em>κήπους</em></strong></span> <span class='ocrx_word' id='word_1_194' title='bbox 2248 2837 2263 2862; x_wconf 84' lang='grc'>,</span> <span class='ocrx_word' id='word_1_195' title='bbox 2313 2791 2514 2868; x_wconf 82' lang='grc' dir='ltr'><strong><em>χωρία</em></strong></span> <span class='ocrx_word' id='word_1_196' title='bbox 2562 2789 2668 2853; x_wconf 78' lang='grc' dir='ltr'><strong>καὶ</strong></span> <span class='ocrx_word' id='word_1_197' title='bbox 2708 2790 2820 2862; x_wconf 78' lang='grc' dir='ltr'><strong>κή-</strong></span> 
     </span>
     <span class='ocr_line' id='line_1_25' title="bbox 436 2894 2825 2982; baseline 0 -23"><span class='ocrx_word' id='word_1_198' title='bbox 436 2917 584 2966; x_wconf 81' lang='grc' dir='ltr'><strong>πους</strong></span> <span class='ocrx_word' id='word_1_199' title='bbox 634 2894 958 2980; x_wconf 89' lang='lat' dir='ltr'><strong>appellant</strong></span> <span class='ocrx_word' id='word_1_200' title='bbox 1005 2894 1454 2982; x_wconf 81' lang='lat' dir='ltr'><strong>Theopompus</strong></span> <span class='ocrx_word' id='word_1_201' title='bbox 1501 2903 1567 2962; x_wconf 86' lang='lat' dir='ltr'><strong>et</strong></span> <span class='ocrx_word' id='word_1_202' title='bbox 1613 2896 2017 2961; x_wconf 80' lang='lat' dir='ltr'><strong>Plutarchus.</strong></span> <span class='ocrx_word' id='word_1_203' title='bbox 2069 2894 2335 2962; x_wconf 88' lang='lat' dir='ltr'><strong>Constat</strong></span> <span class='ocrx_word' id='word_1_204' title='bbox 2382 2917 2532 2961; x_wconf 92' lang='lat' dir='ltr'><strong>eum</strong></span> <span class='ocrx_word' id='word_1_205' title='bbox 2583 2895 2825 2961; x_wconf 89' lang='lat' dir='ltr'><strong>multos</strong></span> 
     </span>
     <span class='ocr_line' id='line_1_26' title="bbox 431 3001 2823 3087; baseline -0 -21"><span class='ocrx_word' id='word_1_206' title='bbox 431 3001 650 3085; x_wconf 85' lang='lat' dir='ltr'><strong>inopes</strong></span> <span class='ocrx_word' id='word_1_207' title='bbox 719 3004 988 3087; x_wconf 83' lang='lat' dir='ltr'><strong>pecunia</strong></span> <span class='ocrx_word' id='word_1_208' title='bbox 1054 3001 1452 3074; x_wconf 84' lang='lat' dir='ltr'><strong>sublevasse.</strong></span> <span class='ocrx_word' id='word_1_209' title='bbox 1516 3003 1676 3069; x_wconf 88' lang='lat' dir='ltr'><strong>alios</strong></span> <span class='ocrx_word' id='word_1_210' title='bbox 1737 3003 1815 3067; x_wconf 89' lang='lat' dir='ltr'><strong>ab</strong></span> <span class='ocrx_word' id='word_1_211' title='bbox 1877 3002 2170 3067; x_wconf 87' lang='lat' dir='ltr'><strong>hostibus</strong></span> <span class='ocrx_word' id='word_1_212' title='bbox 2235 3002 2615 3084; x_wconf 83' lang='lat' dir='ltr'><strong>redemisse,</strong></span> <span class='ocrx_word' id='word_1_213' title='bbox 2664 3001 2823 3066; x_wconf 91' lang='lat' dir='ltr'><strong>alios</strong></span> 
     </span>
     <span class='ocr_line' id='line_1_27' title="bbox 434 3107 2823 3186; baseline -0 -13"><span class='ocrx_word' id='word_1_214' title='bbox 434 3108 581 3173; x_wconf 90' lang='lat' dir='ltr'><strong>dote</strong></span> <span class='ocrx_word' id='word_1_215' title='bbox 643 3107 793 3173; x_wconf 86' lang='lat' dir='ltr'><strong>data</strong></span> <span class='ocrx_word' id='word_1_216' title='bbox 850 3111 919 3174; x_wconf 88' lang='lat' dir='ltr'><strong>in</strong></span> <span class='ocrx_word' id='word_1_217' title='bbox 981 3107 1299 3174; x_wconf 87' lang='lat' dir='ltr'><strong>elocandis</strong></span> <span class='ocrx_word' id='word_1_218' title='bbox 1364 3107 1621 3174; x_wconf 89' lang='lat' dir='ltr'><strong>filiabus</strong></span> <span class='ocrx_word' id='word_1_219' title='bbox 1668 3108 2025 3186; x_wconf 84' lang='lat' dir='ltr'><strong>adiuvisse,</strong></span> <span class='ocrx_word' id='word_1_220' title='bbox 2076 3107 2236 3174; x_wconf 87' lang='lat' dir='ltr'><strong>alios</strong></span> <span class='ocrx_word' id='word_1_221' title='bbox 2284 3129 2399 3174; x_wconf 91' lang='lat' dir='ltr'><strong>suo</strong></span> <span class='ocrx_word' id='word_1_222' title='bbox 2447 3114 2668 3173; x_wconf 90' lang='lat' dir='ltr'><strong>sumtu</strong></span> <span class='ocrx_word' id='word_1_223' title='bbox 2715 3127 2823 3173; x_wconf 77' lang='lat' dir='ltr'><strong>ex·</strong></span> 
     </span>
     <span class='ocr_line' id='line_1_28' title="bbox 432 3213 2825 3300; baseline 0 -23"><span class='ocrx_word' id='word_1_224' title='bbox 432 3213 656 3279; x_wconf 88' lang='lat' dir='ltr'><strong>tulisse</strong></span> <span class='ocrx_word' id='word_1_225' title='bbox 694 3216 806 3298; x_wconf 91' lang='lat' dir='ltr'><strong>qui</strong></span> <span class='ocrx_word' id='word_1_226' title='bbox 844 3214 1012 3279; x_wconf 91' lang='lat' dir='ltr'><strong>unde</strong></span> <span class='ocrx_word' id='word_1_227' title='bbox 1059 3213 1426 3280; x_wconf 83' lang='lat' dir='ltr'><strong>efferrentur</strong></span> <span class='ocrx_word' id='word_1_228' title='bbox 1472 3236 1597 3280; x_wconf 91' lang='lat' dir='ltr'><strong>non</strong></span> <span class='ocrx_word' id='word_1_229' title='bbox 1645 3214 2090 3300; x_wconf 88' lang='lat' dir='ltr'><strong>reliquissent,</strong></span> <span class='ocrx_word' id='word_1_230' title='bbox 2141 3214 2426 3299; x_wconf 90' lang='lat' dir='ltr'><strong>quotidie</strong></span> <span class='ocrx_word' id='word_1_231' title='bbox 2473 3213 2825 3279; x_wconf 87' lang='lat' dir='ltr'><strong>curialibus</strong></span> 
     </span>
     <span class='ocr_line' id='line_1_29' title="bbox 432 3318 2824 3403; baseline -0.001 -19"><span class='ocrx_word' id='word_1_232' title='bbox 432 3322 567 3384; x_wconf 90' lang='lat' dir='ltr'><strong>suis</strong></span> <span class='ocrx_word' id='word_1_233' title='bbox 612 3339 872 3385; x_wconf 90' lang='lat' dir='ltr'><strong>coenam</strong></span> <span class='ocrx_word' id='word_1_234' title='bbox 917 3339 1187 3403; x_wconf 87' lang='lat' dir='ltr'><strong>parasse.</strong></span> <span class='ocrx_word' id='word_1_235' title='bbox 1237 3319 1624 3386; x_wconf 85' lang='lat' dir='ltr'><strong>Plutarchus</strong></span> <span class='ocrx_word' id='word_1_236' title='bbox 1668 3323 1737 3384; x_wconf 91' lang='lat' dir='ltr'><strong>in</strong></span> <span class='ocrx_word' id='word_1_237' title='bbox 1782 3320 2016 3384; x_wconf 74' lang='lat' dir='ltr'><strong>Pericle</strong></span> <span class='ocrx_word' id='word_1_238' title='bbox 2052 3318 2174 3384; x_wconf 88' lang='lat' dir='ltr'><strong>IX.</strong></span> <span class='ocrx_word' id='word_1_239' title='bbox 2216 3318 2493 3385; x_wconf 87' lang='lat' dir='ltr'><strong>Pericles</strong></span> <span class='ocrx_word' id='word_1_240' title='bbox 2529 3320 2602 3382; x_wconf 85' lang='lat' dir='ltr'><strong>ab</strong></span> <span class='ocrx_word' id='word_1_241' title='bbox 2643 3320 2824 3383; x_wconf 77' lang='lat' dir='ltr'><strong>inicio</strong></span> 
     </span>
     <span class='ocr_line' id='line_1_30' title="bbox 433 3423 2822 3510; baseline 0 -21"><span class='ocrx_word' id='word_1_242' title='bbox 433 3426 521 3510; x_wconf 74' lang='grc' dir='ltr'><strong><em>(ἐν</em></strong></span> <span class='ocrx_word' id='word_1_243' title='bbox 591 3427 789 3509; x_wconf 72' lang='grc' dir='ltr'><strong><em>ὥρχῇ)</em></strong></span> <span class='ocrx_word' id='word_1_244' title='bbox 857 3446 1006 3491; x_wconf 86' lang='lat' dir='ltr'><strong>cum</strong></span> <span class='ocrx_word' id='word_1_245' title='bbox 1079 3423 1347 3492; x_wconf 87' lang='lat' dir='ltr'><strong>Cimone</strong></span> <span class='ocrx_word' id='word_1_246' title='bbox 1408 3426 1829 3491; x_wconf 87' lang='lat' dir='ltr'><strong>contendebat</strong></span> <span class='ocrx_word' id='word_1_247' title='bbox 1890 3425 2341 3501; x_wconf 71' lang='grc' dir='ltr'><strong>ἐλαττούμενος</strong></span> <span class='ocrx_word' id='word_1_248' title='bbox 2407 3426 2653 3508; x_wconf 80' lang='grc' dir='ltr'><strong><em>πλούτῳ</em></strong></span> <span class='ocrx_word' id='word_1_249' title='bbox 2716 3428 2822 3490; x_wconf 74' lang='grc' dir='ltr'><strong>καὶ</strong></span> 
     </span>
     <span class='ocr_line' id='line_1_31' title="bbox 427 3528 2821 3611; baseline 0.001 -16"><span class='ocrx_word' id='word_1_250' title='bbox 427 3532 780 3611; x_wconf 71' lang='grc' dir='ltr'><strong><em>χρήμασιν.</em></strong></span> <span class='ocrx_word' id='word_1_251' title='bbox 845 3533 967 3611; x_wconf 70' lang='grc' dir='ltr'><strong>ἀφ’</strong></span> <span class='ocrx_word' id='word_1_252' title='bbox 1030 3528 1106 3595; x_wconf 81' lang='grc' dir='ltr'><strong><em>ὦν</em></strong></span> <span class='ocrx_word' id='word_1_253' title='bbox 1165 3532 1386 3603; x_wconf 72' lang='grc' dir='ltr'><strong><em>ἐκεῖνος</em></strong></span> <span class='ocrx_word' id='word_1_254' title='bbox 1449 3530 1863 3607; x_wconf 67' lang='grc' dir='ltr'><strong><em>ἀνελάμβανε</em></strong></span> <span class='ocrx_word' id='word_1_255' title='bbox 1927 3530 2067 3604; x_wconf 78' lang='grc' dir='ltr'><strong><em>τοὺς</em></strong></span> <span class='ocrx_word' id='word_1_256' title='bbox 2130 3529 2405 3605; x_wconf 77' lang='grc' dir='ltr'><strong>πένητας</strong></span> <span class='ocrx_word' id='word_1_257' title='bbox 2465 3531 2703 3598; x_wconf 74' lang='grc' dir='ltr'><strong><em>δεῖπνόν</em></strong></span> <span class='ocrx_word' id='word_1_258' title='bbox 2749 3556 2821 3597; x_wconf 80' lang='grc' dir='ltr'><strong><em>τε</em></strong></span> 
     </span>
     <span class='ocr_line' id='line_1_32' title="bbox 431 3626 2819 3719; baseline -0 -16"><span class='ocrx_word' id='word_1_259' title='bbox 431 3639 568 3703; x_wconf 76' lang='grc' dir='ltr'><strong><em>καθ’</em></strong></span> <span class='ocrx_word' id='word_1_260' title='bbox 618 3636 849 3717; x_wconf 75' lang='grc' dir='ltr'><strong><em>ἡμέραν</em></strong></span> <span class='ocrx_word' id='word_1_261' title='bbox 895 3638 979 3719; x_wconf 76' lang='grc' dir='ltr'><strong>τῷ</strong></span> <span class='ocrx_word' id='word_1_262' title='bbox 1029 3626 1283 3719; x_wconf 74' lang='grc' dir='ltr'><strong><em>δεομένῳ</em></strong></span> <span class='ocrx_word' id='word_1_263' title='bbox 1329 3639 1621 3718; x_wconf 80' lang='grc' dir='ltr'><strong><em>παρέχων</em></strong></span> <span class='ocrx_word' id='word_1_264' title='bbox 1670 3638 2003 3712; x_wconf 77' lang='grc' dir='ltr'><strong><em>Ἀθηναίων</em></strong></span> <span class='ocrx_word' id='word_1_265' title='bbox 2042 3637 2149 3702; x_wconf 81' lang='grc' dir='ltr'><strong><em>καὶ</em></strong></span> <span class='ocrx_word' id='word_1_266' title='bbox 2192 3640 2331 3711; x_wconf 82' lang='grc' dir='ltr'><strong><em>τοὺς</em></strong></span> <span class='ocrx_word' id='word_1_267' title='bbox 2374 3638 2819 3717; x_wconf 80' lang='grc' dir='ltr'><strong>πρεσβυτέρους</strong></span> 
     </span>
     <span class='ocr_line' id='line_1_33' title="bbox 430 3740 2823 3828; baseline 0 -19"><span class='ocrx_word' id='word_1_268' title='bbox 430 3744 823 3828; x_wconf 72' lang='grc' dir='ltr'><strong><em>ἀμφιεννύων</em></strong></span> <span class='ocrx_word' id='word_1_269' title='bbox 884 3752 1001 3809; x_wconf 82' lang='grc' dir='ltr'><strong><em>τῶν</em></strong></span> <span class='ocrx_word' id='word_1_270' title='bbox 1059 3769 1131 3809; x_wconf 79' lang='grc' dir='ltr'><strong><em>τε</em></strong></span> <span class='ocrx_word' id='word_1_271' title='bbox 1193 3745 1427 3825; x_wconf 71' lang='grc' dir='ltr'><strong><em>χωρίων</em></strong></span> <span class='ocrx_word' id='word_1_272' title='bbox 1491 3745 1634 3818; x_wconf 78' lang='grc' dir='ltr'><strong><em>τοὺς</em></strong></span> <span class='ocrx_word' id='word_1_273' title='bbox 1684 3744 2024 3825; x_wconf 71' lang='grc' dir='ltr'><strong><em>Φραγμοὺς</em></strong></span> <span class='ocrx_word' id='word_1_274' title='bbox 2073 3746 2354 3826; x_wconf 65' lang='grc' dir='ltr'><strong><em>ἀφαιρῶν</em></strong></span> <span class='ocrx_word' id='word_1_275' title='bbox 2402 3740 2562 3815; x_wconf 76' lang='grc' dir='ltr'><strong><em>ὅπως</em></strong></span> <span class='ocrx_word' id='word_1_276' title='bbox 2610 3747 2823 3825; x_wconf 75' lang='grc' dir='ltr'><strong><em>ὀπωρί-</em></strong></span> 
     </span>
     <span class='ocr_line' id='line_1_34' title="bbox 428 3849 2819 3935; baseline 0 -18"><span class='ocrx_word' id='word_1_277' title='bbox 428 3853 606 3935; x_wconf 82' lang='grc' dir='ltr'><strong><em>ζωσιν</em></strong></span> <span class='ocrx_word' id='word_1_278' title='bbox 654 3853 707 3916; x_wconf 77' lang='grc' dir='ltr'><strong>οἱ</strong></span> <span class='ocrx_word' id='word_1_279' title='bbox 753 3851 1138 3927; x_wconf 82' lang='grc' dir='ltr'><strong><em>βουλόμενοι.</em></strong></span> <span class='ocrx_word' id='word_1_280' title='bbox 1186 3851 1369 3917; x_wconf 86' lang='lat' dir='ltr'><strong>Unde</strong></span> <span class='ocrx_word' id='word_1_281' title='bbox 1415 3852 1569 3918; x_wconf 82' lang='lat' dir='ltr'><strong>haec</strong></span> <span class='ocrx_word' id='word_1_282' title='bbox 1618 3849 1868 3917; x_wconf 75' lang='lat' dir='ltr'><strong>omnia?</strong></span> <span class='ocrx_word' id='word_1_283' title='bbox 1915 3852 2094 3917; x_wconf 90' lang='lat' dir='ltr'><strong>Num</strong></span> <span class='ocrx_word' id='word_1_284' title='bbox 2142 3872 2221 3916; x_wconf 83' lang='lat' dir='ltr'><strong>ex</strong></span> <span class='ocrx_word' id='word_1_285' title='bbox 2268 3849 2628 3917; x_wconf 81' lang='lat' dir='ltr'><strong>manubiis?</strong></span> <span class='ocrx_word' id='word_1_286' title='bbox 2677 3851 2819 3918; x_wconf 90' lang='lat' dir='ltr'><strong>Imo</strong></span> 
     </span>
     <span class='ocr_line' id='line_1_35' title="bbox 430 3957 2822 4045; baseline -0.001 -20"><span class='ocrx_word' id='word_1_287' title='bbox 430 3981 578 4027; x_wconf 86' lang='lat' dir='ltr'><strong>vero</strong></span> <span class='ocrx_word' id='word_1_288' title='bbox 640 3980 718 4024; x_wconf 86' lang='lat' dir='ltr'><strong>ex</strong></span> <span class='ocrx_word' id='word_1_289' title='bbox 773 3958 1125 4024; x_wconf 86' lang='lat' dir='ltr'><strong>hereditate</strong></span> <span class='ocrx_word' id='word_1_290' title='bbox 1175 3966 1454 4043; x_wconf 89' lang='lat' dir='ltr'><strong>paterna.</strong></span> <span class='ocrx_word' id='word_1_291' title='bbox 1549 3958 1744 4024; x_wconf 89' lang='lat' dir='ltr'><strong>Hunc</strong></span> <span class='ocrx_word' id='word_1_292' title='bbox 1790 3962 1995 4045; x_wconf 84' lang='lat' dir='ltr'><strong>igitur</strong></span> <span class='ocrx_word' id='word_1_293' title='bbox 2042 3957 2371 4023; x_wconf 87' lang='lat' dir='ltr'><strong>credemus</strong></span> <span class='ocrx_word' id='word_1_294' title='bbox 2418 3965 2673 4044; x_wconf 90' lang='lat' dir='ltr'><strong>propter</strong></span> <span class='ocrx_word' id='word_1_295' title='bbox 2724 3961 2822 4022; x_wconf 88' lang='lat' dir='ltr'><strong>in-</strong></span> 
     </span>
     <span class='ocr_line' id='line_1_36' title="bbox 428 4063 2816 4152; baseline -0.001 -19"><span class='ocrx_word' id='word_1_296' title='bbox 428 4069 642 4152; x_wconf 88' lang='lat' dir='ltr'><strong>opiam</strong></span> <span class='ocrx_word' id='word_1_297' title='bbox 702 4067 770 4129; x_wconf 88' lang='lat' dir='ltr'><strong>in</strong></span> <span class='ocrx_word' id='word_1_298' title='bbox 824 4063 1100 4131; x_wconf 79' lang='lat' dir='ltr'><strong>vinculis</strong></span> <span class='ocrx_word' id='word_1_299' title='bbox 1159 4065 1435 4150; x_wconf 89' lang='lat' dir='ltr'><strong>publicis</strong></span> <span class='ocrx_word' id='word_1_300' title='bbox 1497 4067 1911 4129; x_wconf 84' lang='lat' dir='ltr'><strong>interiturum</strong></span> <span class='ocrx_word' id='word_1_301' title='bbox 1961 4064 2154 4128; x_wconf 86' lang='lat' dir='ltr'><strong>fuisse</strong></span> <span class='ocrx_word' id='word_1_302' title='bbox 2201 4065 2327 4127; x_wconf 87' lang='lat' dir='ltr'><strong>nisi</strong></span> <span class='ocrx_word' id='word_1_303' title='bbox 2377 4084 2525 4128; x_wconf 89' lang='lat' dir='ltr'><strong>eum</strong></span> <span class='ocrx_word' id='word_1_304' title='bbox 2576 4063 2816 4130; x_wconf 85' lang='lat' dir='ltr'><strong>Callias</strong></span> 
     </span>
     <span class='ocr_line' id='line_1_37' title="bbox 424 4167 1805 4259; baseline -0.004 -21"><span class='ocrx_word' id='word_1_305' title='bbox 424 4175 802 4259; x_wconf 90' lang='lat' dir='ltr'><strong>pecuniosus</strong></span> <span class='ocrx_word' id='word_1_306' title='bbox 848 4173 982 4236; x_wconf 88' lang='lat' dir='ltr'><strong>suis</strong></span> <span class='ocrx_word' id='word_1_307' title='bbox 1027 4175 1315 4236; x_wconf 91' lang='lat' dir='ltr'><strong>nummis</strong></span> <span class='ocrx_word' id='word_1_308' title='bbox 1362 4167 1805 4236; x_wconf 73' lang='lat' dir='ltr'><strong>liberavisset?</strong></span> 
     </span>
    </p>

    <p class='ocr_par' dir='ltr' id='par_1_7' title="bbox 420 4275 2819 4470">
     <span class='ocr_line' id='line_1_38' title="bbox 430 4275 2819 4362; baseline -0.001 -17"><span class='ocrx_word' id='word_1_309' title='bbox 430 4337 435 4346; x_wconf 92' lang='lat'><em>.</em></span> <span class='ocrx_word' id='word_1_310' title='bbox 516 4277 705 4351; x_wconf 86' lang='lat' dir='ltr'><strong>Esto,</strong></span> <span class='ocrx_word' id='word_1_311' title='bbox 771 4276 1004 4341; x_wconf 84' lang='lat' dir='ltr'><strong>dixerit</strong></span> <span class='ocrx_word' id='word_1_312' title='bbox 1065 4275 1330 4362; x_wconf 88' lang='lat' dir='ltr'><strong>aliquis,</strong></span> <span class='ocrx_word' id='word_1_313' title='bbox 1381 4277 1575 4342; x_wconf 77' lang='lat' dir='ltr'><strong>fuerit</strong></span> <span class='ocrx_word' id='word_1_314' title='bbox 1622 4276 1852 4341; x_wconf 88' lang='lat' dir='ltr'><strong>Cimon</strong></span> <span class='ocrx_word' id='word_1_315' title='bbox 1900 4278 2316 4360; x_wconf 85' lang='lat' dir='ltr'><strong>quantumvis</strong></span> <span class='ocrx_word' id='word_1_316' title='bbox 2361 4275 2702 4361; x_wconf 90' lang='lat' dir='ltr'><strong>opulentus</strong></span> <span class='ocrx_word' id='word_1_317' title='bbox 2751 4283 2819 4343; x_wconf 91' lang='lat' dir='ltr'><strong>et</strong></span> 
     </span>
     <span class='ocr_line' id='line_1_39' title="bbox 420 4382 2815 4470; baseline -0.002 -20"><span class='ocrx_word' id='word_1_318' title='bbox 420 4382 704 4470; x_wconf 90' lang='lat' dir='ltr'><strong>locuples</strong></span> <span class='ocrx_word' id='word_1_319' title='bbox 750 4393 816 4448; x_wconf 85' lang='lat' dir='ltr'><strong>et</strong></span> <span class='ocrx_word' id='word_1_320' title='bbox 861 4404 1023 4467; x_wconf 88' lang='lat' dir='ltr'><strong>quae</strong></span> <span class='ocrx_word' id='word_1_321' title='bbox 1069 4383 1239 4469; x_wconf 91' lang='lat' dir='ltr'><strong>apud</strong></span> <span class='ocrx_word' id='word_1_322' title='bbox 1283 4382 1602 4469; x_wconf 87' lang='lat' dir='ltr'><strong>Nepotem</strong></span> <span class='ocrx_word' id='word_1_323' title='bbox 1646 4382 1954 4470; x_wconf 80' lang='lat' dir='ltr'><strong>leguntur</strong></span> <span class='ocrx_word' id='word_1_324' title='bbox 2002 4385 2334 4469; x_wconf 88' lang='lat' dir='ltr'><strong>perspicue</strong></span> <span class='ocrx_word' id='word_1_325' title='bbox 2380 4391 2568 4449; x_wconf 85' lang='lat' dir='ltr'><strong>sunto</strong></span> <span class='ocrx_word' id='word_1_326' title='bbox 2618 4406 2815 4448; x_wconf 79' lang='grc' dir='ltr'><strong><em>κατε-</em></strong></span> 
     </span>
    </p>
   </div>
  </div>
 </body>
</html>
