3192 5017
1253 315 1609 364 numrmm.
2494 296 2626 361 265

239 485 380 553 Hos
425 488 692 555 honores
739 487 1032 554 Theonoe
1051 534 1069 570 ,
1109 489 1237 552 nisi
1270 486 1485 566 fallor,
1525 507 1653 554 non
1691 492 1929 571 sumit,
1964 487 2074 552 sed
2111 487 2351 571 accepit.
2403 486 2627 573 Itaque

244 594 505 661 malim:
577 599 982 676 λαχοῦσα.
1061 592 1195 659 Iam
1268 592 1628 659 Homerus:
1700 596 1884 670 τιμὴν
1954 592 2018 658 δὲ
2087 593 2447 674 λελόγχασι
2513 590 2623 659 ἶσα

244 697 469 767 θεοῖσιν
530 706 594 768 et
657 701 999 767 discrimen
1047 702 1455 785 perspicuum
1504 705 1620 766 est.
1714 699 1957 766 Eodem
2006 700 2197 766 modo
2244 721 2447 786 nuper
2493 721 2623 767 cor·

244 809 533 894 rigebam
581 807 771 894 Soph.
824 806 1049 895 Antig.
1115 804 1288 871 1163
1336 813 1400 871 et
1445 805 1672 872 Troad.
1724 806 1879 874 471.

340 1024 679 1111 Aliquanto
738 1024 884 1110 plus
941 1024 1222 1110 proderit
1283 1023 1618 1089 emendare
1662 1043 1753 1090 vs.
1807 1022 1915 1099 34,
1962 1023 2074 1088 ubi
2120 1021 2369 1089 Helena
2414 1028 2627 1088 narrat

244 1130 546 1197 Iunonem
598 1130 1017 1196 simulacrum
1065 1132 1412 1195 immisisse
1430 1178 1446 1207 ‚
1499 1129 1668 1214 quod
1714 1128 1896 1195 Paris
1934 1132 2140 1214 ipsam
2182 1128 2389 1196 Ledae
2426 1127 2627 1194 filiam

244 1257 311 1301 se
359 1243 572 1303 tenere
619 1242 794 1303 ratus
819 1287 833 1312 ,
885 1239 954 1302 in
1001 1236 1272 1322 patriam
1325 1236 1692 1302 abduceret.
1743 1234 1959 1300 Verba
2004 1236 2158 1301 haec
2203 1240 2381 1301 sunt:

696 1342 896 1408 δίδωσι
945 1342 997 1406 δ’
1045 1344 1151 1407 οὐκ
1200 1340 1322 1419 ἔμ’,
1372 1342 1522 1406 ἀλλ’
1571 1341 1897 1419 ὄμοιώσασ’
1947 1341 2080 1419 ἐμοὶ

699 1448 943 1514 εἴδωλον
991 1441 1255 1525 ipen-vom«
1300 1447 1548 1527 οὐρανοῦ
1596 1444 1956 1524 ξυνθεῒσ’
2004 1445 2150 1513 ἄπο.

236 1554 446 1623 Credo
506 1576 585 1621 ex
648 1555 910 1643 aethere·
960 1554 1125 1619 illud
1171 1553 1415 1619 εἴδωλον
1463 1553 1657 1620 fuisse
1704 1556 1921 1639 itaque
1969 1576 2058 1620 vs.
2114 1552 2246 1619 613
2295 1559 2628 1640 postquam

236 1661 576 1728 Menelaus
635 1682 896 1727 uxorem
961 1663 1261 1748 agnovit,
1321 1644 1482 1745 quae
1541 1659 1709 1746 apud
1777 1662 2128 1748 Aegyptios
2185 1660 2631 1746 delitescebat,

240 1767 437 1833 πάλιν
498 1770 580 1840 εἷς
631 1767 870 1847 οὐρανὸν
917 1767 1146 1834 avolat.
1245 1765 1369 1831 Sed
1418 1766 1573 1851 quid
1621 1775 1718 1831 est
1764 1766 1928 1832 illud
1978 1768 2145 1852 quod
2191 1767 2351 1834 Iuno
2401 1769 2636 1834 dicitur

243 1873 561 1941 συνθεῖναι
628 1875 745 1939 ἀπ’
797 1871 1084 1953 οὐρανοῦῖ
1131 1873 1369 1949 Nemo,
1422 1873 1522 1937 uti
1568 1874 1871 1950 arbitror,
1921 1873 2104 1939 illam
2153 1872 2438 1941 σύνθεσιν
2487 1898 2635 1941 um-

249 2002 445 2066 quam
498 1979 879 2066 explicabit3
927 2000 1052 2045 non
1098 1981 1270 2044 enim
1320 1978 1478 2044 Iuno
1525 1977 1945 2044 simulacrum
1992 1982 2060 2044 in
2099 1978 2384 2047 Helenae
2420 1981 2635 2048 locum

251 2088 599 2153 substituit
658 2088 902 2167 οὐρανοῦ
951 2082 1225 2162 ξυνθεῒσ’
1276 2083 1436 2163 ἄπο,
1485 2085 1595 2150 sed
1642 2087 1885 2164 οὐρανοῦ
1934 2083 2239 2151 συθεῖσ’
2286 2085 2432 2153 ἄπο.
2526 2089 2641 2153 Est

245 2194 401 2260 haec
455 2192 756 2260 correctio
807 2190 1011 2257 facilis
1058 2212 1131 2257 ac
1178 2198 1364 2257 certa.
1418 2190 1588 2257 Vide
1631 2192 2041 2277 participium
2092 2190 2355 2258 συθεῖσα
2404 2193 2631 2260 itidem

243 2305 631 2385 usurpatum
692 2297 825 2364 Ion.
883 2294 1036 2381 787,
1083 2297 1223 2383 Iph.
1276 2297 1467 2363 Taur.
1522 2296 1721 2382 1294,
1770 2298 1943 2364 alibi.
2042 2299 2228 2374 Quod
2275 2300 2521 2366 librarii
2568 2303 2636 2364 in

238 2407 709 2491 praepositione
730 2452 745 2483 ‚
808 2425 1003 2492 quam
1052 2424 1382 2489 perperam
1429 2404 1845 2483 interserunt,
1898 2404 2162 2471 alteram
2215 2407 2485 2473 formam
2525 2430 2637 2493 per
2760 2396 2767 2402 ’

237 2513 679 2598 conjecturam
741 2517 1190 2596 reposuerunt,
1257 2510 1325 2575 id
1387 2512 1660 2575 minime
1706 2513 1982 2587 mirum,
2035 2533 2184 2577 cum
2235 2512 2408 2578 idem
2456 2534 2638 2600 saepe

235 2615 380 2703 fiat,
455 2617 662 2683 veluti
735 2617 975 2682 Phoen.
1048 2616 1155 2691 85,
1227 2617 1341 2680 ubi
1412 2613 1677 2682 Codices
1751 2637 1970 2681 omnes
2040 2617 2339 2683 videntur
2408 2619 2638 2685 babere

231 2724 595 2811 spondeum
643 2726 712 2788 in
758 2728 981 2807 quarto
1033 2722 1224 2808 pede:
1273 2720 1369 2793 δὸς
1419 2719 1482 2785 δὲ
1529 2720 1855 2799 ξύμβασιν
1904 2723 2153 2795 τέκνοις.

330 2937 641 3006 Graviter
686 2944 1018 3024 corruptus
1066 2959 1138 3004 ac
1182 2959 1379 3024 paene
1426 2937 1859 3004 conclamatus
1907 2945 2004 3003 est
2054 2959 2146 3004 vs.
2200 2939 2356 3003 125:

610 3046 781 3109 αἰαῖ·
831 3045 1076 3109 κακὸν
1123 3043 1253 3108 τόδ’
1306 3040 1489 3115 εἶπας
1540 3039 1622 3115 οἷς
1674 3043 1861 3107 κακὸν
1908 3042 2230 3122 λέγεις,

236 3154 344 3219 sed
391 3155 555 3220 satis
601 3149 1013 3237 probabiliter
1059 3152 1387 3216 restitues:

612 3259 779 3322 αἰαῖ·
828 3256 953 3322 τόδ’
1003 3253 1183 3328 εἶπας
1233 3254 1496 3335 ἕτερον
1545 3257 1663 3335 ἐφ’
1718 3257 2020 3336 ἑτέροις
2070 3257 2290 3336 κακόν,

233 3388 388 3432 nam
454 3386 660 3451 quum
722 3364 885 3429 forte
944 3367 1012 3428 in
1075 3362 1282 3429 lacero
1345 3362 1509 3427 libro
1555 3361 1722 3427 nihil
1770 3369 1933 3429 esset
1981 3364 2299 3449 reliquum
2351 3373 2637 3450 praeter:

236 3474 411 3538 αἰαῖ·
480 3470 608 3545 τόδ’
671 3467 855 3542 εἶπας
924 3464 1006 3541 οἷς
1071 3468 1294 3543 κακόν,
1346 3468 1560 3534 locum
1610 3468 1854 3533 librarii
1902 3476 2252 3555 utcumque
2299 3471 2637 3557 interpola-

235 3586 427 3658 runt,
477 3585 556 3643 ut
603 3598 822 3643 versus
868 3577 1031 3640 ratio
1080 3574 1546 3660 quodammodo
1593 3580 1928 3641 constaret.
2024 3576 2372 3662 Postquam
2420 3586 2638 3643 autem

237 3684 495 3752 Helena
542 3685 696 3750 baec
744 3682 1166 3757 exclamavit,
1215 3688 1368 3747 tunc
1415 3681 1694 3747 Teucer:

662 3792 736 3862 ὥς
788 3797 972 3861 κεῖνος
1023 3790 1274 3870 άφανὺς
1323 3785 1432 3863 ξὺν
1479 3788 1754 3869 δάμαρτι
1806 3789 2226 3870 κλῄζεται.

238 3895 493 3962 Verum
558 3916 681 3961 non
749 3896 904 3961 haec
959 3896 1134 3960 fama
1201 3895 1278 3960 de
1341 3894 1631 3962 Menelao
1699 3895 2297 3974 circumferebatur,
2348 3897 2455 3962 sed
2505 3901 2636 3964 iam

237 4009 537 4068 mortuus
601 4002 973 4067 credebatur
1033 4022 1199 4078 esse,
1271 4003 1370 4065 uti
1433 4008 1529 4066 est
1594 4022 1692 4066 vs.
1769 4000 1930 4065 132:
1994 4004 2182 4066 θανὼν
2229 4001 2292 4067 δὲ
2344 4003 2640 4086 κλῄζεται

239 4107 379 4173 καθ’
449 4109 774 4191 Ἐλλάδα,
840 4107 1006 4172 unde
1065 4105 1228 4171 illud
1291 4108 1506 4191 ipsum
1573 4105 1871 4187 κλῄζεται
1936 4107 2190 4173 videtur
2260 4109 2641 4175 translatum

239 4217 307 4278 in
372 4234 636 4282 versum
701 4212 826 4278 126
893 4213 971 4277 ad
1036 4212 1406 4278 lacunulam
1466 4211 1866 4297 explendam.
1962 4212 2101 4279 Hoc
2151 4213 2316 4279 dixit
2363 4214 2641 4301 Teucer,

239 4318 609 4386 Menelaum
658 4320 940 4386 nondum
989 4322 1054 4383 in
1104 4322 1378 4403 patriam
1427 4318 1663 4384 redisse
1711 4319 2222 4405 reddiderimque
2268 4329 2519 4406 poetae:

652 4429 727 4496 ὡς
775 4433 960 4498 κεῖνος
1013 4426 1262 4508 ἀφανὴς
1312 4423 1418 4501 ξὺν
1469 4425 1744 4504 δάμαρτι
1795 4426 2236 4506 πλάζεται.
