3192 5017
1312 300 1585 350 omnm.
2504 277 2631 346 351

797 474 1093 540 Moebius

793 581 926 657 πρὶν
974 581 1189 659 Ἔρωτ’
1231 579 1427 645 ἐκεῖσε
1469 579 1781 653 ἀπελθεῖν,
1822 578 1989 662 quod
2018 579 2213 642 vertit
2239 578 2645 662 „Antequam

255 689 450 756 Amor
497 708 601 753 me
648 687 727 752 ad
773 687 1007 752 inferos
1055 681 1481 751 comitetur”!

339 794 582 861 bocum
630 792 722 860 sic
768 792 1076 858 rescribo:

990 898 1126 979 πρὶν
1175 900 1330 977 ἐγὼν
1376 898 1564 963 ἐκεῖσ’
1614 897 1864 963 ἀπέλθω

984 1004 1100 1070 ὑπὸ
1150 1003 1427 1085 νερτέρων
1471 1007 1751 1085 χορείας,

978 1112 1281 1179 σκεδάσαι
1332 1113 1484 1177 θέλω
1531 1112 1858 1191 μερίμνας.

337 1218 817 1287 Grammaticae
879 1219 1171 1308 regulam
1190 1266 1208 1297 ,
1271 1239 1432 1304 quae
1496 1225 1639 1303 post
1688 1218 1821 1298 πρίν
1874 1220 1940 1283 in
1989 1220 2327 1286 enunciato
2372 1218 2646 1285 affirma·

256 1326 382 1393 tivo
424 1325 823 1392 infinitivum
872 1327 1135 1393 modum
1182 1326 1487 1410 requirat,
1537 1345 1661 1390 non
1710 1326 2113 1391 observatam
2159 1338 2224 1392 et
2265 1326 2646 1412 particulam
2704 1343 2709 1348 ·

254 1430 324 1494 ἄν
375 1436 685 1499 omissam
732 1453 866 1498 esse
913 1435 1056 1517 quis
1101 1434 1165 1497 in
1216 1432 1319 1496 his
1369 1431 1821 1496 Anacreonteis
1875 1452 2038 1516 quae
2087 1433 2411 1507 feruntur,
2458 1453 2648 1520 aegre

253 1537 439 1610 ferat.
507 1542 879 1625 praesertim
946 1560 1095 1604 cum
1160 1539 1642 1604 coniunctivum
1717 1538 2032 1623 particula
2066 1521 2077 1532 ’
2108 1539 2345 1605 modali
2412 1539 2649 1605 omissa

257 1643 353 1709 vel
410 1644 584 1730 apud
645 1644 925 1711 melioris
984 1653 1170 1711 notae
1231 1646 1567 1729 scriptores
1634 1646 1895 1729 reperiri
1943 1642 2224 1711 constet?
2271 1643 2391 1711 Off.
2443 1644 2563 1710 loci
2611 1663 2648 1709 a

255 1748 610 1816 Matthiaeo
653 1753 719 1816 in
767 1748 1059 1817 Gratum.
1116 1751 1261 1816 mai.
1313 1751 1349 1833 ξ
1395 1748 1527 1813 522
1578 1750 1782 1814 citati.

344 1960 501 2029 Post
566 1984 748 2028 curas
809 1984 846 2029 a
911 1964 1069 2029 viris
1136 1962 1340 2029 doctis
1404 1963 1601 2027 huius
1674 1961 1900 2028 aetatis
1964 1962 2030 2026 in
2095 1960 2399 2048 Aeschyli
2471 1960 2646 2048 Aga·

259 2084 587 2136 memnone
634 2070 1025 2135 emendanda
1062 2071 1333 2154 positas,
1381 2068 1589 2135 multa
1631 2075 1845 2134 tamen
1886 2075 2035 2132 sunt
2059 2088 2220 2152 quae
2244 2070 2648 2154 interpretari

260 2174 360 2236 vix
400 2177 625 2260 possis,
666 2176 834 2260 quod
871 2197 1024 2242 sana
1060 2178 1502 2260 interpretatio
1546 2195 1762 2241 sanam
1806 2194 1954 2239 sane
1994 2174 2331 2240 lectionem
2355 2176 2644 2260 requirit.

259 2272 326 2340 In
385 2280 688 2346 manibus
743 2288 843 2346 est
885 2281 1149 2347 Roberti
1197 2281 1433 2369 Engeri
1480 2282 1680 2348 editio
1700 2328 1717 2358 ‚
1768 2301 1927 2365 quae
1977 2277 2317 2346 Gualtheri
2363 2278 2646 2347 Gilberti

259 2402 445 2467 opera
490 2390 735 2452 auctior
779 2388 1016 2472 prodiit
1064 2388 1232 2473 apud
1282 2387 1688 2453 Teubnerum
1738 2384 1804 2454 a⁰
1856 2385 2053 2453 1874.

344 2490 523 2558 Duos
569 2498 822 2558 tantum
870 2493 1039 2559 locos
1087 2514 1166 2559 ex
1210 2493 1329 2558 hac
1377 2493 1591 2559 fabula
1638 2500 1907 2559 tractare
1955 2493 2120 2557 mihi
2168 2494 2235 2556 in
2276 2494 2487 2558 animo
2527 2501 2644 2559 est.

345 2595 690 2664 Versamur
731 2601 797 2663 in
846 2600 1133 2665 diverbio
1179 2599 1612 2665 caduceatoris
1659 2605 1723 2665 et
1770 2600 1945 2665 chori
1998 2602 2083 2684 (v.
2137 2597 2266 2663 536
2324 2600 2486 2684 sqq.)

530 2704 648 2771 Ille
693 2706 785 2778 τίς
839 2705 934 2783 δὲ,
979 2708 1226 2791 inquit,
1276 2706 1437 2780 πλὴν
1486 2707 1626 2770 θεῶν

529 2809 765 2877 ἅπαντ’
810 2812 1075 2887 ἀπήμων
1122 2813 1226 2878 τὸν
1272 2811 1350 2875 δι’
1398 2813 1606 2882 αἰῶνος
1652 2812 1902 2893 χρόνον;

531 2919 800 2998 μόχθους
847 2916 974 2998 γάρ
1022 2919 1075 2983 εἰ
1123 2920 1375 2996 λέγοιμι
1421 2919 1525 2982 καὶ
1578 2919 1917 2990 δυσαυλίας
1940 2966 1956 2993 ,

531 3023 812 3103 σπαρνὰς
860 3023 1153 3105 παρήξεις
1203 3024 1307 3089 καὶ
1359 3029 1811 3103 κακοστρώτους
1843 3048 1947 3073 -·
1996 3024 2062 3089 τί
2105 3025 2159 3089 δ’
2207 3026 2272 3090 οὖ

535 3129 892 3208 στένοντες,
942 3133 1024 3196 οὖ
1070 3128 1479 3210 λαχόντες
1530 3131 1845 3207 ἤματος
1893 3132 2172 3209 μέρος;

349 3235 590 3302 Mirum
652 3243 888 3321 quanto
948 3257 1134 3322 opere
1180 3236 1453 3301 editores
1499 3235 1857 3301 labaverint
1903 3256 2050 3300 cum
2100 3237 2436 3302 emendare
2485 3238 2639 3304 haec

263 3344 450 3408 verba
518 3342 845 3408 studerent
913 3363 1074 3429 quae
1143 3351 1438 3427 corrupta
1491 3362 1625 3408 esse
1688 3342 1857 3425 apud
1918 3361 2139 3407 omnes
2205 3342 2331 3408 iam
2398 3344 2641 3409 dudum

266 3452 570 3515 constitit.

351 3553 668 3621 Stanleius
738 3565 801 3621 et
863 3562 1004 3640 post
1065 3576 1213 3620 eum
1277 3553 1684 3620 Hermannus
1704 3601 1719 3626 ‚
1788 3552 2121 3618 divinabat
2168 3556 2231 3618 οὐ
2281 3558 2600 3626 κλαίοντες
2626 3605 2642 3631 ,

269 3655 565 3727 Pauwius
609 3661 969 3749 corrigebat
1011 3662 1079 3726 οὐ
1128 3660 1447 3739 καρόντες,
1498 3660 1819 3726 Heathius
1867 3662 1932 3725 οὐ
1981 3658 2318 3743 λακόντες,
2360 3663 2527 3745 quod
2570 3662 2648 3729 de

269 3769 533 3853 strepitu
601 3770 668 3832 in
715 3767 996 3855 navigiis
1040 3767 1440 3834 intellectum
1489 3765 1717 3833 voluit.
1814 3766 1966 3833 Chr.
2013 3764 2093 3833 G.
2139 3764 2406 3830 Schultz
2465 3769 2649 3833 unice

270 3887 488 3937 verum
530 3873 697 3957 quod
745 3882 879 3939 erat
925 3873 1051 3939 sibi
1097 3875 1415 3938 invenisse
1466 3875 1645 3937 visus
1691 3879 1788 3937 est
1810 3922 1825 3945 ‚
1874 3892 2024 3937 cum
2063 3891 2189 3937 non
2229 3873 2298 3936 in
2338 3871 2647 3952 λαχόντες

272 3977 374 4042 sed
435 3980 500 4042 in
561 3978 874 4064 particula
931 3980 997 4043 οὐ
1066 3979 1299 4044 vitium
1363 3976 1563 4043 latere
1610 3984 1896 4043 statuens
1944 3977 2147 4043 edidit
2192 3973 2261 4041 οὗ
2309 3975 2648 4057 ἐλάχομεν.

273 4076 473 4157 Quam
533 4083 917 4171 languidum
981 4083 1099 4149 hoc
1149 4086 1234 4149 sit
1285 4091 1589 4169 poetaque
1642 4083 1981 4169 indignum
2031 4102 2221 4149 nemo
2270 4104 2393 4147 non
2447 4085 2652 4168 primo

275 4186 493 4253 obtutu
535 4188 728 4254 videt.
779 4188 1056 4254 Facilior
1099 4188 1450 4274 meliorque
1490 4189 1851 4255 emendatio
1892 4189 2056 4253 mihi
2095 4191 2161 4254 in
2188 4199 2492 4275 promptu
2518 4197 2646 4256 est:

1313 4296 1378 4361 τί
1423 4295 1474 4360 δ’
1521 4297 1587 4360 οὗ

631 4400 938 4474 στένοντες
987 4402 1054 4467 οὖ
1098 4407 1525 4481 χαλῶντες
1578 4401 1815 4479 ἤματος
1866 4401 2081 4482 μέροςς
2134 4403 2178 4468 i.
2205 4423 2262 4469 e.
