3192 5017
560 243 694 313 228
1595 266 1923 318 ΑΡΡιΑΝυΒ.

558 439 635 509 ὥς
704 434 759 500 δ’
822 435 991 517 ὤφθη
1055 432 1158 498 διὰ
1216 437 1449 516 δρυμῶν
1487 435 1685 519 δρόμῳ
1731 439 2033 520 Φερομένη
2083 445 2318 509 emicat
2364 463 2513 509 vera
2561 441 2757 509 lectio
2809 438 2936 519 ἐφέ-

561 550 732 608 ΡΕτο
781 541 995 625 δρόμῳ.

647 648 988 735 Supererat
1037 650 1392 716 ΕΦΕΙὛΟ
1413 701 1432 736 ,
1481 651 1651 718 unde
1697 653 1908 733 ἐφεῖτο
1956 658 2052 720 est
2096 661 2343 722 natum.

645 862 788 928 Lib.
836 861 951 928 IV.
1009 861 1160 928 113.
1208 861 1314 927 82.
1365 863 1797 944 περιεμένομεν
1841 866 2029 949 Φίλον
2075 867 2529 949 Ἀρπαζόμενον
2578 867 2749 934 ἰδεῖν.

645 968 785 1034 Imo
828 988 979 1036 vero
1022 970 1607 1051 ’ΛΝαρπαζόμενον.
1703 972 1845 1039 Non
1893 981 2126 1055 raptum
2173 979 2458 1041 amicum
2498 977 2796 1059 queritur
2837 974 2936 1041 sed
2981 1040 2986 1045 ,

552 1096 887 1158 oppressum
931 1079 997 1139 et
1041 1085 1332 1140 necatum.

644 1286 788 1353 Lib.
836 1285 943 1352 IV.
987 1287 1137 1353 118.
1180 1286 1291 1352 85.
1343 1289 1578 1353 Brutus
1618 1291 1701 1352 ad
1735 1291 1982 1355 milites:
2024 1293 2112 1369 μὴ
2148 1292 2523 1371 βραδύν-ητα
2548 1317 2642 1365 τις
2672 1295 2934 1372 ἡγείσθω

552 1396 662 1468 τὴν
723 1392 1082 1474 ἐμπειρίαν,
1134 1431 1217 1442 -
1267 1398 1371 1458 καὶ
1439 1396 1527 1472 μὴ
1574 1394 1932 1471 ἀδοξῆτε
1980 1399 2029 1462 εὶ
2081 1397 2742 1479 προσπαίζονται
2796 1403 2938 1478 ἡμῖν

553 1500 658 1564 καὶ
708 1503 1178 1578 προκαλοῦνται.

643 1604 979 1672 Soloecum
1004 1610 1126 1671 est
1171 1607 1259 1683 μὴ
1307 1604 1572 1685 ἀδοξῆτε
1614 1614 1680 1673 et
1719 1610 2056 1675 barbarum
2099 1609 2602 1692 προσπαίζονται.
2652 1611 2938 1678 Emenda

550 1714 640 1788 μὴ
689 1710 966 1787 ἀδοξεῖτε
1014 1718 1079 1777 et
1126 1714 1636 1792 προσπαίΞονται.
1731 1715 2109 1801 Requiritur
2155 1716 2325 1781 enim
2362 1718 2685 1798 futurum,
2733 1739 2935 1804 neque

550 1819 827 1902 scribae,
880 1820 936 1884 si
983 1821 1318 1885 scivissent
1355 1825 1803 1899 προκαλοῦνται
1836 1823 2122 1907 fuam-um
2161 1842 2331 1897 esse,
2372 1823 2614 1888 formae
2637 1826 2934 1908 antiquae

549 1925 1004 2010 pepercissent,
1080 1925 1187 1991 sed
1254 1925 1733 2007 προκαλέσονται
1800 1928 2298 1994 substituissent.
2395 1928 2457 1993 N
2460 1949 2582 1994 unc
2642 1950 2935 2014 praesens

551 2052 686 2098 esse
732 2034 975 2117 opinati
1022 2034 1381 2098 abstinuere
1429 2054 1678 2099 manus.

645 2138 918 2220 ’Λδοξεῖν
978 2139 1146 2224 apud
1194 2141 1559 2224 Appianum
1609 2161 1791 2226 saepe
1838 2147 2182 2226 usurpatur
2233 2162 2345 2225 pro
2390 2144 2779 2219 ἀγανακτεῖν
2832 2141 2933 2209 vel

547 2251 853 2327 χαλεπῶς
901 2244 1130 2326 Φέρειν.
2661 2244 2664 2245 ’

636 2463 783 2529 Lib.
849 2461 955 2527 IV.
1027 2459 1175 2526 125.
1241 2462 1345 2527 42.
1421 2464 1510 2538 μὴ
1574 2462 1647 2536 δὴ
1711 2461 2102 2540 ψεύσΗΟΘΕ
2149 2469 2257 2536 τῆς
2309 2463 2555 2535 ἐλπίδος
2606 2464 2767 2540 μήτε
2819 2463 2928 2538 ἐμὲ

548 2570 708 2647 μήτε
760 2568 1007 2641 αὐτούς.

638 2673 986 2743 Credebam
1046 2672 1364 2741 Graecum
1414 2695 1548 2740 esse
1593 2674 1798 2753 ψεύδω
1847 2682 1986 2739 τινα
2035 2682 2145 2748 τῆς
2196 2674 2477 2753 ἐλπίδος,
2527 2696 2653 2741 non
2700 2676 2922 2756 ψεύδο-

548 2807 704 2869 μαι,
752 2790 827 2849 ut
871 2785 937 2847 in
985 2788 1136 2848 noto
1187 2781 1531 2848 versiculo:

1000 2891 1088 2964 μὴ
1134 2891 1400 2969 ψεῦσον,
1448 2884 1489 2952 ὦ
1542 2893 1697 2964 Ζεῦ,
1747 2893 1856 2958 τῆς
1907 2888 2188 2962 ἐπιούσης
2239 2889 2502 2962 ἐλπίδος.
2765 2962 2772 2968 ,

636 2996 761 3062 Sed
825 2996 994 3062 dicat
1054 2995 1285 3080 aliquis
1345 2996 1548 3079 ipsius
1612 2997 1886 3079 Appiani
1935 2993 2279 3060 admodum
2329 2996 2397 3059 in
2444 2996 2772 3063 scribendo
2819 3018 2920 3062 ne·

542 3104 853 3193 gligentis
911 3102 1083 3167 hunc
1140 3121 1415 3167 errorem
1480 3120 1615 3166 esse
1675 3120 1857 3184 posse
1876 3149 1890 3174 ,
1940 3100 2048 3165 sed
2096 3101 2231 3185 ipse
2278 3101 2402 3166 sibi
2449 3101 2571 3167 fert
2621 3123 2798 3187 opem
2845 3101 2912 3167 V.

544 3212 648 3275 45.
700 3209 806 3275 85.
858 3210 924 3274 οὐ
970 3208 1241 3289 ψεύσω
1288 3233 1355 3273 σε
1407 3212 1518 3278 τῆς
1570 3207 1949 3286 προσδοκίας.

631 3317 857 3401 Itaque
903 3314 1371 3381 emendandum
1419 3333 1639 3379 censeo
1684 3314 1772 3389 μὴ
1821 3313 1892 3386 δὴ
1940 3311 2286 3393 ψεύσΗΤΕ
2323 3324 2434 3386 τῆς
2476 3315 2716 3387 ἐλπίδος
2760 3316 2907 3391 μήτε

541 3424 651 3500 ἐμὲ
700 3422 863 3501 μήτε
913 3420 1159 3492 αὐτούς.

626 3631 768 3699 Lib.
819 3631 926 3698 IV.
976 3629 1124 3696 128.
1175 3630 1233 3695 9.
1285 3631 1337 3695 οἱ
1385 3630 1436 3694 δ’
1484 3631 1846 3694 ἀνεωθοῦντο
1892 3629 2007 3706 μὲν
2055 3629 2154 3693 ἐπὶ
2204 3627 2436 3695 πόδΛΟ
2507 3632 2568 3703 ἐς
2616 3633 2684 3697 τὸ
2726 3633 2898 3698 ὀπίσω

534 3737 761 3817 βάδην.

623 3845 825 3910 Unice
888 3864 1111 3909 verum
1173 3842 1271 3907 ἐπὶ
1331 3841 1506 3907 πόδΛ
1527 3893 1543 3926 ,
1596 3842 1766 3927 quod
1814 3842 1892 3907 de
1938 3843 2020 3907 iis
2068 3842 2306 3907 dicitur
2351 3845 2464 3927 qui
2498 3846 2708 3927 pedem
2753 3846 2895 3931 rese-

533 3961 710 4036 rant,
770 3950 840 4016 id
887 3955 982 4015 est
1029 3949 1189 4015 facie
1235 3951 1302 4014 in
1347 3948 1597 4015 hostem
1645 3949 1909 4013 obversa
1956 3953 2122 4012 retro
2171 3947 2576 4034 gradiuntur.
2672 3949 2890 4015 Eodem

532 4079 719 4124 sensu
766 4057 932 4122 dixit
978 4056 1054 4120 ΙΙ.
1107 4055 1215 4120 80.
1267 4051 1373 4120 74.
1425 4054 1726 4135 ὑπεχώρει
1775 4053 1990 4117 κατὰ
2040 4053 2242 4118 πόδα
2294 4060 2522 4131 πρῶτον
2576 4056 2635 4123 ἐν
2681 4056 2890 4135 κόσμῳ,

532 4166 641 4231 sed
698 4165 799 4228 ἐπὶ
864 4162 1023 4228 πόδα
1085 4164 1463 4245 ἀναχωρεῖν,
1530 4162 1961 4241 ὑπαναχωρεῖν
2008 4159 2175 4244 apud
2223 4159 2544 4244 optimum
2595 4180 2887 4246 quemque

529 4270 793 4359 legitur.
