3192 5017
1273 341 1514 389 usus.
2460 317 2592 384 333

299 512 468 578 XVI.
526 510 643 579 18:
710 515 907 580 καίτοι
967 519 1091 596 χρὴ
1155 513 1295 585 τοὺς
1342 514 1690 595 φιλοτίμως
1737 512 1842 580 καὶ
1891 515 2153 591 κοσμίως
2200 511 2597 591 πολιτευομέ·

215 641 337 690 νους
400 619 472 682 ἐκ
524 621 641 684 τῶν
697 621 977 686 τοιούτων
1025 628 1309 704 σκοπεῖν,
1357 619 1507 685 άλλ’
1557 620 1665 685 οὐκ
1711 619 1861 693 εἴτις
1910 626 2218 704 ΤΟΛΜᾷ
2266 618 2368 683 διὰ
2416 622 2595 683 τοῦτο

211 749 434 801 μισειν.

298 829 702 898 Felicissima
762 835 1203 902 emendatione
1262 834 1592 901 Hamaker
1639 853 1820 900 snam
1870 853 2135 899 manum
2184 832 2417 918 Lysiae
2461 831 2599 897 red-

212 935 370 1001 didit
416 937 474 1001 εῖ
521 962 615 1012 τις
667 948 902 1023 ΚΟμᾷ.
952 941 1086 1027 lpsi
1125 944 1372 1027 equites
1411 940 1912 1026 splendidissimi
1949 939 2121 1005 idem
2167 939 2390 1004 dicunt
2429 937 2593 1024 apud

216 1043 707 1129 Aristophanem
759 1047 918 1132 qu.
966 1069 1059 1114 vs.
1115 1047 1281 1114 579:

575 1151 644 1224 ἥν
692 1154 833 1217 ποτ’
884 1153 1076 1233 εἰρήνη
1125 1153 1386 1233 γένηται
1436 1152 1541 1218 καὶ
1589 1151 1784 1219 πόνων
1829 1152 2211 1230 παυσάμεθα

576 1259 664 1333 μὴ
710 1259 974 1339 φθονεῖθ’
1025 1261 1170 1337 ἡμῖν
1219 1266 1445 1338 κομῶσι
1496 1260 1642 1337 μηδ’
1696 1257 2326 1338 άπεςλεγγισμένοις.

299 1467 476 1535 XIX.
548 1469 670 1536 30:
737 1472 923 1538 δνίοτε
989 1473 1114 1554 γάρ
1184 1475 1291 1539 οὐκ
1339 1470 1430 1542 ἔτι
1482 1511 1561 1523 -
1616 1475 1905 1554 πρίασθαι
1955 1476 2222 1538 τοιαῦτα
2271 1467 2316 1536 ἃ
2364 1494 2602 1546 κτησα-

213 1574 367 1654 μένῳ
415 1578 505 1646 εἰς
558 1576 661 1640 τὸν
716 1578 923 1644 λοιπὸν
966 1577 1182 1659 χρόνον
1231 1579 1438 1653 ἡδονὴν
1484 1578 1561 1644 ἂν
1609 1581 1896 1661 παρέχοι.

302 1681 721 1770 Legendum:
770 1680 814 1750 ἃ
863 1692 1031 1750 ΤΩΙ
1079 1683 1447 1767 κτησαμένῳ
1502 1725 1583 1735 -
1636 1686 1841 1762 ἦδονην
1890 1684 1967 1751 ἂν
2014 1683 2302 1764 παρέχοι.

302 1892 478 1958 ΧΙΧ.
534 1894 657 1959 49:
707 1897 772 1961 οὐ
820 1898 946 1976 γάρ
996 1897 1114 1962 ὑπό
1162 1899 1229 1974 γ’
1277 1897 1513 1962 ἐκείνων
1559 1895 1994 1977 ἐξελεγχθεῖεν
2041 1893 2140 1959 άν.

304 1999 636 2068 Particula
697 1999 773 2066 ἄν
834 2022 947 2068 suo
994 2002 1132 2069 loco
1180 2016 1357 2069 mota
1403 2009 1533 2086 est,
1581 2023 1731 2069 nam
1780 1992 2092 2068 constanti
2141 2002 2432 2067 omnium
2486 2020 2606 2065 usu

218 2109 434 2170 statim
502 2113 648 2193 post
693 2105 819 2186 γάρ
866 2110 1015 2193 poni
1062 2109 1278 2175 debet:
1328 2110 1393 2173 οὐ
1442 2112 1570 2189 γὰρ
1621 2106 1698 2174 ἂν
1746 2145 1831 2158 -
1859 2106 2337 2186 ἐξελεγχθεῖεν..
2432 2104 2609 2172 Solet

220 2208 293 2274 ἄν
337 2219 582 2278 certam
632 2213 843 2279 sedem
895 2214 1126 2280 habere
1173 2221 1315 2300 post
1352 2214 1515 2294 γάρ,
1557 2221 1701 2299 post
1736 2217 1802 2279 οὐ
1825 2262 1841 2291 ,
1877 2221 2023 2302 post
2061 2211 2283 2292 άριςα,
2311 2213 2599 2291 μάλιςα,

222 2313 402 2390 ἥκιςα
451 2325 520 2383 et
567 2321 715 2384 sim.
769 2319 836 2383 [n
884 2318 1057 2385 Orat.
1105 2321 1258 2388 XX.
1308 2322 1370 2386 2.
1418 2325 1486 2387 in
1536 2320 1769 2388 Codice
1814 2327 1941 2388 est:
1985 2321 2101 2388 ὑπὸ
2142 2327 2259 2386 τῶν
2292 2319 2604 2402 φυλετῶν,

223 2416 271 2485 οἳ
334 2423 527 2504 &pes-x
587 2426 890 2503 διαγνοῖεν
955 2428 1088 2507 περὶ
1149 2435 1332 2521 σφῶν,
1388 2431 1620 2505 αὐτῶν,
1672 2427 2079 2516 magistellus
2127 2430 2194 2492 in
2243 2426 2607 2494 Florentino

224 2533 493 2596 correxit
544 2531 844 2608 διαγνοῖεν
892 2531 999 2608 ἄν,
1049 2533 1159 2598 sed
1208 2553 1430 2599 verum
1477 2539 1574 2600 est
1631 2533 1789 2613 ἄρις·’
1829 2532 1979 2599 ”AN
2030 2534 2356 2613 διαγνοῖεν.

313 2738 455 2804 XX.
513 2740 625 2807 14:
680 2779 759 2790 -
788 2741 927 2807 οὔτε
977 2741 1163 2829 πλέον
1212 2744 1364 2807 ὀκτὼ
1415 2745 1646 2822 ἡμερῶν
1694 2743 1872 2807 ἐλθὼν
1923 2745 2006 2814 εἷς
2050 2741 2121 2806 τὸ
2160 2742 2608 2822 βουλευτήριον.

312 2843 397 2910 Et
443 2848 534 2912 rei
584 2852 813 2914 natura
858 2854 922 2913 et
968 2847 1262 2933 loquendi
1315 2870 1467 2914 usus
1517 2851 1850 2933 requirunt
1900 2847 2240 2922 ΕΙΟελθών,
2284 2854 2359 2913 ut
2396 2848 2612 2934 paullo

227 2955 399 3016 ante:
450 2953 606 3018 ὀκτὼ
658 2952 885 3031 ἡμέρας
935 2955 1214 3020 εἰσελθὼν
1264 2956 1348 3026 εἷς
1396 2955 1466 3019 τὸ
1515 2955 1945 3036 βουλευτήριον
1997 2951 2266 3030 ἐξέπλει.

314 3166 468 3233 XX.
534 3166 653 3232 24:
724 3168 931 3243 ἐπειδὴ
995 3169 1057 3234 δὲ
1123 3168 1417 3249 διεφθάρη
1481 3170 1578 3255 (τὸ
1642 3168 2039 3257 ςρατόπεδον)
2090 3170 2193 3235 καὶ
2246 3171 2615 3245 ἈΝεσώθην

231 3271 309 3344 εὶς
361 3273 694 3349 Κατάνην,
749 3272 1047 3355 ἕληζόμην
1098 3276 1438 3354 ὁρμώμενος
1487 3277 1779 3342 ἐντεῦθεν.

317 3380 556 3446 Salvum
620 3391 678 3445 et
735 3382 1076 3446 incolumem
1141 3381 1343 3467 aliquo
1379 3384 1700 3466 pervenire
1744 3388 2102 3449 constanter
2148 3384 2386 3449 dicitur
2433 3394 2615 3450 ΔΙΑ-

233 3487 488 3558 σωθῆναί
537 3510 654 3551 ποι.
754 3484 975 3572 Itaque
1024 3488 1487 3553 restituendum
1538 3490 1645 3553 καὶ
1696 3487 2010 3563 Δῐεσώθην
2058 3490 2143 3560 εἰς
2193 3489 2508 3564 Κατάνην.

321 3700 495 3769 XXI.
566 3700 684 3767 13:
756 3702 842 3764 τά
929 3700 1254 3780 προσιόντα
1316 3713 1393 3783 τῇ
1460 3700 1639 3768 πόλει
1701 3738 1781 3749 -
1832 3700 1947 3766 ὑπὸ
2009 3707 2127 3766 τῶν
2193 3698 2614 3780 έφεςηκότωΝ

237 3807 634 3889 ’Λρπάζεταμ

325 3914 488 3995 Quia
551 3915 819 4000 pecunia
879 3912 1134 3999 publica
1195 3934 1316 3979 non
1363 3915 1605 3998 rapitur
1650 3914 1756 3980 sed
1806 3914 2127 3997 diripitur,
2172 3915 2616 4001 corrigendum

242 4026 361 4083 ost:
410 4018 800 4101 έφεςηκότων
854 4019 1297 4102 ΔΙαρπάζεται
1349 4021 1429 4087 cf.
1475 4020 1714 4085 XXIX.
1761 4019 1879 4085 13:
1920 4021 2129 4091 αὐτοῖς
2157 4018 2370 4084 ἄδειαν
2394 4020 2618 4086 δώσετε

242 4126 322 4189 τοὶ
369 4127 611 4209 ὑμέτερ’
659 4128 860 4192 αὐτῶν
911 4125 1310 4208 διαρπάζουσι
1359 4127 1463 4191 καὶ
1511 4125 1868 4191 κλέπτουσι.

330 4335 511 4405 XXI.
563 4336 690 4403 24:
740 4337 860 4402 οὐδ’
909 4336 1118 4403 είποτε
1167 4336 1561 4404 κινδυνεύσειν
1602 4339 1663 4402 ἐν
1702 4344 1845 4409 ταῖς
1883 4337 2273 4419 ναυμαχίαις
2297 4336 2617 4418 μέλλοιμι.

335 4439 401 4511 In
446 4443 678 4511 Codice
720 4451 850 4509 est:
894 4444 1202 4511 οὐδεποτε
1227 4493 1245 4524 ,
1289 4445 1356 4508 in
1398 4464 1522 4533 quo
1560 4443 1721 4510 latet
1742 4443 1866 4509 οὐδ’
1910 4441 2148 4509 ὁπότε
2192 4481 2276 4493 ——
2302 4444 2620 4525 μέλλοιμι.
