3192 5017
87 4334 98 4667 ῃ-ᾼ-ι-τ--ῃ
87 4188 92 4313 ᾼ--

539 280 670 346 316
1550 296 1910 347 mammes.

535 474 766 534 tamus.
831 467 1102 555 Scripsit
1158 490 1305 536 mea
1365 473 1681 536 sententia
1741 469 2109 556 Euripides:
2172 466 2215 550 ᾧ
2277 468 2514 550 δάκρυα
2572 468 2910 549 νικηφορεΐε

536 577 718 639 cuius
762 576 829 640 in
876 577 1177 643 honorem
1227 576 1349 641 fert
1394 578 1576 642 triste
1623 579 1929 643 victoriae
1975 577 2252 663 insigne.

631 789 806 857 1210
853 812 988 877 sqq.
1038 790 1267 879 Agave
1310 788 1427 856 filii
1474 797 1666 876 caput
1706 812 1855 876 prae
1902 812 1967 856 se
2014 790 2218 857 ferens
2265 790 2619 857 exclamat:

899 902 1015 962 ποῦ
1064 920 1166 973 μοι
1214 899 1421 976 πατὴρ
1468 897 1495 962 ὃ
1543 896 1819 977 πρέσβυς
1832 917 1849 975 ;
1902 895 2123 962 ἐλθέτω
2173 896 2375 968 πέλας

899 1002 1158 1075 Πενθεύς
1208 1001 1265 1067 τ’
1313 1003 1456 1080 ἐμὸς
1506 1010 1658 1075 παῖς
1709 1006 1824 1067 ποῦ
1873 1001 2059 1080 ’στινς
2106 1002 2358 1081 αἰρέσθω
2408 1001 2626 1079 λαβὼν

904 1115 1150 1183 πηκτῶν
1197 1108 1340 1187 πρὸς
1388 1106 1581 1183 οἴκους
1632 1107 1955 1185 κλιμάκων
2002 1107 2492 1187 προςαμβάσεις.

540 1218 812 1295 αἴρεσθαι
861 1214 1061 1281 simili
1111 1214 1300 1280 modo
1348 1215 1592 1280 dictum
1643 1222 1773 1293 est,
1816 1236 1940 1300 quo
1978 1223 2198 1302 poetae
2239 1215 2453 1281 Latini
2497 1213 2768 1298 „tollor”
2810 1233 2922 1298 pro

539 1321 926 1403 „adscendo”
969 1328 1243 1386 utuntur
1253 1341 1270 1399 ς
1316 1341 1467 1408 ergo
1505 1342 1620 1407 pro
1657 1321 1873 1399 λαβών
1912 1323 2259 1387 necessario
2297 1322 2645 1405 requiritur
2680 1321 2923 1397 βαλών.

537 1429 608 1495 Si
656 1431 797 1514 quis
842 1430 1040 1493 etiam
1088 1427 1360 1504 dubitat,
1410 1427 1689 1493 conferat
1735 1425 1959 1514 Suppl.
2008 1426 2140 1493 498

1680 1535 1999 1611 κλιμάκων
2047 1531 2418 1613 ὀρθοστάτας

1102 1631 1163 1712 ὃς
1212 1637 1572 1717 προςβαλὼν
1620 1639 1914 1705 πύλαισιν
1943 1633 2189 1715 ’ὤμοσεν
2239 1639 2418 1704 πόλιν

1102 1745 1367 1822 πέρσειν.

625 1957 801 2027 1244
845 1978 979 2044 sqq.
1031 1953 1315 2023 Cadmus
1363 1957 1441 2022 de
1488 1955 1657 2023 filiae
1704 1958 1979 2024 facinore
2025 1960 2116 2024 ita
2162 1956 2588 2025 lamentatur:

973 2059 1015 2127 ὦ
1064 2060 1271 2134 πένθος
1330 2063 1396 2126 οὖ
1446 2065 1747 2142 μετρητὸν
1795 2065 1917 2130 οὐδ’
1968 2059 2084 2129 οἷόν
2133 2064 2189 2129 τ’
2240 2065 2385 2129 ἰδεῖν

979 2166 1160 2251 Φόνον
1205 2169 1540 2240 ταλαίναις
1586 2171 1802 2251 χερσὶν
1847 2168 2355 2251 ἐξειργασμένων.

983 2276 1173 2341 καλὸν
1220 2277 1292 2341 τὸ
1339 2278 1505 2354 θῦμα
1555 2278 2020 2353 καταβαλοῦσα
2068 2276 2347 2353 δαίμοσιν

983 2386 1084 2449 ἐπὶ
1136 2384 1327 2450 δαῖτα
1376 2384 1604 2460 Θήβας
1652 2382 1839 2455 raficas
1888 2383 2054 2460 κοέμὲ
2102 2391 2514 2461 παρακαλεῖς.

532 2490 767 2557 Versus
828 2490 1140 2557 secundus
1203 2492 1367 2556 mihi
1428 2502 1757 2576 suspectus
1817 2495 1944 2568 est;
2000 2494 2168 2555 certe
2216 2490 2701 2569 ἐξειργασμένων
2747 2489 2914 2557 male

527 2618 604 2663 ex
653 2600 766 2671 iis,
815 2618 977 2682 quae
1022 2599 1313 2683 proxime
1358 2596 1779 2683 praecedunt,
1823 2599 2170 2681 repetitum
2212 2603 2327 2660 est.
2377 2594 2455 2660 In
2496 2598 2687 2661 tertio
2731 2616 2910 2661 versu

523 2724 639 2788 pro
686 2703 877 2769 καλὸν
924 2704 993 2768 τὸ
1041 2705 1209 2781 θῦμα
1257 2702 1603 2791 legendum
1653 2703 1923 2768 arbitror
1970 2700 2160 2768 καλόν
2208 2725 2288 2779 γε
2323 2703 2513 2779 θῦμα.
2562 2702 2643 2767 cf.
2689 2701 2913 2768 Medea

528 2808 668 2875 502
715 2831 849 2896 sqq.

890 2921 990 2982 νῦν
1036 2925 1148 2983 ποῖ
1187 2918 1555 2997 τράπωμαι;
1608 2914 1838 2996 πότερα
1886 2914 2028 2994 πρὸς
2079 2914 2311 2995 πατρὸς
2359 2914 2575 2993 δόμους
2602 2967 2618 2993 ,

888 3019 985 3097 οὓς
1034 3024 1124 3089 σοὶ
1174 3024 1473 3101 προδοῦσα
1521 3022 1623 3085 καὶ
1674 3025 1919 3102 πάτραν
1967 3021 2325 3103 ὦφικόμηνς

886 3130 921 3205 ἢ
971 3132 1117 3208 πρὸς
1164 3130 1475 3202 ταλαίνας
1524 3128 1881 3206 Πελιῶδας;
1932 3135 2137 3202 καλῶς
2186 3127 2257 3206 γ’
2307 3128 2383 3195 ἂν
2431 3125 2528 3195 οὖν

887 3235 1163 3312 δέξαιντό
1208 3234 1282 3312 μ’
1333 3235 1510 3308 οἴκοις
1558 3231 1635 3300 ὧν
1683 3234 1928 3315 πατέρα
1977 3234 2373 3299 κατέκτανον.

613 3342 835 3427 Neque
895 3364 987 3409 vs.
1058 3341 1229 3408 1297
1293 3342 1612 3429 particula
1672 3367 1752 3420 γε
1799 3362 2006 3407 carere
2052 3362 2385 3427 possumus
2409 3392 2424 3416 ,
2478 3343 2589 3406 ubi
2638 3342 2906 3431 Agavae

521 3448 788 3514 dicenti:
1071 3448 1353 3522 Διόνυσος
1405 3449 1571 3522 ἡμᾶς
1622 3447 1824 3525 ὤλεσ’,
1875 3445 2013 3525 ἄρτι
2062 3448 2384 3523 μανθάνω,

522 3556 854 3641 respondet
892 3553 1206 3622 Cadmus:
1248 3555 1421 3639 ὕβριν
1460 3557 1527 3632 γ’
1567 3554 1866 3634 ὑβρισθεὶς
1896 3555 2023 3619 κτὲ.
2072 3553 2269 3620 Recte
2293 3555 2554 3621 fortasse
2573 3554 2903 3622 Nauckius

521 3681 635 3747 pro
680 3658 852 3742 ὕβριν
897 3661 1071 3726 dedit
1121 3663 1297 3739 ὑμῖν;
1355 3662 1463 3727 sed
1519 3661 1589 3739 γ’
1639 3682 1960 3726 remanere
2009 3661 2215 3726 debet.

610 3767 868 3853 Ubique
912 3767 1228 3853 particula
1272 3792 1350 3846 ςνε
1398 3770 1592 3833 variis
1638 3769 1886 3833 casibus
1934 3768 2206 3833 obnoxia
2251 3774 2376 3844 est;
2423 3788 2894 3855 nonnumquam

521 3876 848 3940 omittitur
863 3894 878 3951 ;
938 3875 1110 3939 haud
1171 3895 1310 3941 raro
1373 3894 1626 3960 prorsus
1687 3875 1998 3951 abundat;
2065 3874 2174 3939 sed
2235 3876 2643 3959 saepissime,
2714 3878 2895 3941 metri
2994 3938 2999 3943 ,

521 3981 875 4046 sustinendi
944 3982 1155 4068 gratia
1224 3985 1492 4056 inserta,
1565 3983 1880 4068 gravioris
1949 3980 2343 4065 corruptelae
2408 3989 2504 4046 est
2564 3982 2890 4048 indicium.

520 4086 619 4152 Ex
675 4108 912 4175 magna
972 4089 1152 4173 copia
1214 4109 1410 4153 unum
1473 4087 1634 4152 dabo
1697 4086 2087 4172 exemplum.
2150 4085 2339 4151 Herc.
2389 4086 2537 4151 Fur.
2590 4087 2718 4153 629
2764 4110 2892 4174 sqq.

518 4192 831 4259 Hercules
886 4194 966 4259 ab
1010 4194 1229 4260 inferis
1278 4194 1515 4269 redux,
1568 4199 1903 4279 postquam
1953 4214 2213 4258 uxorem
2265 4192 2619 4278 liberosque
2669 4194 2889 4259 frustra

516 4300 806 4366 hortatus
864 4305 993 4371 est.
1057 4305 1129 4366 ut
1190 4301 1354 4366 bono
1419 4302 1547 4364 sint
1608 4302 1859 4377 animo,
1908 4306 1972 4364 et
2022 4306 2229 4365 vestes
2279 4319 2460 4380 suas,
2509 4319 2663 4384 quas
2711 4302 2884 4365 anxie

517 4408 956 4495 arripuerunt,
1008 4407 1370 4485 dimittant,
1422 4408 1514 4470 ita
1562 4406 1911 4471 exclamat:
