3192 5017
941 258 1027 314 An
1072 260 1295 314 nov-tm
1343 260 1837 314 rnsrmmuu.
2456 238 2587 309 297

236 434 477 501 aei-istus
534 432 827 514 ἐξῆλθον,
894 457 1045 503 nam
1091 436 1293 524 legati
1339 437 1439 503 illi
1489 438 1567 503 de
1614 457 1687 504 eo
1732 437 2071 501 hominum
2120 457 2387 525 genere,
2436 454 2594 519 quos

233 542 264 613 ἧ
306 540 585 615 συνήθειαι
622 544 1055 608 missionarios
1094 542 1409 628 appellat,
1450 565 1562 608 cur
1601 545 1886 629 primum
1924 543 2251 628 Ephesum
2277 543 2593 625 adierunt,

232 665 372 729 quae
446 649 659 732 ipsum
730 649 1113 733 Apostolum
1182 647 1486 715 haberet?
1556 649 1832 735 Reliqua
1900 651 2096 715 etiam
2167 652 2596 734 interpretum

228 754 473 817 rationes
518 755 896 840 perturbant
942 754 1015 820 ac
1065 756 1323 821 tandem
1372 756 1543 821 docti
1589 758 1719 821 viri
1769 776 1842 821 eo
1888 755 2271 843 rediguntur
2318 760 2395 819 ut
2443 754 2598 817 fate-

232 861 397 921 antur
433 859 645 926 multa
680 862 749 925 in
788 867 925 926 tam
970 863 1145 928 brevi
1183 861 1476 947 epistolio
1514 863 1865 928 necessario
1904 862 2171 927 obscura
2208 881 2344 926 esse
2382 860 2597 942 nobie,

231 983 406 1046 quum
472 969 847 1053 ignoremus
913 970 1058 1052 quis
1120 964 1321 1053 Gajus
1383 969 1579 1033 fuerit
1640 974 1705 1033 et
1762 969 1905 1052 quis
1951 967 2330 1052 Diotrephes
2377 971 2443 1031 et
2487 986 2602 1030 cur

229 1065 403 1154 legati
463 1072 795 1157 Ephesum
853 1075 932 1140 ad
988 1073 1367 1159 Apostolum
1417 1077 1545 1139 sint
1590 1074 1877 1159 profecti.
1973 1073 2339 1139 Poterimus
2385 1079 2601 1137 tamen

227 1174 385 1241 nullo
405 1183 666 1265 negotio
714 1200 792 1243 ex
831 1178 963 1244 illis
988 1180 1266 1245 tenebris
1305 1200 1647 1267 emergere.
1694 1178 1924 1266 Legati
1965 1179 2045 1245 ab
2088 1176 2250 1265 Gajo
2273 1178 2600 1264 Ephesum

227 1290 519 1349 venerunt
580 1285 660 1349 ad
727 1284 1124 1361 Johannem;
1186 1307 1501 1371 nusquam
1565 1284 1640 1351 fit
1706 1306 1913 1350 sermo
1974 1289 2102 1351 nisi
2165 1286 2242 1351 de
2300 1286 2421 1350 hoc
2468 1284 2602 1349 solo

223 1385 467 1467 itinere;
534 1390 880 1475 Apostolus
945 1389 1183 1477 Gajum
1246 1392 1467 1457 laudat
1526 1395 1638 1477 qui
1701 1413 1816 1457 suo
1878 1397 2101 1456 sumtu
2164 1392 2459 1457 homines
2524 1390 2602 1455 ad

228 1512 285 1555 se
348 1496 629 1574 miserit,
704 1519 797 1562 vs.
864 1499 948 1562 3:
1013 1498 1245 1578 ἐχάρην
1307 1499 1432 1585 γὰρ
1503 1500 1684 1582 λίοιν,
1749 1498 2090 1578 ἐρχομένων
2139 1498 2434 1576 ἀδελφῶν
2497 1497 2600 1559 καὶ

229 1607 678 1680 μαρτυρούντων
750 1626 855 1667 σου
924 1614 1003 1685 τῇ
1067 1604 1366 1688 ἀληθείᾳ,
1414 1606 1607 1676 καθὼς
1657 1603 1734 1669 σὺ
1784 1607 1845 1669 ἐν
1895 1601 2170 1688 ἀληθείᾳ
2218 1612 2605 1684 περιπατεῖς.

228 1702 443 1791 Legati
505 1728 753 1794 quoque
814 1708 1050 1795 Gajum
1116 1731 1307 1775 suum
1369 1709 1669 1776 laudibus
1713 1711 1780 1775 in
1828 1710 2078 1776 coelum
2127 1710 2445 1793 tulerant,
2490 1730 2606 1773 nec

228 1812 487 1879 mirum:
540 1815 972 1895 ἐμαρτύρησάν
1020 1840 1124 1882 σου
1173 1826 1249 1899 τῇ·
1300 1817 1529 1899 ὦγοὶπῃ
1574 1818 1818 1881 ἐνώπιον
1856 1816 2226 1890 ἐκκλησίας,
2265 1812 2362 1886 οὓς
2401 1821 2603 1885 καλῶς

232 1924 583 1994 ποιήσεις
656 1924 1156 2003 προπέμψας
1228 1920 1415 1998 ἀξίως
1479 1928 1586 1988 τοῦ
1652 1919 1817 1986 θεοῦ.
1916 1921 2053 1986 Imo
2117 1920 2602 2007 corrigendum:

232 2019 319 2095 οὓς
381 2036 584 2101 καλῶς
650 2031 995 2105 ποιήσοις
1047 2030 1636 2108 προέπεμψως·
1686 2029 1970 2094 nondum
2018 2035 2197 2094 erant
2244 2027 2322 2091 ad
2367 2024 2606 2111 Gajum

233 2130 521 2213 redituri,
570 2158 759 2222 quem
811 2137 1002 2203 modo
1048 2137 1454 2222 reliquerant.
1503 2134 1693 2201 Nunc
1741 2141 1958 2201 autem
2008 2133 2284 2200 salutato
2322 2131 2610 2199 Johanne

235 2237 482 2324 eiusque
540 2243 1084 2309 admonitionibus
1145 2241 1501 2309 confirmati
1565 2242 1816 2327 Epheso
1876 2242 2139 2326 profecti
2196 2238 2352 2305 alias
2414 2237 2611 2304 Asiae

233 2344 411 2411 urbes
447 2348 622 2414 adire
668 2349 987 2415 volebant.
1039 2348 1576 2415 Sustentabantur
1623 2354 1842 2414 autem
1887 2348 2113 2433 opibus
2160 2345 2310 2432 Gaji
2328 2393 2345 2423 ,
2398 2366 2494 2410 vs.
2547 2341 2607 2410 ’7.

238 2449 326 2515 Ad
386 2477 598 2521 meam
658 2459 1108 2523 correctionem
1157 2456 1725 2522 commendandam
1777 2460 1874 2519 est
1920 2454 2163 2539 aliquid
2208 2451 2504 2538 praesidii
2544 2452 2610 2514 in

240 2553 459 2628 Codice
517 2562 863 2648 Ephraemi
927 2570 991 2629 et
1047 2563 1371 2629 veteribus
1419 2562 1851 2639 versionibus,
1903 2581 2060 2645 quas
2107 2555 2613 2624 Tischendorfius

240 2666 441 2747 affert,
512 2673 619 2737 sed
685 2672 854 2737 malo
916 2671 1105 2736 lectio
1166 2691 1278 2755 per
1340 2690 1407 2735 se
1467 2671 1674 2754 ipsam
1725 2672 2046 2754 spectetur
2093 2671 2157 2732 et
2205 2664 2609 2750 dijudicetur.

241 2767 492 2841 Grotius
559 2778 1039 2844 commendarat
1108 2778 1398 2849 ἐποίησας
1425 2825 1441 2852 ,
1506 2775 1616 2841 sed
1679 2794 1893 2839 meam
1954 2773 2265 2838 rationem
2311 2769 2616 2856 praefero.

241 2876 356 2948 Res
405 2885 567 2949 redit
614 2884 813 2949 ferme
861 2883 1101 2949 eodem.

322 3096 551 3162 LXIV.
624 3095 741 3181 Ep.
789 3095 942 3161 Jud.
997 3093 1068 3158 9:
1127 3095 1404 3174 Μιχαὴλ
1455 3093 1483 3157 ὅ
1534 3091 1952 3174 ἀρχάγγελος
2000 3089 2145 3154 τότε
2191 3091 2276 3168 τῷ
2329 3087 2606 3168 διαβόλῳ

246 3199 672 3285 διακρινόμενος
714 3202 1143 3279 διελέγετο
1183 3201 1315 3282 περὶ
1357 3204 1464 3265 τοῦ
1506 3200 1818 3269 Μωϋσέως
1845 3198 2156 3275 σώματος.
2209 3195 2618 3282 Legendum:

247 3307 677 3389 διεγένετο.

328 3523 531 3591 LXV.
579 3523 767 3588 Rom.
820 3520 882 3588 ’7.
934 3520 1055 3586 201
1107 3523 1140 3596 ἦ
1191 3522 1521 3585 οἰκοῦσαι
1566 3518 1627 3582 ἐν
1674 3517 1804 3595 ἐμοὶ
1856 3516 2141 3596 οὶμοιρτίω
2192 3516 2427 3580 rectius
2472 3511 2625 3577 scri-

250 3629 409 3698 bitur
456 3632 910 3712 ἕνοικοῦσω,
956 3628 1106 3693 vide
1151 3627 1343 3692 modo
1389 3647 1486 3692 vs.
1540 3621 1660 3690 17:

328 3842 553 3909 LXVI.
602 3841 790 3908 Rom.
841 3841 900 3905 8.
955 3839 1081 3905 22:
1135 3845 1317 3906 πᾶσαι
1360 3842 1393 3914 ἦ
1435 3838 1631 3910 κτίσις
1675 3835 1991 3917 συςενιέζει
2036 3838 2140 3902 καὶ
2202 3838 2622 3903 συνωδίνει

246 3949 385 4032 ἄχρι
448 3954 557 4013 τοῦ
624 3955 744 4014 νῦν.
824 3945 1089 4014 Codices
1151 3947 1202 4011 F
1251 3952 1315 4012 et
1363 3943 1423 4011 6
1446 3995 1463 4029 ,
1512 3965 1783 4030 quorum
1832 3965 2173 4009 consensus
2217 3964 2342 4009 non
2391 3951 2625 4009 temere

245 4056 660 4144 negligendus
721 4059 850 4119 est:
909 4053 1095 4119 ὀδύνει
1162 4058 1227 4118 et
1271 4056 1553 4137 praestat
1600 4050 1885 4116 ὧδίνει.
1983 4048 2183 4137 Origo
2230 4047 2626 4133 corruptelae

248 4168 383 4228 ante
429 4161 621 4247 pedes
667 4163 875 4247 posita
922 4167 1039 4225 est.
1093 4158 1429 4244 Euripides
1474 4158 1542 4221 in
1593 4156 1838 4221 Helena
1881 4177 1977 4221 vs.
2023 4153 2151 4222 72¹7
2198 4156 2628 4241 compositum

253 4270 570 4335 συνωδίνειν
618 4268 843 4332 itidem
890 4266 1120 4351 habet,
1170 4265 1280 4330 sed
1328 4285 1516 4330 sensu
1563 4264 1832 4329 diverso.
