3192 5017
512 264 645 331 438
1578 284 1813 334 Livius.

515 456 635 522 bus
736 459 1093 541 „plurimum
1164 467 1292 523 erat
1364 459 1661 542 praesidii
1737 460 1803 523 in
1876 460 2144 524 stultitia
2219 467 2277 524 et
2356 462 2616 542 aequitia-
2689 462 2906 527 hosii?

515 562 655 629 Liv.
709 563 816 641 44,
869 563 926 629 7.
1034 564 1257 630 Nihilo
1304 564 1602 632 meliores
1648 570 1826 632 erant
1871 571 2189 652 praetores
2235 571 2299 633 et
2345 567 2565 654 legati.
2658 568 2900 633 Stolida

514 676 694 737 erant
753 672 987 736 ducum
1030 671 1486 738 -Romanorum
1551 673 1847 751 consilia,
1908 673 2015 740 sed
2084 672 2298 739 Persei
2354 672 2675 757 aliquanto
2714 673 2894 737 stoli·

513 777 710 843 diora.

608 883 861 951 Dixerit
920 886 1182 951 fortasse
1245 886 1477 972 aliquis
1534 886 1889 953 Eumenem
1954 888 2177 954 videns
2221 887 2546 953 immerito
2589 883 2895 977 Romanis

515 996 916 1076 suspectum:

923 1122 1031 1162 sua
1078 1101 1323 1185 quicq-ue
1368 1103 1632 1185 exempla
1680 1102 1841 1166 debeb
1887 1125 2067 1187 aequo
2114 1102 2310 1165 animo
2344 1101 2508 1184 pati.

517 1205 677 1272 falsa
723 1204 879 1271 olim
930 1209 1201 1272 crimina
1246 1211 1313 1272 in
1361 1208 1662 1274 Perseum
1712 1211 2100 1283 coniecerat,
2151 1228 2318 1273 nunc
2364 1210 2505 1292 ipse
2552 1205 2729 1271 falsis
2777 1205 2899 1268 cri-

516 1310 796 1375 minibus
859 1313 1183 1378 immerito
1230 1311 1549 1398 plectitur.
1649 1314 1861 1402 Magis
1907 1315 2274 1381 mirandum
2325 1321 2422 1379 est
2470 1334 2594 1399 quo
2641 1315 2822 1398 pacto
2869 1312 2900 1372 ὁ

513 1418 1019 1497 πανουργότατος
1079 1418 1423 1504 βασιλεύς,
1486 1425 1616 1486 tam
1675 1427 1933 1506 cautus,
1979 1428 2109 1487 tam
2156 1421 2485 1507 perspicax
2532 1439 2725 1504 quam
2775 1415 2903 1481 cal-

514 1523 685 1589 lidus
732 1529 796 1589 et
844 1531 1096 1591 astutus
1142 1548 1275 1593 non·
1315 1529 1662 1613 providerit
1707 1529 1773 1594 id
1823 1529 1951 1595 fore
2000 1529 2167 1615 quod
2215 1529 2458 1594 factum
2508 1535 2621 1593 est.
2719 1520 2905 1588 Scili-

517 1636 617 1694 cet
686 1649 986 1697 conversa
1057 1639 1312 1718 repente
1383 1640 1478 1699 est
1547 1635 1801 1701 fortuna
1872 1635 2044 1701 belli.
2143 1634 2374 1700 Omnia
2444 1633 2902 1720 propemodum

513 1735 703 1818 μέχρι
770 1747 878 1812 τῆς
948 1738 1202 1804 Παύλου
1258 1742 1607 1821 spari-tylae
1659 1741 1966 1808 Romanis
2013 1744 2277 1808 adversa
2324 1743 2583 1808 fuerunt
2628 1747 2692 1806 et
2737 1739 2899 1805 diffi-

514 1843 747 1909 cillimi
810 1846 961 1913 belli
1024 1848 1273 1933 taedio,
1338 1855 1411 1914 ut
1475 1851 1795 1934 vidimus,
1862 1850 1939 1916 ad
1988 1870 2208 1935 pacem
2260 1847 2761 1934 componendam
2806 1849 2902 1910 in-

517 1951 738 2017 clinati
808 1961 986 2019 erant
1055 1957 1277 2021 animi.
1370 1955 1689 2021 Eumenes
1752 1976 2005 2042 operam
2072 1976 2254 2021 suam
2321 1956 2610 2023 venditat
2671 1954 2902 2018 Perseo

518 2057 826 2123 Romanis
886 2062 997 2125 aut
1059 2062 1420 2127 faventibus
1482 2069 1595 2128 aut
1656 2068 1824 2128 certe
1884 2083 2010 2127 non
2055 2062 2580 2147 improbantibus.
2679 2059 2903 2144 Itaque

516 2184 774 2229 securus
844 2187 954 2251 per
1017 2168 1265 2233 occulta
1326 2167 1641 2253 colloquia
1702 2174 1766 2234 et
1814 2168 2166 2256 legationes
2212 2169 2278 2233 id
2328 2168 2495 2252 quod
2540 2170 2903 2252 susceperat

521 2291 860 2359 aggressus
920 2278 1034 2339 est.
1129 2273 1254 2340 Sed
1316 2276 1428 2340 ubi
1490 2274 1677 2341 Pauli
1743 2278 1982 2341 virtute
2029 2282 2283 2361 repente
2330 2274 2717 2341 debellatum
2767 2278 2904 2349 est,

516 2376 790 2443 Romani
851 2380 917 2443 in
981 2383 1153 2467 pacis
1199 2380 1667 2447 conciliatorem
1715 2381 2069 2447 Eumenem
2117 2382 2335 2447 eodem
2385 2383 2598 2446 animo
2644 2380 2906 2444 fuerunt

520 2504 643 2568 quo
691 2486 759 2549 in
808 2484 1087 2555 Rhodios
1131 2488 1352 2553 eadem
1400 2494 1675 2555 conatos.

609 2592 857 2680 Spretis
917 2605 982 2662 et
1041 2599 1294 2662 reiectis
1354 2597 1454 2662 his
1515 2599 1937 2673 testimoniis,
1986 2597 2276 2672 indiciis,
2325 2596 2725 2683 argumentis
2773 2613 2900 2658 om·

516 2703 707 2766 nibus
776 2702 1141 2768 Mommsen
1205 2702 1381 2769 aliud
1431 2704 1585 2788 quid
1633 2709 2029 2769 commentus
2078 2710 2171 2768 est
2217 2724 2362 2790 pag.
2416 2701 2576 2770 769:
2636 2725 2736 2785 „es
2779 2722 2901 2763 war

518 2814 597 2872 im
661 2809 839 2872 Senot
902 2811 1259 2874 beschlossen
1315 2811 1416 2874 die
1458 2812 1859 2873 sammtlichen
1906 2810 2301 2874 bellense-hen
2346 2810 2590 2874 Stantem
2635 2810 2902 2875 FRRUND

517 2932 646 2981 ΠΜ)
710 2915 912 2986 FBIND
976 2917 1074 2980 ein
1112 2918 1230 3003 fiir
1279 2918 1523 2981 allemal
1566 2917 1952 2981 umckddlich
1995 2939 2068 2980 zu
2113 2915 2406 2980 ηιαοῘιοη.”
2501 2916 2722 3002 Itaque
2768 2916 2900 2981 Eu-

518 3024 693 3087 meni
757 3043 1039 3107 quoque,
1105 3026 1215 3107 qui
1278 3022 1440 3087 nihil
1504 3023 1859 3107 deliquerat
1905 3023 2014 3087 sed
2065 3023 2209 3088 forti
2259 3043 2330 3088 ac
2376 3023 2552 3088 fideli
2599 3045 2786 3109 opera
2831 3026 2901 3090 in

517 3129 637 3194 hoc
701 3149 947 3214 quoque
1011 3129 1177 3195 bello
1239 3129 1560 3195 Romanos
1606 3131 1893 3206 iuverat,
1943 3135 2078 3195 erat
2122 3130 2533 3215 pereundum.
2631 3129 2904 3196 Difficile

518 3241 655 3301 erat
722 3242 1121 3320 praetextum
1190 3242 1402 3302 tantae
1465 3235 1760 3322 perfidiae
1827 3238 2115 3320 reperire.
2182 3256 2329 3324 pag.
2396 3234 2560 3303 769:
2634 3259 2735 3314 „ee
2781 3260 2903 3300 war

519 3342 683 3406 nicht
743 3343 924 3407 leicht
973 3366 1156 3424 ,qeyen
1216 3344 1331 3407 den
1391 3344 1607 3424 kluqen
1667 3344 1796 3406 und
1841 3348 2200 3407 heeonnenen
2248 3343 2537 3407 Eumenes
2584 3344 2756 3407 einen
2802 3366 2897 3408 er-

519 3449 848 3529 trc‘iyliehen
910 3448 967 3512 V
960 3451 1204 3514 orwand
1258 3472 1334 3512 zu
1378 3450 1596 3533 finden
1661 3472 1758 3512 unz
1804 3450 1912 3512 ihu
1958 3472 2067 3512 aus
2112 3454 2304 3513 seiner
2349 3450 2696 3530 bevorzuyen
2743 3449 2895 3512 Scel-

519 3557 666 3636 lunq
708 3578 784 3619 zu
836 3557 1201 3637 vercho‘inqen
1249 3557 1378 3619 und
1421 3556 1526 3619 ihu
1574 3556 1642 3618 in
1703 3555 1984 3635 Unynade
2017 3556 2227 3641 fallen
2272 3579 2347 3618 zu
2394 3554 2648 3620 laasen.’'
2728 3553 2898 3629 Quid

518 3659 761 3749 igitur?
823 3662 1105 3748 Repente
1154 3661 1312 3726 mali
1362 3680 1648 3727 rumores
1696 3661 1772 3726 de
1821 3682 1893 3727 eo
1941 3662 2432 3748 spargebantur,
2485 3660 2652 3726 clam
2704 3660 2905 3726 facere

518 3788 666 3834 cum
740 3767 1003 3846 Perseo;
1064 3767 1331 3832 classem
1398 3774 1654 3853 repente
1711 3767 2032 3852 avolasse3
2097 3771 2172 3831 ut
2235 3768 2442 3833 socius
2504 3765 2683 3833 fieret
2729 3770 2908 3852 quin-

519 3879 715 3963 genta
784 3874 1059 3959 talenta,
1125 3880 1200 3938 ut
1261 3894 1475 3959 pacem
1538 3880 1818 3959 patraret
1879 3873 2055 3939 mille
2116 3879 2180 3938 et
2227 3876 2576 3962 quingenta
2620 3880 2907 3959 paetum.

521 4162 701 4218 αἰτίαις
753 4161 868 4217 τοὺς
919 4160 1200 4223 ςρατηγοῦς
1253 4155 1389 4223 εἶχον
1441 4159 1502 4215 ὥς
1555 4155 1622 4208 δι’
1656 4156 1872 4222 ἀπειρίαν
1910 4156 1993 4206 καὶ
2028 4156 2271 4218 ἀτολμίαν
2308 4157 2526 4221 αἰσχρῶς
2567 4156 2652 4206 καὶ
2687 4170 2915 4214 καταγε-

526 4250 689 4311 λάςως
759 4246 862 4307 τοῖς
933 4248 1195 4312 πράγμασι
1255 4248 1530 4313 χρωμένους
1593 4248 1676 4297 καὶ
1732 4247 2029 4312 πάσχοντας
2084 4254 2238 4305 κακῶς
2297 4251 2488 4309 μᾶλλον
2544 4242 2574 4303 l?
2634 4248 2912 4303 ποιοῦντας.

526 4335 794 4383 Mommsen
830 4350 934 4398 pag.
973 4334 1092 4386 763:
1130 4335 1220 4383 das
1253 4335 1429 4382 konnte
1462 4333 1599 4381 nicht
1634 4334 1815 4381 e’indem
1847 4333 1959 4381 dass
1990 4333 2079 4380 das
2111 4332 2357 4395 Erqebm'sae
2389 4333 2542 4381 dieser
2574 4331 2734 4381 beiden
2752 4335 2918 4380 ersten

531 4418 756 4483 bkklzn'iqe
789 4417 1077 4469 militat-iscla
1114 4419 1245 4476 null,
1270 4415 1499 4481 politiock
1534 4416 1613 4465 οἰκ
1648 4414 1960 4479 Schaua'fiaeck
1999 4418 2083 4463 fiir
2114 4415 2193 4464 die
2223 4416 2395 4465 Εὔνηον
2428 4431 2539 4464 war.
