3192 5017
1383 297 1777 349 insontum.
2643 277 2764 345 101

365 479 439 539 et
498 469 755 541 Cratini
812 471 1100 537 versibus
1120 520 1138 557 ,
1201 491 1357 558 quos
1404 471 1953 553 examinavimuS,
2003 469 2289 554 primum
2337 466 2516 534 affert
2560 465 2756 553 Soph.

367 582 476 647 Δί.
543 577 678 646 384
738 579 856 644 ubi
915 577 1073 644 olim
1130 576 1498 645 Dindorfius
1557 579 1923 662 scripserat:
1983 575 2126 642 ίδοιν
2184 574 2327 641 now
2389 599 2511 658 νιν,
2573 594 2768 661 quam

364 689 804 773 conjecturam
852 686 987 770 ipse
1032 690 1249 771 postea
1293 684 1571 751 deseruit
1619 683 1976 769 ediditque:
2025 681 2208 760 ἴδοιμι
2254 681 2379 760 μήν
2426 705 2532 746 νιν.
2603 679 2770 747 Tum

362 789 598 860 laudat
643 790 799 859 Eur.
848 789 1076 857 Troad.
1127 790 1298 858 225:

998 898 1121 981 ,καὶ
1170 899 1289 964 τὰν
1340 898 1646 963 Αἱτνοιίοιν
1693 895 2007 980 Ἡφαίςου

1017 1003 1299 1079 Φοινίκας
1348 1005 1573 1084 ἀντήρη
1622 1009 1909 1087 κώμῃ.
2003 1039 2008 1044 ·

1021 1118 1291 1178 Σικελῶν
1338 1110 1510 1193 ὁρέων
1557 1110 1807 1191 ματέρ’,
1857 1112 2056 1179 οὶκούω

1015 1216 1444 1299 καρύσσεσθαι
1495 1218 1791 1302 ςεφοὶνοις
1836 1220 2105 1298 ἀρετ-οἶς·

1020 1322 1139 1389 τάν
1186 1323 1249 1390 τ’
1300 1324 1773 1404 cimas-ebonem
1817 1329 1946 1403 γοῖν

1020 1429 1202 1510 Ἰονίῳ
1252 1433 1511 1496 ναίοιν
1555 1430 1755 1512 πόντῳ

375 1539 474 1603 sic
544 1538 717 1603 enim
791 1536 1039 1602 editum
1099 1537 1226 1602 fuit
1287 1539 1367 1603 ab
1429 1536 1790 1614 Dindorfio,
1852 1558 2002 1604 cum
2066 1538 2134 1601 in
2181 1532 2524 1602 (lodicibus
2568 1536 2774 1603 ναύται

367 1646 462 1709 sit
505 1642 614 1709 vel
659 1643 882 1710 ναύται
899 1664 918 1723 3
968 1644 1078 1710 sed
1125 1645 1435 1711 contendo
1481 1644 1830 1710 admodum
1867 1648 2178 1710 incertam
2217 1645 2603 1728 scripturam
2636 1664 2770 1710 esse

368 1751 563 1814 valven
583 1795 601 1827 ‚
640 1771 792 1815 cum
832 1755 1131 1836 appareat
1171 1750 1348 1816 aliud
1388 1751 1542 1836 quid
1581 1749 1741 1815 olim
1780 1749 2024 1816 lectum
2052 1749 2249 1832 fuisse
2271 1750 2351 1814 ab
2377 1747 2765 1817 Scholiasta:

366 1857 839 1934 σημείωσαι
907 1859 1021 1943 (sic
1086 1859 1261 1921 enim
1308 1855 1656 1943 legendum
1702 1864 1799 1922 est
1843 1876 1958 1941 pro
2008 1863 2090 1934 H)
2136 1857 2246 1929 τὴν
2294 1856 2764 1937 &macedonem

367 1969 493 2042 γῆν
539 1964 625 2044 τῷ
675 1962 897 2045 Ἰονίῳ·
942 1963 1156 2028 κατὰ
1205 1969 1468 2029 κοινοῦ
1517 1963 1581 2029 δὲ
1634 1962 1736 2029 τό·
1785 1962 1984 2029 οὶκούω
2025 1958 2764 2042 κηρύσσεσθοιιςεφοίνοις

370 2071 606 2148 ἀρετᾶς
628 2118 647 2154 ,
709 2068 879 2136 unde
926 2068 1141 2136 -efficio
1202 2071 1320 2135 sub
1383 2071 1585 2135 ναύται
1650 2068 1756 2137 vel
1819 2069 2043 2135 ναύται
2106 2074 2273 2136 certe
2320 2089 2448 2136 non
2495 2071 2763 2137 verbum

370 2173 594 2242 latere.
666 2175 923 2242 Tertius
982 2175 1160 2242 locus
1221 2197 1411 2262 quem
1474 2176 1807 2243 Nauckius
1866 2176 2120 2253 laudat,
2185 2183 2281 2242 est
2325 2175 2479 2242 Eur.
2527 2175 2761 2244 Helen.

374 2278 513 2347 263
533 2330 551 2367 ,
598 2285 667 2346 in
713 2303 839 2368 quo
887 2282 1198 2349 versiculo
1243 2282 1517 2349 notando
1562 2285 1688 2347 nisi
1734 2282 1896 2348 forte
1943 2285 2286 2360 erraverit,
2326 2281 2586 2348 mirifici
2617 2303 2766 2350 sane

372 2389 754 2475 interpretes
802 2395 952 2454 sunt
997 2390 1110 2475 qui
1156 2389 1250 2453 ibi
1297 2388 1520 2466 λάβοιν
1568 2389 2125 2466 commendarunt,
2169 2410 2368 2475 quum
2402 2387 2767 2455 Dindorfius

379 2494 735 2561 Porsonum
801 2503 1059 2561 secutus
1116 2501 1284 2561 recte
1347 2495 1652 2561 ediderit:
1713 2495 1959 2575 αἴσχιον
2025 2492 2180 2569 εἶδος
2232 2497 2370 2562 ἀντὶ
2417 2501 2525 2562 τοῦ
2574 2504 2770 2564 καλοῦ

369 2604 627 2682 ’λαβοκ
678 2602 957 2683 Quartus
1005 2604 1275 2689 denique
1319 2602 1497 2668 locus
1543 2608 1640 2667 est
1688 2624 1766 2667 ex
1810 2601 2136 2689 Euripidis
2172 2602 2561 2690 Erechtheo,
2600 2603 2769 2690 quod

374 2709 819 2799 fragmentum
864 2708 1204 2797 Lycurgus
1249 2709 1442 2774 habet
1490 2730 1543 2773 c.
1592 2708 1812 2775 Leocr.
1860 2730 1922 2795 p.
1977 2708 2143 2775 161:

837 2814 1173 2897 λογίζομαι
1220 2814 1284 2879 δὲ
1332 2814 1578 2881 πολλοὶ·
1628 2821 1841 2895 πρῶτοι
1886 2817 2000 2892 μὲν
2046 2815 2225 2882 πόλιν

834 2923 943 2987 οὐκ
989 2921 1078 2987 ἄν
1127 2924 1242 2986 τιν’
1291 2921 1493 2995 ἄλλην
1540 2921 1719 2996 τῆςδε
1763 2921 1998 2999 βελτίω
2046 2921 2311 3007 λαβεῖν,

375 3030 490 3096 nbi
551 3030 728 3095 idem
790 3027 1155 3094 Dindorfius
1218 3028 1443 3109 λάβοιν
1489 3031 1781 3115 scripsit,
1846 3028 2116 3094 Bothius
2164 3027 2323 3095 olim
2370 3029 2539 3116 quod
2582 3030 2768 3114 longe

375 3135 775 3221 simplicius:
845 3138 951 3200 οὐκ
1021 3132 1120 3210 ἦν.
1216 3136 1342 3200 His
1404 3135 1561 3202 locis
1619 3136 1946 3201 recensitis
2009 3135 2341 3202 Nauckius
2400 3143 2529 3202 tres
2573 3158 2770 3205 novos

376 3242 662 3321 addidit,
712 3262 869 3327 quos
914 3243 1161 3307 invenit
1208 3244 1365 3327 ipse.
1460 3242 1723 3308 Primus
1767 3246 1864 3307 est
1911 3240 2143 3308 Aesch.
2194 3243 2365 3328 Sept.
2418 3240 2586 3308 719:
2629 3243 2768 3308 θεῶν

371 3346 654 3415 διδόντων
714 3350 821 3412 οὐκ
896 3347 972 3412 ἂν
1030 3349 1328 3428 :amaneu
1391 3346 1589 3424 κκκοὲ,
1644 3348 1753 3413 sed
1799 3368 1921 3412 non
1972 3368 2296 3434 assequor,
2347 3348 2572 3435 quidni
2617 3351 2768 3414 reti-

375 3474 645 3520 neamus
682 3450 935 3520 Oodicis
979 3454 1356 3520 lectionem:
1400 3453 1739 3536 ἐκφύγοις,
1792 3456 1985 3520 sicuti
2028 3460 2198 3521 recte
2238 3454 2521 3543 legimus
2567 3453 2767 3542 Soph.

374 3563 482 3627 Αἰ.
550 3558 719 3626 156:
789 3566 907 3626 τῶν
975 3560 1102 3641 γὰρ
1163 3560 1463 3638 μεγάλων
1526 3566 1751 3642 ψυχῶν
1819 3561 1927 3632 ἱεὶς
1995 3562 2103 3626 οὐκ
2168 3560 2246 3627 ἂν
2299 3561 2601 3638 ἁμάρτοι-τ
2666 3562 2770 3628 vel

377 3666 534 3733 Oed.
585 3666 742 3754 Tyr.
794 3666 959 3734 175:
1008 3665 1202 3732 ἄλλον
1250 3666 1302 3732 δ’
1352 3668 1428 3733 ἂν
1477 3665 1656 3747 ἄλλῳ
1703 3667 1998 3747 προσίδοις
2047 3666 2154 3732 vel
2189 3666 2342 3732 Eur.
2385 3667 2553 3734 Med.
2601 3666 2764 3734 191:

377 3773 630 3846 σκαιοὺς
677 3774 739 3839 δὲ
790 3773 991 3852 λέγων
1035 3776 1142 3839 οὐκ
1190 3775 1266 3840 ἂν
1318 3773 1656 3853 ἁμάρτοις,
1696 3774 1808 3839 ubi
1847 3790 2037 3839 nemo
2078 3793 2225 3839 cum
2267 3770 2528 3840 Cratino
2568 3773 2772 3854 ἀμοίρ-

375 3904 504 3947 τοιν
568 3880 839 3945 scribere
884 3879 1107 3946 voluit.
1205 3879 1422 3946 Minus
1468 3901 1635 3945 nunc
1682 3880 1762 3945 ad
1808 3901 1957 3958 nos,
2005 3879 2172 3965 quod
2221 3878 2282 3943 N
2284 3879 2553 3945 auckius
2600 3881 2770 3965 apud

378 3986 803 4074 Ariphronem
866 3985 1242 4074 Sicyonium
1266 4037 1280 4064 ,
1346 3989 1529 4052 cuius
1586 3985 1802 4051 locum
1866 3985 2061 4051 habet
2123 3986 2488 4052 Athenaeus
2537 3985 2655 4051 XV
2701 4008 2765 4072 p.

378 4092 512 4159 702
573 4095 657 4169 A,
733 4099 988 4181 propter
1056 4095 1355 4160 vitiosam
1419 4094 1898 4177 inscriptionem
1962 4090 2273 4159 Graecam
2296 4139 2312 4169 ,
2376 4112 2537 4177 quae
2598 4093 2768 4177 apud

374 4199 776 4265 Boeckhium
838 4204 932 4264 est
981 4196 1144 4284 511,
1195 4197 1638 4265 commendat:
1687 4198 1858 4277 μετὰ
1904 4202 2009 4264 σοῦ
2059 4198 2246 4263 ναίοιν
2293 4196 2363 4262 τὸ
2409 4195 2768 4277 λειπόμενον

374 4305 553 4384 βίον,
626 4326 752 4392 qua
812 4309 880 4371 in
940 4328 1007 4372 re
1065 4312 1232 4373 certe
1291 4308 1349 4371 ei
1410 4326 1536 4372 non
1599 4290 1895 4372 convenit
1941 4326 2088 4371 cum
2138 4303 2462 4371 Boeckhio
2508 4308 2648 4392 ipso
2695 4309 2763 4373 in

373 4412 706 4480 Addendis
752 4434 816 4500 p.
870 4411 1024 4479 913.
1087 4413 1374 4499 Denique
1421 4411 1804 4479 Callimachi
1851 4413 2286 4502 fragmentum
2338 4419 2434 4478 est
2483 4412 2636 4494 291,
2687 4417 2766 4482 ab
