3192 5017
1240 329 1259 342 ,
1302 272 1545 326 menno.
2483 252 2618 322 263

258 448 557 516 venissent
573 495 591 526 ‚
649 451 850 515 armis
863 497 880 527 ‚
953 451 1103 515 viris
1120 495 1139 526 ,
1197 454 1436 514 terrore
1494 446 1899 533 periculoque
1958 450 2182 513 mortis
2231 445 2616 532 reppulerit,

252 555 511 642 fugarit,
558 556 861 621 averterit
904 554 1024 620 hoe
1070 552 1283 620 dicat”
1331 574 1384 619 e.
1412 573 1473 638 q.
1497 574 1547 617 s.

332 661 581 724 Manum
614 661 831 746 faeere
874 658 1134 725 affertur
1175 680 1255 726 ex
1298 657 1574 744 Ulpiano
1620 656 1754 724 8010
1798 656 2606 745 Digg.XLV111.13.6‚

248 766 377 831 init.
420 767 781 853 Argenteae
814 764 1155 831 latinitatis
1202 769 1297 831 est
1340 764 1658 829 exercitum
1692 764 1937 849 facere,
1985 762 2155 847 quod
2198 783 2348 827 cum
2388 762 2612 846 semel,

247 872 544 936 nimirum
604 870 822 936 addito
867 878 1147 953 aryento,
1198 870 1464 935 dixisset
1509 866 1888 952 Sallustius,
1936 870 2004 933 in
2049 866 2297 933 deliciis
2342 869 2470 934 fuit
2515 889 2616 934 ae-

244 975 410 1042 mulo
470 979 612 1043 eius
669 977 975 1044 Arruntio
1035 975 1338 1061 aliisque,
1400 980 1478 1039 ut
1525 973 1719 1039 refert
1763 972 1999 1039 Seneca
2043 974 2247 1059 Epist.
2302 972 2611 1041 114.1‘7.

244 1080 354 1147 Sed
409 1084 512 1150 fac
574 1084 945 1149 Ciceronem
1010 1082 1245 1149 dixisse
1304 1102 1541 1145 manum
1576 1080 1826 1165 faeere,
1875 1085 2091 1145 tamen
2137 1079 2258 1145 hoc
2301 1080 2441 1145 1000
2486 1101 2612 1146 non

244 1186 428 1267 dixit3
506 1209 656 1254 nam
727 1209 854 1251 cum
913 1189 1273 1253 coniunctio
1336 1185 1555 1252 turbat
1614 1189 1816 1250 totam
1865 1185 2227 1270 periodum3
2276 1185 2394 1251 illa
2439 1188 2609 1251 enim

240 1312 465 1357 mm
517 1295 743 1380 fecerit
755 1339 775 1371 ‚
824 1293 1266 1357 multitudinem
1310 1290 1564 1373 moyen-it
1580 1339 1600 1373 ,
1647 1287 1786 1355 rell.
1834 1291 2240 1375 (paratactice
2283 1303 2359 1356 ut
2405 1293 2612 1376 aiunt)

238 1398 411 1464 iuxta
456 1380 666 1485 posita
709 1404 860 1464 sunt
870 1418 888 1477 ;
938 1397 1107 1463 unde
1154 1398 1310 1464 haee
1346 1416 1543 1483 prava
1578 1396 1786 1462 forma
1822 1398 2104 1462 nascitur
2140 1396 2415 1480 periodi:
2460 1400 2614 1482 „qui

238 1500 299 1566 in
360 1524 517 1589 pace
575 1510 640 1569 et
700 1504 833 1569 otio
880 1523 1027 1569 cum
1077 1539 1160 1552 —-
1210 1503 1514 1569 averterit
1556 1500 1678 1566 hoc
1723 1500 1961 1567 dicat.'’
2009 1500 2213 1589 Lege:
2262 1525 2391 1566 cum
2435 1525 2613 1567 manu

230 1605 448 1690 sunit.

324 1817 433 1885 39.
497 1820 803 1898 „huiusce
860 1820 954 1885 rei
997 1839 1112 1887 vos
1157 1820 1454 1886 statuetis
1498 1817 1748 1885 nullam
1793 1838 1928 1884 esse
1974 1821 2286 1885 actionem
2305 1870 2325 1898 ,
2375 1823 2608 1887 nullum

242 1925 607 2011 experiundi
665 1926 768 1989 ius
828 1924 1249 1991 constitutum
1266 1972 1286 2004 ,
1350 1926 1456 2010 qui
1518 1924 1844 2019 obstiterit
1885 1927 2149 1990 armatis
2196 1926 2566 1994 hominibus
2586 1977 2604 2008 ,

242 2032 348 2115 qui
406 2028 826 2097 multitudine
877 2035 1094 2096 coacta
1152 2050 1279 2096 non
1337 2032 1606 2097 introitu
1622 2079 1641 2113 ,
1705 2030 1813 2096 sed
1859 2030 2117 2096 omnino
2164 2034 2346 2097 aditu
2390 2054 2608 2119 quem·

243 2137 410 2220 piam
453 2132 922 2223 prohibueritP’

326 2240 909 2329 obtemperandum
948 2260 1096 2307 sane
1134 2242 1316 2308 bonis
1354 2242 1678 2308 codicibus
1716 2245 1826 2327 qui
1865 2243 2098 2307 nullum
2137 2248 2201 2307 et
2223 2244 2331 2329 qui
2350 2244 2606 2325 hebent,

245 2367 362 2414 non
403 2350 566 2413 nulli
610 2353 681 2415 et
724 2351 901 2435 quod.
993 2347 1115 2415 Sed
1161 2369 1325 2436 nego
1371 2355 1475 2435 qui
1516 2349 1583 2414 h.
1607 2347 1652 2414 l.
1702 2370 1817 2434 pro
1861 2349 1917 2412 ai
1962 2349 2067 2434 qui
2111 2353 2263 2434 poni
2307 2356 2607 2436 potuisse.

244 2453 404 2520 Nam
454 2457 510 2520 si
558 2456 703 2541 quis
747 2452 1040 2540 exempla
1083 2474 1124 2521 a
1168 2448 1564 2540 Wopkensio
1619 2454 1823 2520 Lectt.
1872 2453 2045 2519 Tull.
2086 2476 2153 2540 .p.
2208 2454 2359 2533 181,
2411 2456 2609 2525 Gara-

246 2562 409 2627 tonio
470 2561 550 2626 ad
612 2560 832 2626 Vatin.
890 2558 951 2638 5,
1005 2559 1089 2626 12
1150 2581 1213 2646 p.
1264 2560 1350 2626 59
1412 2560 1509 2626 ed.
1567 2559 1786 2625 Helm.
1839 2557 1920 2627 G.
1971 2559 2041 2625 Τ.
2089 2560 2172 2625 A.
2227 2561 2487 2652 Kriiger
2529 2565 2608 2630 de

241 2666 630 2733 Atti-actione
686 2687 751 2752 p.
807 2664 958 2751 196,
1018 2666 1325 2733 Kiihnero
1388 2667 1468 2732 ad
1529 2666 1718 2732 Tusc.
1777 2666 1863 2731 V.
1928 2663 1990 2733 7.
2052 2666 2140 2732 20
2202 2674 2267 2733 et
2313 2666 2606 2736 Gramm.

242 2767 319 2836 II.
386 2792 449 2856 p.
513 2770 647 2839 842
716 2770 913 2839 allata
980 2772 1318 2838 contulerit
1376 2791 1579 2857 pauca
1640 2774 1898 2837 omnino
1958 2792 2036 2836 ex
2082 2771 2381 2839 Cicerone
2431 2779 2605 2856 (nam

244 2879 505 2943 comicos
522 2924 540 2955 ,
604 2876 984 2944 Sallustium
1006 2925 1022 2957 ,
1081 2877 1341 2944 Livium
1405 2879 1680 2963 excipio)
1726 2878 2008 2944 inveniet
2024 2926 2042 2954 ,
2089 2884 2154 2943 et
2199 2881 2267 2944 in
2312 2878 2610 2965 plurimis

246 2985 672 3050 accusativum
735 2989 848 3049 aut
907 2986 1376 3050 nominativum
1435 2985 1824 3070 pronominis
1883 2984 2368 3049 demonstrativi
2412 2988 2609 3051 omis-

247 3105 403 3153 sum.
447 3088 535 3155 Iis
579 3090 872 3175 sepositis
917 3088 1191 3156 aliorum
1238 3110 1505 3155 casuum
1550 3089 1707 3155 haec
1755 3089 1884 3154 fere
1927 3094 2196 3155 restant:
2242 3088 2462 3155 Tusce.
2490 3091 2534 3156 l.
2562 3091 2608 3156 l.

252 3191 524 3268 „Xerxes
569 3197 927 3281 praemium
974 3198 1301 3281 proposuit
1350 3196 1460 3280 qui
1495 3214 1729 3261 novam
1769 3193 2170 3280 voluptatem
2207 3195 2610 3261 invenisset.’'

248 3296 413 3363 Fam.
460 3297 540 3364 V.
598 3300 659 3365 1.
712 3300 747 3365 1
812 3300 1040 3378 „video
1084 3321 1192 3366 me
1237 3300 1557 3366 desertum
1605 3320 1643 3366 a
1689 3299 1921 3385 quibus
1965 3301 2237 3363 minime
2283 3302 2614 3367 convenie-

250 3403 402 3470 batf’
490 3403 632 3470 Att.
701 3404 780 3471 V.
836 3405 936 3483 11,
993 3404 1033 3470 6
1083 3426 1292 3484 „nunc
1336 3405 1522 3471 redeo
1569 3405 1650 3470 ad
1696 3425 1856 3489 quae
1902 3405 2068 3468 mihi
2112 3404 2432 3470 mandas.”
2479 3406 2614 3494 (sed

249 3512 527 3593 proxima
587 3531 662 3577 eo
719 3510 857 3577 1000
903 3516 1199 3598 corrupta
1243 3511 1439 3597 sunt).
1488 3509 1676 3596 prl.
1725 3509 1806 3574 ΙΙ.
1855 3508 1959 3588 29,
2017 3509 2136 3574 51:
2188 3509 2616 3596 „Tarquinius

250 3633 361 3680 uon
420 3636 657 3683 novam
701 3620 1081 3702 potestatem
1127 3620 1393 3681 nanctus
1413 3664 1431 3693 ,
1481 3615 1592 3680 sed
1639 3634 1832 3700 quam
1879 3614 2154 3680 habebat
2196 3622 2378 3694 (num
2431 3617 2612 3683 add.:

253 3722 382 3807 εαῖ)
449 3743 604 3787 usus
670 3724 907 3787 iniuste
976 3726 1185 3786 totum
1253 3741 1459 3808 genus
1524 3721 1645 3786 hoc
1714 3722 1930 3807 regiae
1992 3720 2274 3787 civitatis
2319 3724 2615 3788 evertit.”

254 3822 451 3913 Magis
519 3830 712 3894 etiam
785 3826 1057 3893 dubium
1117 3827 1296 3892 Fam.
1360 3826 1474 3891 ΠΙ.
1546 3825 1608 3891 6.
1676 3826 1753 3889 3:
1822 3831 1939 3904 „ut
1983 3832 2172 3891 tuum
2219 3826 2461 3893 factum
2512 3827 2618 3915 (iis

257 3950 409 3998 nunc
472 3953 552 3999 ex
620 3934 981 3999 coniectura
1048 3931 1331 4016 additur)
1403 3934 1515 4017 qui
1585 3951 1710 4017 quo
1779 3933 1991 3997 animo
2038 3934 2205 3996 inter
2251 3952 2365 3997 nos
2410 3933 2615 3998 simus

258 4036 563 4124 ignorent,
616 4039 809 4104 alieni
851 4038 1135 4104 hominis
1183 4074 1266 4086 —
1311 4058 1445 4103 esse
1490 4036 1840 4103 videatur.’'
1886 4035 2010 4102 Sed
2056 4036 2210 4121 quid
2250 4038 2617 4121 quaerimus

260 4141 331 4207 ad
371 4141 780 4209 Caecinianae
824 4142 1037 4209 locum
1088 4138 1424 4229 exempla?
1474 4141 1772 4220 „nullum
1819 4140 2192 4226 experiundi
2238 4143 2340 4205 ius
2388 4144 2619 4207 consti·

260 4250 460 4314 tutum
523 4251 634 4334 qui
692 4247 1015 4314 obstiterit
1076 4251 1342 4314 armatis
1386 4246 1794 4315 hominibus''
1839 4266 1988 4333 pro:
2042 4248 2508 4324 „constitutum
2553 4254 2621 4312 in

260 4372 373 4419 enm
418 4353 575 4439 qui’'
623 4357 768 4419 tum
815 4352 1075 4420 demum
1120 4354 1374 4419 credam
1421 4353 1699 4419 latinum
1749 4372 1884 4418 esse
1929 4354 1985 4417 si
2035 4373 2090 4417 e.
2136 4372 2201 4439 g.
2256 4353 2624 4428 „invehitur
