3192 5017
634 293 771 361 288
1644 314 2007 363 nummum.

729 486 797 551 In
850 486 1207 574 fragmento
1256 484 1421 550 470:

1081 592 1186 657 καὶ
1240 592 1457 657 πεπτὰ
1505 616 1542 656 κ
1561 592 1642 656 αὶ
1691 617 1727 658 κ
1746 617 1775 672 ρ
1795 617 1821 659 ο
1840 617 1878 656 τ
1896 619 1930 669 n
1950 618 1987 658 τ
2007 596 2049 660 ἀ
2098 604 2211 670 τῆς
2258 593 2661 678 ξουθοπτέρου

1084 699 1333 778 πελάνῳ
1381 698 1685 776 μελίσσης
1728 697 2019 781 ἀφθόνως
2068 701 2422 779 δεδευμένα.

628 808 767 874 Iam
820 806 1061 873 correxi
1110 831 1145 871 κ
1164 807 1206 870 ὦ
1226 829 1307 886 κρ
1328 829 1354 869 ο
1372 812 1425 887 φ
1443 831 1475 879 η
1497 830 1535 870 τ
1554 806 1596 870 αὶ
1648 805 1888 871 Mnem.
1938 805 2116 874 XVI.
2163 807 2317 875 211.

724 1018 1031 1085 Stobaens
1085 1015 1188 1085 73.
1242 1017 1328 1083 29
1378 1038 1455 1083 ex
1501 1017 1828 1107 Meleagro
1877 1022 2155 1086 servavit
2200 1021 2634 1110 frag-mentum
2687 1023 2847 1089 526:

1090 1126 1139 1190 εἲ
1190 1123 1467 1205 κερκίδων
1513 1124 1628 1202 μὲν
1675 1124 1963 1205 ἀνδράσιν
2010 1126 2186 1203 μέλοι
2234 1127 2409 1201 πόνος
2437 1178 2453 1207 ,

1093 1229 1340 1309 γυναιξὶ
1395 1230 1447 1294 δ’
1497 1228 1701 1296 ὅπλων
1750 1231 2071 1309 ἐμπέσοιεν
2123 1234 2330 1308 ἡδοναί
2345 1257 2361 1275 ·

1089 1337 1155 1403 ἐκ
1205 1346 1315 1412 τῆς
1367 1338 1672 1415 ε’πιςῆμης
1722 1338 1879 1418 γὰρ
1928 1339 2556 1413 ἐκπεπτωκότες

1087 1444 1269 1509 κεῖνοί
1314 1443 1371 1508 τ’
1423 1443 1498 1508 ἂν
1547 1443 1715 1509 οὐδὲν
1763 1440 1880 1509 εἶεν
1928 1445 2064 1511 οὔθ’
2119 1449 2295 1523 ἡμεῖς
2344 1445 2456 1512 ἔτι.

629 1552 1035 1640 Intelligam:
1087 1551 1915 1631 παρεκπεπτωκότες.

725 1774 775 1839 F
779 1779 1014 1862 ragmt.
1067 1772 1232 1836 555:

997 1878 1210 1960 φθόνος
1261 1878 1315 1944 δ’
1365 1879 1392 1943 ὁ
1441 1881 1685 1943 πολλῶν
1733 1876 1930 1958 Φρένα
1984 1876 2340 1960 διαφθείρων
2387 1878 2615 1957 βροτῶν

996 1985 1344 2051 cinctas&
1395 1984 1583 2049 αὐτὸν
1626 1984 1793 2061 κοὲμὲ
1840 1983 2249 2050 συνδιώλεσεν.

635 2094 1147 2178 Uniuseuiusque
1194 2097 1290 2157 est
1334 2091 1701 2157 rescribere:
1750 2091 2062 2156 διώλεσ’
2114 2090 2323 2157 αὐτόν.

723 2305 1085 2371 Palamedes
1130 2305 1443 2394 gloriatur
1490 2305 1751 2392 fragmt.
1805 2303 1974 2369 582:

999 2414 1083 2478 τοὶ
1131 2420 1242 2487 τῆς
1292 2435 1371 2489 γε
1419 2408 1620 2486 λήθης
1669 2411 1988 2497 Φάρμακᾎ
2036 2409 2398 2493 ὄρθώσας
2450 2414 2627 2491 μόνος

995 2518 1223 2600 ἄφωνα
1269 2519 1374 2584 καὶ
1424 2523 1747 2597 Φωνοῦντα
1796 2517 2136 2597 συλλαβάς
2188 2543 2258 2583 τε
2304 2517 2439 2592 θείς

995 2624 1229 2705 ἐξεῦρον
1280 2622 1648 2704 ἀνθρώποισι
1698 2623 2037 2705 γράμματ’
2088 2625 2328 2691 εἰδέναι.

622 2734 1013 2802 Contendere
1066 2732 1271 2798 ausim
1323 2751 1539 2797 veram
1586 2731 1927 2797 lectionem
1979 2753 2111 2798 esse
2157 2730 2478 2812 ἅρθρώσας
2500 2779 2516 2811 ,
2560 2733 2729 2819 quod
2780 2737 2845 2799 in
2888 2732 2975 2796 hoc

625 2847 1006 2931 argumento
1052 2838 1332 2905 solemne
1378 2838 1647 2904 verbum
1696 2846 1812 2904 est.

714 3052 829 3118 Est
877 3051 1258 3137 Antiphanis
1306 3051 1739 3138 fragmentum
1789 3056 2110 3116 servatum
2160 3053 2328 3138 apud
2375 3051 2609 3118 Athen.
2658 3053 2719 3118 X
2762 3054 2883 3119 441
2921 3049 2973 3125 C.

626 3159 794 3246 quod
842 3156 1202 3224 Meinekius
1251 3156 1340 3221 sic
1386 3156 1620 3222 edidit:

1603 3262 1815 3328 Βούλει
1864 3265 1968 3328 καὶ
2017 3266 2131 3339 σὺ,
2180 3264 2501 3346 φιλτάτη,

989 3380 1176 3448 πιεῒν;
1255 3381 1319 3434 Β.
1370 3375 1573 3439 καλῶς
1624 3367 1926 3448 ἔχοιμι.
2000 3381 2066 3435 Β.
2121 3376 2442 3451 τοιγαροῦν
2491 3372 2675 3454 φέρε·

987 3476 1173 3559 μέχρι
1219 3476 1345 3555 γὰρ
1394 3481 1567 3553 τριῶν
1617 3474 1737 3540 δεῖν
1785 3476 1947 3557 Φασὶ
1995 3482 2189 3554 τιμᾶν
2235 3478 2374 3551 τοὺς
2423 3476 2619 3548 θεούς.

624 3584 903 3652 Cobetus
949 3589 1164 3650 autem
1213 3582 1457 3649 Mnem.
1508 3580 1562 3647 V
1613 3581 1701 3646 84
1748 3581 1960 3647 locum
2009 3585 2377 3649 constituit:

1443 3698 1519 3753 A.
1571 3688 1785 3753 Βούλει
1836 3689 1941 3753 καὶ
1992 3688 2066 3753 σὺ
2116 3689 2403 3767 φιλτάτη
2453 3700 2653 3767 πιεῒν;

1038 3807 1105 3861 Β.
1157 3801 1357 3868 καλῶς
1407 3793 1587 3874 ἔχει
1636 3819 1791 3870 μοι.
1846 3805 1914 3860 Γ.
1966 3801 2284 3876 τοιγαροῦν
2332 3796 2465 3873 ἐμοὶ
2514 3796 2686 3877 Φέρε.

623 3903 1013 3972 Monstrabit
1073 3901 1176 3966 hio
1242 3900 1416 3967 locus
1478 3899 1632 3986 quid
1682 3901 2153 3966 rescribendum
2201 3902 2288 3969 sit
2335 3905 2401 3968 in
2450 3904 2524 3969 fr.
2576 3903 2729 3969 702.
2824 3902 2973 3971 Dixit

620 4009 1080 4097 Aristophanes
1148 4010 1215 4073 in
1289 4008 1565 4073 Acham.
1641 4005 1809 4071 456:
1878 4006 2327 4092 εὐδαιμονοίης,
2400 4011 2675 4089 Τηλέφῳ
2746 4012 2799 4076 δ’
2857 4007 2970 4084 ἑγὼ

620 4123 836 4200 φρονῶ.
929 4115 1211 4182 Duotum
1283 4117 1402 4180 hoo
1472 4119 1567 4179 est
1637 4134 1715 4178 ex
1786 4112 2101 4198 Telepho,
2176 4117 2241 4179 in
2304 4137 2427 4202 quo
2481 4117 2605 4181 fuit
2653 4115 2968 4183 secundum

620 4223 853 4292 Athen.
919 4220 973 4287 V
1035 4221 1162 4287 186
1228 4218 1316 4288 G:
1379 4217 1446 4286 εὖ
1506 4244 1611 4297 μοι
1676 4220 1944 4305 γένοιτο,
1994 4221 2271 4302 Τηλέφῳ
2325 4221 2378 4286 δ’
2426 4222 2561 4300 ἁγὼ
2611 4230 2758 4297 νοῶ,
2806 4239 2967 4308 quem

619 4332 831 4398 loc-um
878 4329 1232 4397 Scholiasta
1279 4330 1373 4392 ita
1420 4326 1631 4392 affert:

1127 4439 1332 4503 καλῶς
1380 4432 1697 4511 ἔχοιμι·
1746 4432 2021 4514 Τηλέφῳ
2071 4434 2124 4498 δ’
2176 4435 2313 4513 οὶγὼ
2367 4442 2501 4510 νοῶ,
