<?xml version="1.0" encoding="UTF-8"?>
<!DOCTYPE html PUBLIC "-//W3C//DTD XHTML 1.0 Transitional//EN"
    "http://www.w3.org/TR/xhtml1/DTD/xhtml1-transitional.dtd">
<html xmlns="http://www.w3.org/1999/xhtml" xml:lang="en" lang="en">
 <head>
  <title>
</title>
<meta http-equiv="Content-Type" content="text/html;charset=utf-8" />
  <meta name='ocr-system' content='tesseract 3.04.00' />
  <meta name='ocr-capabilities' content='ocr_page ocr_carea ocr_par ocr_line ocrx_word'/>
</head>
<body>
  <div class='ocr_page' id='page_1' title='image "./mnemosynebiblio14servgoog_0620.png"; bbox 0 0 3192 5017; ppageno 0'>
   <div class='ocr_carea' id='block_1_1' title="bbox 586 258 2116 329">
    <p class='ocr_par' dir='ltr' id='par_1_1' title="bbox 586 258 2116 329">
     <span class='ocr_line' id='line_1_1' title="bbox 586 258 2116 329; baseline -0.002 -1"><span class='ocrx_word' id='word_1_1' title='bbox 586 258 717 329; x_wconf 83' lang='lat'><strong>164</strong></span> <span class='ocrx_word' id='word_1_2' title='bbox 1377 275 2116 326; x_wconf 67' lang='lat' dir='ltr'><strong>enmonouromoms.</strong></span> 
     </span>
    </p>
   </div>
   <div class='ocr_carea' id='block_1_2' title="bbox 577 449 2986 4451">
    <p class='ocr_par' dir='ltr' id='par_1_2' title="bbox 577 449 2979 1172">
     <span class='ocr_line' id='line_1_2' title="bbox 577 449 2974 537; baseline -0.001 -20"><span class='ocrx_word' id='word_1_3' title='bbox 577 451 747 517; x_wconf 83' lang='lat' dir='ltr'><strong>Oum</strong></span> <span class='ocrx_word' id='word_1_4' title='bbox 807 456 1127 537; x_wconf 88' lang='lat' dir='ltr'><strong>praeterea</strong></span> <span class='ocrx_word' id='word_1_5' title='bbox 1186 450 1665 517; x_wconf 87' lang='lat' dir='ltr'><strong>Baumeisterus</strong></span> <span class='ocrx_word' id='word_1_6' title='bbox 1684 498 1700 527; x_wconf 92' lang='lat'>,</span> <span class='ocrx_word' id='word_1_7' title='bbox 1745 451 1940 517; x_wconf 91' lang='lat' dir='ltr'><strong>homo</strong></span> <span class='ocrx_word' id='word_1_8' title='bbox 1999 450 2409 518; x_wconf 87' lang='lat' dir='ltr'><strong>doctissimus</strong></span> <span class='ocrx_word' id='word_1_9' title='bbox 2425 499 2442 533; x_wconf 95' lang='lat'>‚</span> <span class='ocrx_word' id='word_1_10' title='bbox 2492 450 2602 516; x_wconf 90' lang='lat' dir='ltr'><strong>sed</strong></span> <span class='ocrx_word' id='word_1_11' title='bbox 2654 449 2974 516; x_wconf 80' lang='lat' dir='ltr'><strong>doctrinae</strong></span> 
     </span>
     <span class='ocr_line' id='line_1_3' title="bbox 580 555 2977 644; baseline -0.001 -22"><span class='ocrx_word' id='word_1_12' title='bbox 580 558 870 624; x_wconf 86' lang='lat' dir='ltr'><strong>ubertate</strong></span> <span class='ocrx_word' id='word_1_13' title='bbox 931 577 1124 641; x_wconf 90' lang='lat' dir='ltr'><strong>quam</strong></span> <span class='ocrx_word' id='word_1_14' title='bbox 1190 556 1419 622; x_wconf 89' lang='lat' dir='ltr'><strong>iudicii</strong></span> <span class='ocrx_word' id='word_1_15' title='bbox 1483 558 1757 623; x_wconf 78' lang='lat' dir='ltr'><strong>sanitate</strong></span> <span class='ocrx_word' id='word_1_16' title='bbox 1803 557 2119 644; x_wconf 79' lang='lat' dir='ltr'><strong>insignior</strong></span> <span class='ocrx_word' id='word_1_17' title='bbox 2140 606 2159 641; x_wconf 91' lang='lat'>,</span> <span class='ocrx_word' id='word_1_18' title='bbox 2205 556 2644 623; x_wconf 88' lang='lat' dir='ltr'><strong>eruditissima</strong></span> <span class='ocrx_word' id='word_1_19' title='bbox 2691 555 2977 639; x_wconf 79' lang='lat' dir='ltr'><strong>disputa-</strong></span> 
     </span>
     <span class='ocr_line' id='line_1_4' title="bbox 580 661 2978 749; baseline -0.002 -21"><span class='ocrx_word' id='word_1_20' title='bbox 580 663 749 729; x_wconf 81' lang='lat' dir='ltr'>tione</span> <span class='ocrx_word' id='word_1_21' title='bbox 788 661 1580 748; x_wconf 82' lang='lat' dir='ltr'><strong>Batrachomyomacbiam</strong></span> <span class='ocrx_word' id='word_1_22' title='bbox 1619 661 1867 749; x_wconf 77' lang='lat' dir='ltr'><strong>Pigreti</strong></span> <span class='ocrx_word' id='word_1_23' title='bbox 1907 664 2229 729; x_wconf 85' lang='lat' dir='ltr'><strong>vindicare</strong></span> <span class='ocrx_word' id='word_1_24' title='bbox 2274 672 2536 728; x_wconf 85' lang='lat' dir='ltr'><strong>conatus</strong></span> <span class='ocrx_word' id='word_1_25' title='bbox 2581 664 2669 726; x_wconf 91' lang='lat' dir='ltr'><strong>sit</strong></span> <span class='ocrx_word' id='word_1_26' title='bbox 2687 708 2703 739; x_wconf 87' lang='lat'>‚</span> <span class='ocrx_word' id='word_1_27' title='bbox 2752 679 2978 744; x_wconf 85' lang='lat' dir='ltr'><strong>operae</strong></span> 
     </span>
     <span class='ocr_line' id='line_1_5' title="bbox 580 765 2977 853; baseline -0.001 -20"><span class='ocrx_word' id='word_1_28' title='bbox 580 770 858 853; x_wconf 87' lang='lat' dir='ltr'><strong>pretium</strong></span> <span class='ocrx_word' id='word_1_29' title='bbox 907 789 1011 833; x_wconf 91' lang='lat' dir='ltr'><strong>me</strong></span> <span class='ocrx_word' id='word_1_30' title='bbox 1057 768 1379 834; x_wconf 86' lang='lat' dir='ltr'><strong>facturum</strong></span> <span class='ocrx_word' id='word_1_31' title='bbox 1428 788 1566 834; x_wconf 89' lang='lat' dir='ltr'><strong>esse</strong></span> <span class='ocrx_word' id='word_1_32' title='bbox 1612 765 1855 834; x_wconf 86' lang='lat' dir='ltr'><strong>confido</strong></span> <span class='ocrx_word' id='word_1_33' title='bbox 1873 814 1892 845; x_wconf 83' lang='lat'>‚</span> <span class='ocrx_word' id='word_1_34' title='bbox 1940 770 1996 833; x_wconf 88' lang='lat' dir='ltr'><strong>si</strong></span> <span class='ocrx_word' id='word_1_35' title='bbox 2042 788 2234 834; x_wconf 87' lang='lat' dir='ltr'><strong>causa</strong></span> <span class='ocrx_word' id='word_1_36' title='bbox 2278 769 2391 835; x_wconf 92' lang='lat' dir='ltr'><strong>diu</strong></span> <span class='ocrx_word' id='word_1_37' title='bbox 2439 768 2686 834; x_wconf 89' lang='lat' dir='ltr'><strong>deserta</strong></span> <span class='ocrx_word' id='word_1_38' title='bbox 2733 768 2977 831; x_wconf 88' lang='lat' dir='ltr'><strong>iterum</strong></span> 
     </span>
     <span class='ocr_line' id='line_1_6' title="bbox 578 874 2979 962; baseline -0.001 -22"><span class='ocrx_word' id='word_1_39' title='bbox 578 885 873 959; x_wconf 86' lang='lat' dir='ltr'><strong>suscepta</strong></span> <span class='ocrx_word' id='word_1_40' title='bbox 931 895 1009 940; x_wconf 84' lang='lat' dir='ltr'><strong>ex</strong></span> <span class='ocrx_word' id='word_1_41' title='bbox 1072 875 1154 939; x_wconf 89' lang='lat' dir='ltr'><strong>iis</strong></span> <span class='ocrx_word' id='word_1_42' title='bbox 1215 874 1505 940; x_wconf 83' lang='lat' dir='ltr'><strong>versibus</strong></span> <span class='ocrx_word' id='word_1_43' title='bbox 1523 921 1541 958; x_wconf 90' lang='lat'><strong>,</strong></span> <span class='ocrx_word' id='word_1_44' title='bbox 1600 892 1756 959; x_wconf 90' lang='lat' dir='ltr'><strong>quos</strong></span> <span class='ocrx_word' id='word_1_45' title='bbox 1819 878 1885 938; x_wconf 95' lang='lat' dir='ltr'><strong>et</strong></span> <span class='ocrx_word' id='word_1_46' title='bbox 1930 876 2243 962; x_wconf 79' lang='lat' dir='ltr'><strong>genuinos</strong></span> <span class='ocrx_word' id='word_1_47' title='bbox 2288 880 2353 941; x_wconf 91' lang='lat' dir='ltr'><strong>et</strong></span> <span class='ocrx_word' id='word_1_48' title='bbox 2398 876 2796 959; x_wconf 90' lang='lat' dir='ltr'><strong>incorruptos</strong></span> <span class='ocrx_word' id='word_1_49' title='bbox 2844 890 2979 937; x_wconf 80' lang='lat' dir='ltr'><strong>esse</strong></span> 
     </span>
     <span class='ocr_line' id='line_1_7' title="bbox 578 980 2979 1068; baseline -0.001 -23"><span class='ocrx_word' id='word_1_50' title='bbox 578 985 874 1067; x_wconf 88' lang='lat' dir='ltr'><strong>apparet,</strong></span> <span class='ocrx_word' id='word_1_51' title='bbox 948 980 1278 1046; x_wconf 89' lang='lat' dir='ltr'><strong>ostendam</strong></span> <span class='ocrx_word' id='word_1_52' title='bbox 1347 980 1468 1045; x_wconf 88' lang='lat' dir='ltr'><strong>hoc</strong></span> <span class='ocrx_word' id='word_1_53' title='bbox 1536 999 1765 1065; x_wconf 87' lang='lat' dir='ltr'><strong>poema</strong></span> <span class='ocrx_word' id='word_1_54' title='bbox 1827 1000 1960 1045; x_wconf 90' lang='lat' dir='ltr'><strong>esse</strong></span> <span class='ocrx_word' id='word_1_55' title='bbox 2020 980 2646 1068; x_wconf 81' lang='lat' dir='ltr'><strong>pseudepigraphum</strong></span> <span class='ocrx_word' id='word_1_56' title='bbox 2706 983 2772 1044; x_wconf 87' lang='lat' dir='ltr'><strong>et</strong></span> <span class='ocrx_word' id='word_1_57' title='bbox 2831 983 2979 1044; x_wconf 83' lang='lat' dir='ltr'><strong>ants</strong></span> 
     </span>
     <span class='ocr_line' id='line_1_8' title="bbox 581 1083 2538 1172; baseline -0.001 -22"><span class='ocrx_word' id='word_1_58' title='bbox 581 1083 932 1151; x_wconf 77' lang='lat' dir='ltr'><strong>Alexandri</strong></span> <span class='ocrx_word' id='word_1_59' title='bbox 974 1087 1197 1172; x_wconf 79' lang='lat' dir='ltr'><strong>magni</strong></span> <span class='ocrx_word' id='word_1_60' title='bbox 1245 1089 1522 1151; x_wconf 87' lang='lat' dir='ltr'><strong>aetatem</strong></span> <span class='ocrx_word' id='word_1_61' title='bbox 1569 1086 1768 1171; x_wconf 81' lang='lat' dir='ltr'><strong>pangi</strong></span> <span class='ocrx_word' id='word_1_62' title='bbox 1811 1087 2190 1170; x_wconf 76' lang='lat' dir='ltr'><strong>neutiquam</strong></span> <span class='ocrx_word' id='word_1_63' title='bbox 2238 1087 2538 1172; x_wconf 87' lang='lat' dir='ltr'><strong>potuisse.</strong></span> 
     </span>
    </p>

    <p class='ocr_par' dir='ltr' id='par_1_3' title="bbox 581 1190 2984 2324">
     <span class='ocr_line' id='line_1_9' title="bbox 674 1190 2977 1279; baseline 0 -23"><span class='ocrx_word' id='word_1_64' title='bbox 674 1190 811 1270; x_wconf 83' lang='lat' dir='ltr'><strong>Quo</strong></span> <span class='ocrx_word' id='word_1_65' title='bbox 867 1193 1075 1279; x_wconf 83' lang='lat' dir='ltr'><strong>igitur</strong></span> <span class='ocrx_word' id='word_1_66' title='bbox 1132 1191 1294 1257; x_wconf 90' lang='lat' dir='ltr'><strong>hanc</strong></span> <span class='ocrx_word' id='word_1_67' title='bbox 1354 1208 1613 1256; x_wconf 86' lang='lat' dir='ltr'><strong>causam</strong></span> <span class='ocrx_word' id='word_1_68' title='bbox 1662 1190 1984 1256; x_wconf 86' lang='lat' dir='ltr'><strong>obtineam</strong></span> <span class='ocrx_word' id='word_1_69' title='bbox 2006 1240 2020 1265; x_wconf 88' lang='lat'>,</span> <span class='ocrx_word' id='word_1_70' title='bbox 2070 1190 2252 1257; x_wconf 86' lang='lat' dir='ltr'><strong>nullo</strong></span> <span class='ocrx_word' id='word_1_71' title='bbox 2300 1196 2444 1257; x_wconf 88' lang='lat' dir='ltr'><strong>utar</strong></span> <span class='ocrx_word' id='word_1_72' title='bbox 2488 1211 2675 1257; x_wconf 83' lang='lat' dir='ltr'><strong>versu</strong></span> <span class='ocrx_word' id='word_1_73' title='bbox 2721 1211 2800 1256; x_wconf 81' lang='lat' dir='ltr'><strong>ex</strong></span> <span class='ocrx_word' id='word_1_74' title='bbox 2851 1192 2937 1256; x_wconf 87' lang='lat' dir='ltr'><strong>iis</strong></span> <span class='ocrx_word' id='word_1_75' title='bbox 2961 1238 2977 1266; x_wconf 90' lang='lat'>,</span> 
     </span>
     <span class='ocr_line' id='line_1_10' title="bbox 581 1296 2980 1382; baseline -0 -20"><span class='ocrx_word' id='word_1_76' title='bbox 581 1317 737 1381; x_wconf 89' lang='lat' dir='ltr'><strong>quos</strong></span> <span class='ocrx_word' id='word_1_77' title='bbox 782 1296 1160 1382; x_wconf 88' lang='lat' dir='ltr'><strong>plerumque</strong></span> <span class='ocrx_word' id='word_1_78' title='bbox 1207 1296 1381 1362; x_wconf 90' lang='lat' dir='ltr'><strong>haud</strong></span> <span class='ocrx_word' id='word_1_79' title='bbox 1429 1302 1669 1362; x_wconf 90' lang='lat' dir='ltr'><strong>temere</strong></span> <span class='ocrx_word' id='word_1_80' title='bbox 1719 1316 1862 1362; x_wconf 90' lang='lat' dir='ltr'><strong>cum</strong></span> <span class='ocrx_word' id='word_1_81' title='bbox 1919 1302 2165 1381; x_wconf 88' lang='lat' dir='ltr'><strong>partem</strong></span> <span class='ocrx_word' id='word_1_82' title='bbox 2211 1297 2506 1363; x_wconf 87' lang='lat' dir='ltr'><strong>codicum</strong></span> <span class='ocrx_word' id='word_1_83' title='bbox 2525 1346 2542 1380; x_wconf 90' lang='lat'>,</span> <span class='ocrx_word' id='word_1_84' title='bbox 2593 1304 2732 1361; x_wconf 89' lang='lat' dir='ltr'><strong>tum</strong></span> <span class='ocrx_word' id='word_1_85' title='bbox 2781 1316 2980 1362; x_wconf 88' lang='lat' dir='ltr'><strong>suum</strong></span> 
     </span>
     <span class='ocr_line' id='line_1_11' title="bbox 584 1400 2983 1487; baseline 0 -20"><span class='ocrx_word' id='word_1_86' title='bbox 584 1408 697 1467; x_wconf 88' lang='lat' dir='ltr'><strong>aut</strong></span> <span class='ocrx_word' id='word_1_87' title='bbox 759 1400 1040 1468; x_wconf 89' lang='lat' dir='ltr'><strong>alienum</strong></span> <span class='ocrx_word' id='word_1_88' title='bbox 1096 1401 1411 1467; x_wconf 89' lang='lat' dir='ltr'><strong>iudicium</strong></span> <span class='ocrx_word' id='word_1_89' title='bbox 1473 1406 1730 1467; x_wconf 88' lang='lat' dir='ltr'><strong>secutus</strong></span> <span class='ocrx_word' id='word_1_90' title='bbox 1791 1403 2102 1487; x_wconf 84' lang='lat' dir='ltr'><strong>expunxit</strong></span> <span class='ocrx_word' id='word_1_91' title='bbox 2163 1403 2555 1468; x_wconf 81' lang='lat' dir='ltr'><strong>novissimus</strong></span> <span class='ocrx_word' id='word_1_92' title='bbox 2601 1402 2797 1467; x_wconf 87' lang='lat' dir='ltr'><strong>huius</strong></span> <span class='ocrx_word' id='word_1_93' title='bbox 2848 1421 2983 1467; x_wconf 82' lang='lat' dir='ltr'><strong>car·</strong></span> 
     </span>
     <span class='ocr_line' id='line_1_12' title="bbox 588 1506 2984 1593; baseline 0.001 -21"><span class='ocrx_word' id='word_1_94' title='bbox 588 1509 782 1572; x_wconf 85' lang='lat' dir='ltr'><strong>minis</strong></span> <span class='ocrx_word' id='word_1_95' title='bbox 838 1508 1043 1573; x_wconf 81' lang='lat' dir='ltr'><strong>editor</strong></span> <span class='ocrx_word' id='word_1_96' title='bbox 1084 1507 1410 1573; x_wconf 61' lang='lat' dir='ltr'><strong>lomus</strong></span> <span class='ocrx_word' id='word_1_97' title='bbox 1456 1507 1772 1572; x_wconf 71' lang='lat' dir='ltr'><strong>Damam</strong></span> <span class='ocrx_word' id='word_1_98' title='bbox 1819 1506 2129 1590; x_wconf 86' lang='lat' dir='ltr'><strong>(Berolini</strong></span> <span class='ocrx_word' id='word_1_99' title='bbox 2176 1528 2232 1573; x_wconf 86' lang='lat' dir='ltr'><strong>a.</strong></span> <span class='ocrx_word' id='word_1_100' title='bbox 2287 1506 2516 1593; x_wconf 83' lang='lat'>1874),</span> <span class='ocrx_word' id='word_1_101' title='bbox 2573 1507 2683 1591; x_wconf 89' lang='lat' dir='ltr'><strong>qui</strong></span> <span class='ocrx_word' id='word_1_102' title='bbox 2731 1509 2984 1593; x_wconf 84' lang='lat' dir='ltr'><strong>optima</strong></span> 
     </span>
     <span class='ocr_line' id='line_1_13' title="bbox 589 1612 2981 1699; baseline 0.001 -21"><span class='ocrx_word' id='word_1_103' title='bbox 589 1633 785 1699; x_wconf 89' lang='lat' dir='ltr'><strong>quam</strong></span> <span class='ocrx_word' id='word_1_104' title='bbox 846 1612 1097 1680; x_wconf 85' lang='lat' dir='ltr'><strong>curavit</strong></span> <span class='ocrx_word' id='word_1_105' title='bbox 1154 1615 1514 1679; x_wconf 77' lang='lat' dir='ltr'><strong>recensione</strong></span> <span class='ocrx_word' id='word_1_106' title='bbox 1571 1613 1930 1699; x_wconf 88' lang='lat' dir='ltr'><strong>plurimum</strong></span> <span class='ocrx_word' id='word_1_107' title='bbox 1991 1613 2070 1678; x_wconf 90' lang='lat' dir='ltr'><strong>ad</strong></span> <span class='ocrx_word' id='word_1_108' title='bbox 2116 1617 2553 1699; x_wconf 85' lang='lat' dir='ltr'><strong>quaestionem</strong></span> <span class='ocrx_word' id='word_1_109' title='bbox 2602 1613 2981 1681; x_wconf 79' lang='lat' dir='ltr'><strong>solvendam</strong></span> 
     </span>
     <span class='ocr_line' id='line_1_14' title="bbox 590 1717 2984 1806; baseline -0 -22"><span class='ocrx_word' id='word_1_110' title='bbox 590 1717 934 1784; x_wconf 86' lang='lat' dir='ltr'><strong>contulisse</strong></span> <span class='ocrx_word' id='word_1_111' title='bbox 998 1718 1343 1784; x_wconf 89' lang='lat' dir='ltr'><strong>censendus</strong></span> <span class='ocrx_word' id='word_1_112' title='bbox 1404 1728 1522 1784; x_wconf 85' lang='lat' dir='ltr'><strong>est.</strong></span> <span class='ocrx_word' id='word_1_113' title='bbox 1622 1717 1683 1783; x_wconf 91' lang='lat' dir='ltr'><strong>Is</strong></span> <span class='ocrx_word' id='word_1_114' title='bbox 1737 1720 1942 1805; x_wconf 81' lang='lat' dir='ltr'><strong>igitur</strong></span> <span class='ocrx_word' id='word_1_115' title='bbox 2003 1721 2253 1784; x_wconf 88' lang='lat' dir='ltr'><strong>uncinis</strong></span> <span class='ocrx_word' id='word_1_116' title='bbox 2311 1721 2508 1806; x_wconf 87' lang='lat' dir='ltr'><strong>sepsit</strong></span> <span class='ocrx_word' id='word_1_117' title='bbox 2561 1718 2677 1786; x_wconf 90' lang='lat' dir='ltr'><strong>hos</strong></span> <span class='ocrx_word' id='word_1_118' title='bbox 2724 1739 2984 1786; x_wconf 78' lang='lat' dir='ltr'><strong>versus:</strong></span> 
     </span>
     <span class='ocr_line' id='line_1_15' title="bbox 595 1821 2982 1909; baseline 0.001 -21"><span class='ocrx_word' id='word_1_119' title='bbox 595 1823 713 1901; x_wconf 83' lang='lat'><strong>14,</strong></span> <span class='ocrx_word' id='word_1_120' title='bbox 792 1821 1098 1908; x_wconf 80' lang='lat'>21—23‚</span> <span class='ocrx_word' id='word_1_121' title='bbox 1179 1822 1267 1889; x_wconf 84' lang='lat'><strong>30</strong></span> <span class='ocrx_word' id='word_1_122' title='bbox 1335 1844 1466 1908; x_wconf 89' lang='lat' dir='ltr'><strong>sq.,</strong></span> <span class='ocrx_word' id='word_1_123' title='bbox 1549 1823 1817 1887; x_wconf 82' lang='lat'>41-55</span> <span class='ocrx_word' id='word_1_124' title='bbox 1897 1824 2017 1907; x_wconf 83' lang='lat' dir='ltr'><strong>(vs.</strong></span> <span class='ocrx_word' id='word_1_125' title='bbox 2100 1822 2181 1888; x_wconf 86' lang='lat'><strong>41</strong></span> <span class='ocrx_word' id='word_1_126' title='bbox 2268 1823 2531 1889; x_wconf 86' lang='lat' dir='ltr'><strong>fortasse</strong></span> <span class='ocrx_word' id='word_1_127' title='bbox 2607 1825 2679 1889; x_wconf 92' lang='lat' dir='ltr'><strong>in</strong></span> <span class='ocrx_word' id='word_1_128' title='bbox 2755 1830 2982 1909; x_wconf 82' lang='lat' dir='ltr'><strong>poeta.</strong></span> 
     </span>
     <span class='ocr_line' id='line_1_16' title="bbox 589 1927 2983 2015; baseline 0 -21"><span class='ocrx_word' id='word_1_129' title='bbox 589 1928 843 2014; x_wconf 89' lang='lat' dir='ltr'><strong>qualem</strong></span> <span class='ocrx_word' id='word_1_130' title='bbox 906 1929 1077 1994; x_wconf 91' lang='lat' dir='ltr'><strong>hunc</strong></span> <span class='ocrx_word' id='word_1_131' title='bbox 1154 1949 1289 1995; x_wconf 88' lang='lat' dir='ltr'><strong>esse</strong></span> <span class='ocrx_word' id='word_1_132' title='bbox 1370 1928 1736 2015; x_wconf 88' lang='lat' dir='ltr'><strong>apparebit,</strong></span> <span class='ocrx_word' id='word_1_133' title='bbox 1818 1930 1982 1994; x_wconf 85' lang='lat' dir='ltr'><strong>tueri</strong></span> <span class='ocrx_word' id='word_1_134' title='bbox 2057 1929 2414 2014; x_wconf 86' lang='lat' dir='ltr'><strong>potuerat),</strong></span> <span class='ocrx_word' id='word_1_135' title='bbox 2477 1927 2598 2004; x_wconf 84' lang='lat'><strong>64,</strong></span> <span class='ocrx_word' id='word_1_136' title='bbox 2673 1928 2944 1995; x_wconf 78' lang='lat'>74-81</span> <span class='ocrx_word' id='word_1_137' title='bbox 2966 1976 2983 2006; x_wconf 88' lang='lat'>‚</span> 
     </span>
     <span class='ocr_line' id='line_1_17' title="bbox 595 2032 2984 2119; baseline 0 -19"><span class='ocrx_word' id='word_1_138' title='bbox 595 2033 760 2118; x_wconf 81' lang='lat'>102,</span> <span class='ocrx_word' id='word_1_139' title='bbox 836 2032 1228 2113; x_wconf 75' lang='lat' dir='ltr'><strong>loe—108,</strong></span> <span class='ocrx_word' id='word_1_140' title='bbox 1306 2033 1459 2118; x_wconf 83' lang='lat'>126,</span> <span class='ocrx_word' id='word_1_141' title='bbox 1543 2055 1619 2099; x_wconf 85' lang='lat' dir='ltr'><strong>ex</strong></span> <span class='ocrx_word' id='word_1_142' title='bbox 1692 2055 1784 2101; x_wconf 85' lang='lat' dir='ltr'><strong>vs.</strong></span> <span class='ocrx_word' id='word_1_143' title='bbox 1881 2032 2005 2099; x_wconf 79' lang='lat'><strong>155</strong></span> <span class='ocrx_word' id='word_1_144' title='bbox 2077 2054 2170 2119; x_wconf 88' lang='lat' dir='ltr'><strong>sq.</strong></span> <span class='ocrx_word' id='word_1_145' title='bbox 2247 2035 2400 2100; x_wconf 88' lang='lat' dir='ltr'><strong>fecit</strong></span> <span class='ocrx_word' id='word_1_146' title='bbox 2480 2035 2652 2100; x_wconf 88' lang='lat' dir='ltr'><strong>hunc</strong></span> <span class='ocrx_word' id='word_1_147' title='bbox 2740 2056 2984 2102; x_wconf 84' lang='lat' dir='ltr'><strong>unum:</strong></span> 
     </span>
     <span class='ocr_line' id='line_1_18' title="bbox 589 2128 2984 2225; baseline 0 -19"><span class='ocrx_word' id='word_1_148' title='bbox 589 2138 956 2220; x_wconf 68' lang='grc' dir='ltr'><strong>δραξάμενοι</strong></span> <span class='ocrx_word' id='word_1_149' title='bbox 1022 2128 1275 2221; x_wconf 73' lang='grc' dir='ltr'><strong><em>κορύθων</em></strong></span> <span class='ocrx_word' id='word_1_150' title='bbox 1338 2141 1423 2211; x_wconf 78' lang='grc' dir='ltr'><strong>εἷς</strong></span> <span class='ocrx_word' id='word_1_151' title='bbox 1485 2142 1707 2215; x_wconf 72' lang='grc' dir='ltr'><strong><em>λίμνην</em></strong></span> <span class='ocrx_word' id='word_1_152' title='bbox 1769 2137 1925 2206; x_wconf 69' lang='grc' dir='ltr'><strong>εὐθὺ</strong></span> <span class='ocrx_word' id='word_1_153' title='bbox 1983 2139 2323 2216; x_wconf 71' lang='grc' dir='ltr'><strong><em>βάλωμεν,</em></strong></span> <span class='ocrx_word' id='word_1_154' title='bbox 2385 2138 2539 2217; x_wconf 83' lang='grc'><strong>205,</strong></span> <span class='ocrx_word' id='word_1_155' title='bbox 2591 2138 2984 2225; x_wconf 76' lang='lat'>209—212,</span> 
     </span>
     <span class='ocr_line' id='line_1_19' title="bbox 589 2243 1612 2324; baseline -0.001 -13"><span class='ocrx_word' id='word_1_156' title='bbox 589 2244 744 2324; x_wconf 81' lang='lat'>254,</span> <span class='ocrx_word' id='word_1_157' title='bbox 798 2244 1179 2322; x_wconf 80' lang='lat'><strong>262—264,</strong></span> <span class='ocrx_word' id='word_1_158' title='bbox 1227 2243 1612 2313; x_wconf 80' lang='lat'><strong>266-287.</strong></span> 
     </span>
    </p>

    <p class='ocr_par' dir='ltr' id='par_1_4' title="bbox 596 2350 2984 2543">
     <span class='ocr_line' id='line_1_20' title="bbox 682 2350 2984 2440; baseline 0.002 -24"><span class='ocrx_word' id='word_1_159' title='bbox 682 2350 899 2419; x_wconf 82' lang='lat' dir='ltr'><strong>Etiam</strong></span> <span class='ocrx_word' id='word_1_160' title='bbox 970 2351 1229 2440; x_wconf 78' lang='lat' dir='ltr'><strong>longius</strong></span> <span class='ocrx_word' id='word_1_161' title='bbox 1296 2351 1689 2438; x_wconf 78' lang='lat' dir='ltr'><strong>progrediar.</strong></span> <span class='ocrx_word' id='word_1_162' title='bbox 1782 2350 1954 2419; x_wconf 90' lang='lat' dir='ltr'><strong>Nam</strong></span> <span class='ocrx_word' id='word_1_163' title='bbox 2017 2373 2252 2439; x_wconf 81' lang='lat' dir='ltr'><strong>magna</strong></span> <span class='ocrx_word' id='word_1_164' title='bbox 2315 2372 2464 2418; x_wconf 89' lang='lat' dir='ltr'><strong>cum</strong></span> <span class='ocrx_word' id='word_1_165' title='bbox 2528 2352 2984 2438; x_wconf 79' lang='lat' dir='ltr'><strong>probabilitate</strong></span> 
     </span>
     <span class='ocr_line' id='line_1_21' title="bbox 596 2456 2116 2543; baseline 0.003 -23"><span class='ocrx_word' id='word_1_166' title='bbox 596 2456 972 2523; x_wconf 82' lang='lat' dir='ltr'><strong>contendere</strong></span> <span class='ocrx_word' id='word_1_167' title='bbox 1015 2457 1180 2522; x_wconf 90' lang='lat' dir='ltr'><strong>mihi</strong></span> <span class='ocrx_word' id='word_1_168' title='bbox 1228 2456 1448 2522; x_wconf 86' lang='lat' dir='ltr'><strong>videor</strong></span> <span class='ocrx_word' id='word_1_169' title='bbox 1493 2459 1560 2521; x_wconf 90' lang='lat' dir='ltr'><strong>in</strong></span> <span class='ocrx_word' id='word_1_170' title='bbox 1608 2457 1746 2542; x_wconf 89' lang='lat' dir='ltr'><strong>ipso</strong></span> <span class='ocrx_word' id='word_1_171' title='bbox 1794 2458 2116 2543; x_wconf 89' lang='lat' dir='ltr'><strong>prooemio</strong></span> 
     </span>
    </p>

    <p class='ocr_par' dir='ltr' id='par_1_5' title="bbox 775 2561 2455 2645">
     <span class='ocr_line' id='line_1_22' title="bbox 775 2561 2455 2645; baseline 0.001 -17"><span class='ocrx_word' id='word_1_172' title='bbox 775 2561 1155 2644; x_wconf 72' lang='grc' dir='ltr'><strong><em>Ἀρχόμενος</em></strong></span> <span class='ocrx_word' id='word_1_173' title='bbox 1204 2568 1433 2643; x_wconf 76' lang='grc' dir='ltr'><strong><em>πρῶτον</em></strong></span> <span class='ocrx_word' id='word_1_174' title='bbox 1485 2565 1745 2628; x_wconf 81' lang='grc' dir='ltr'><strong><em>Μουσῶν</em></strong></span> <span class='ocrx_word' id='word_1_175' title='bbox 1790 2568 1970 2645; x_wconf 78' lang='grc' dir='ltr'><strong><em>χορὸν</em></strong></span> <span class='ocrx_word' id='word_1_176' title='bbox 2017 2561 2087 2640; x_wconf 71' lang='grc' dir='ltr'><strong>ἐξ</strong></span> <span class='ocrx_word' id='word_1_177' title='bbox 2135 2569 2455 2637; x_wconf 78' lang='grc' dir='ltr'><strong>Ἑλικῶνος</strong></span> 
     </span>
    </p>

    <p class='ocr_par' dir='ltr' id='par_1_6' title="bbox 775 2665 2562 2750">
     <span class='ocr_line' id='line_1_23' title="bbox 775 2665 2562 2750; baseline 0.001 -17"><span class='ocrx_word' id='word_1_178' title='bbox 775 2667 1042 2733; x_wconf 65' lang='grc' dir='ltr'><strong><em>ἐλθεῖν</em></strong></span> <span class='ocrx_word' id='word_1_179' title='bbox 1089 2668 1204 2739; x_wconf 77' lang='grc' dir='ltr'><strong>εἰς</strong></span> <span class='ocrx_word' id='word_1_180' title='bbox 1253 2667 1442 2747; x_wconf 72' lang='grc' dir='ltr'><strong><em>ἐμὸν</em></strong></span> <span class='ocrx_word' id='word_1_181' title='bbox 1490 2665 1671 2749; x_wconf 75' lang='grc' dir='ltr'><strong><em>ἦτορ</em></strong></span> <span class='ocrx_word' id='word_1_182' title='bbox 1723 2668 2078 2750; x_wconf 73' lang='grc' dir='ltr'><strong><em>ἐπεύχομαι</em></strong></span> <span class='ocrx_word' id='word_1_183' title='bbox 2132 2667 2309 2739; x_wconf 72' lang='grc' dir='ltr'><strong><em>εἵνεκ’</em></strong></span> <span class='ocrx_word' id='word_1_184' title='bbox 2355 2669 2562 2746; x_wconf 70' lang='grc' dir='ltr'><strong><em>ἀοιδῆς</em></strong></span> 
     </span>
    </p>

    <p class='ocr_par' dir='ltr' id='par_1_7' title="bbox 779 2763 2795 2859">
     <span class='ocr_line' id='line_1_24' title="bbox 779 2763 2795 2859; baseline 0.002 -22"><span class='ocrx_word' id='word_1_185' title='bbox 779 2763 871 2859; x_wconf 73' lang='grc' dir='ltr'><strong><em>[ἣν</em></strong></span> <span class='ocrx_word' id='word_1_186' title='bbox 919 2774 1042 2839; x_wconf 75' lang='grc' dir='ltr'><strong><em>νέον</em></strong></span> <span class='ocrx_word' id='word_1_187' title='bbox 1090 2774 1168 2838; x_wconf 77' lang='grc' dir='ltr'><strong>ἐν</strong></span> <span class='ocrx_word' id='word_1_188' title='bbox 1214 2773 1632 2841; x_wconf 75' lang='grc' dir='ltr'><strong><em>δέλτοισιν</em></strong></span> <span class='ocrx_word' id='word_1_189' title='bbox 1681 2776 1908 2851; x_wconf 72' lang='grc' dir='ltr'><strong><em>ἐμοῖς</em></strong></span> <span class='ocrx_word' id='word_1_190' title='bbox 1956 2776 2088 2840; x_wconf 70' lang='grc' dir='ltr'><strong>ἐπὶ</strong></span> <span class='ocrx_word' id='word_1_191' title='bbox 2138 2775 2490 2854; x_wconf 89' lang='grc' dir='ltr'><strong><em>γούνασι</em></strong></span> <span class='ocrx_word' id='word_1_192' title='bbox 2540 2775 2795 2855; x_wconf 60' lang='lat' dir='ltr'><strong>Sina,</strong></span> 
     </span>
    </p>

    <p class='ocr_par' dir='ltr' id='par_1_8' title="bbox 777 2877 2432 2966">
     <span class='ocr_line' id='line_1_25' title="bbox 777 2877 2432 2966; baseline 0.002 -24"><span class='ocrx_word' id='word_1_193' title='bbox 777 2877 936 2957; x_wconf 76' lang='grc' dir='ltr'><strong><em>δῆριν</em></strong></span> <span class='ocrx_word' id='word_1_194' title='bbox 986 2879 1372 2964; x_wconf 70' lang='grc' dir='ltr'><strong><em>ἀπειρεσίην,</em></strong></span> <span class='ocrx_word' id='word_1_195' title='bbox 1422 2880 1872 2958; x_wconf 74' lang='grc' dir='ltr'><strong><em>πολεμόκλονον</em></strong></span> <span class='ocrx_word' id='word_1_196' title='bbox 1921 2880 2095 2960; x_wconf 76' lang='grc' dir='ltr'><strong><em>ἔργον</em></strong></span> <span class='ocrx_word' id='word_1_197' title='bbox 2135 2884 2390 2966; x_wconf 67' lang='grc' dir='ltr'><strong><em>’Λρηος]</em></strong></span> <span class='ocrx_word' id='word_1_198' title='bbox 2413 2929 2432 2959; x_wconf 86' lang='grc'><em>,</em></span> 
     </span>
    </p>

    <p class='ocr_par' dir='ltr' id='par_1_9' title="bbox 774 2982 2501 3066">
     <span class='ocr_line' id='line_1_26' title="bbox 774 2982 2501 3066; baseline 0.003 -19"><span class='ocrx_word' id='word_1_199' title='bbox 774 2982 1106 3063; x_wconf 76' lang='grc' dir='ltr'><strong><em>εὐχόμενος</em></strong></span> <span class='ocrx_word' id='word_1_200' title='bbox 1155 2986 1526 3065; x_wconf 76' lang='grc' dir='ltr'><strong><em>μερόπεσσιν</em></strong></span> <span class='ocrx_word' id='word_1_201' title='bbox 1574 2987 1635 3058; x_wconf 71' lang='grc' dir='ltr'><strong>ἐς</strong></span> <span class='ocrx_word' id='word_1_202' title='bbox 1683 2986 1884 3053; x_wconf 80' lang='grc' dir='ltr'><strong><em>οὔατα</em></strong></span> <span class='ocrx_word' id='word_1_203' title='bbox 1934 2990 2089 3052; x_wconf 70' lang='grc' dir='ltr'><strong><em>πᾶσι</em></strong></span> <span class='ocrx_word' id='word_1_204' title='bbox 2140 2984 2501 3066; x_wconf 68' lang='grc' dir='ltr'><strong><em>βαλέσθαι,</em></strong></span> 
     </span>
    </p>

    <p class='ocr_par' dir='ltr' id='par_1_10' title="bbox 773 3076 2534 3173">
     <span class='ocr_line' id='line_1_27' title="bbox 773 3076 2534 3173; baseline 0.003 -19"><span class='ocrx_word' id='word_1_205' title='bbox 773 3097 898 3163; x_wconf 70' lang='grc' dir='ltr'><strong>πῶς</strong></span> <span class='ocrx_word' id='word_1_206' title='bbox 947 3092 1101 3167; x_wconf 88' lang='grc' dir='ltr'><strong><em>μύες</em></strong></span> <span class='ocrx_word' id='word_1_207' title='bbox 1149 3092 1210 3156; x_wconf 70' lang='grc' dir='ltr'><strong>ἐν</strong></span> <span class='ocrx_word' id='word_1_208' title='bbox 1253 3091 1677 3173; x_wconf 71' lang='grc' dir='ltr'><strong><em>βατράχοισιν</em></strong></span> <span class='ocrx_word' id='word_1_209' title='bbox 1723 3091 2099 3172; x_wconf 68' lang='grc' dir='ltr'><strong><em>ὦριςεύοντες</em></strong></span> <span class='ocrx_word' id='word_1_210' title='bbox 2147 3092 2387 3171; x_wconf 75' lang='grc' dir='ltr'><strong><em>ἔβησαν</em></strong></span> <span class='ocrx_word' id='word_1_211' title='bbox 2507 3076 2534 3105; x_wconf 63' lang='grc'>’</span> 
     </span>
    </p>

    <p class='ocr_par' dir='ltr' id='par_1_11' title="bbox 584 3195 2986 4239">
     <span class='ocr_line' id='line_1_28' title="bbox 777 3195 2360 3277; baseline 0.002 -14"><span class='ocrx_word' id='word_1_212' title='bbox 777 3195 1089 3275; x_wconf 72' lang='grc' dir='ltr'><strong><em>γηγενέων</em></strong></span> <span class='ocrx_word' id='word_1_213' title='bbox 1133 3195 1356 3277; x_wconf 69' lang='grc' dir='ltr'><strong><em>ἀνδρῶν</em></strong></span> <span class='ocrx_word' id='word_1_214' title='bbox 1402 3198 1766 3276; x_wconf 84' lang='grc' dir='ltr'><strong><em>μιμούμενοι</em></strong></span> <span class='ocrx_word' id='word_1_215' title='bbox 1818 3198 1973 3277; x_wconf 78' lang='grc' dir='ltr'><strong><em>ἔργα</em></strong></span> <span class='ocrx_word' id='word_1_216' title='bbox 2019 3198 2360 3277; x_wconf 70' lang='grc' dir='ltr'><strong><em>γιγάντων.</em></strong></span> 
     </span>
     <span class='ocr_line' id='line_1_29' title="bbox 590 3305 2986 3394; baseline 0.003 -25"><span class='ocrx_word' id='word_1_217' title='bbox 590 3305 841 3389; x_wconf 87' lang='lat' dir='ltr'><strong>spurios</strong></span> <span class='ocrx_word' id='word_1_218' title='bbox 901 3323 1035 3369; x_wconf 87' lang='lat' dir='ltr'><strong>esse</strong></span> <span class='ocrx_word' id='word_1_219' title='bbox 1084 3323 1342 3369; x_wconf 82' lang='lat' dir='ltr'><strong>versum</strong></span> <span class='ocrx_word' id='word_1_220' title='bbox 1390 3306 1655 3370; x_wconf 89' lang='lat' dir='ltr'><strong>tertium</strong></span> <span class='ocrx_word' id='word_1_221' title='bbox 1703 3309 1767 3373; x_wconf 86' lang='lat' dir='ltr'><strong>et</strong></span> <span class='ocrx_word' id='word_1_222' title='bbox 1813 3309 2114 3390; x_wconf 87' lang='lat' dir='ltr'><strong>quartum</strong></span> <span class='ocrx_word' id='word_1_223' title='bbox 2133 3353 2149 3385; x_wconf 96' lang='lat'>‚</span> <span class='ocrx_word' id='word_1_224' title='bbox 2209 3308 2522 3392; x_wconf 80' lang='lat' dir='ltr'><strong>siquidem</strong></span> <span class='ocrx_word' id='word_1_225' title='bbox 2582 3311 2801 3394; x_wconf 58' lang='lat' dir='ltr'><strong>empto</strong></span> <span class='ocrx_word' id='word_1_226' title='bbox 2862 3313 2986 3377; x_wconf 67' lang='lat' dir='ltr'><strong>ian</strong></span> 
     </span>
     <span class='ocr_line' id='line_1_30' title="bbox 589 3407 2980 3498; baseline 0.004 -25"><span class='ocrx_word' id='word_1_227' title='bbox 589 3414 847 3473; x_wconf 64' lang='lat' dir='ltr'><strong>carmine</strong></span> <span class='ocrx_word' id='word_1_228' title='bbox 892 3407 1345 3475; x_wconf 81' lang='lat' dir='ltr'><strong>absurdissime</strong></span> <span class='ocrx_word' id='word_1_229' title='bbox 1392 3414 1580 3494; x_wconf 89' lang='lat' dir='ltr'><strong>poeta</strong></span> <span class='ocrx_word' id='word_1_230' title='bbox 1621 3410 1841 3475; x_wconf 86' lang='lat' dir='ltr'><strong>Musas</strong></span> <span class='ocrx_word' id='word_1_231' title='bbox 1886 3417 2249 3496; x_wconf 78' lang='lat' dir='ltr'><strong>precaretur</strong></span> <span class='ocrx_word' id='word_1_232' title='bbox 2266 3462 2284 3487; x_wconf 85' lang='lat'><strong>,</strong></span> <span class='ocrx_word' id='word_1_233' title='bbox 2337 3421 2404 3478; x_wconf 74' lang='grc' dir='ltr'><strong>ιιι</strong></span> <span class='ocrx_word' id='word_1_234' title='bbox 2453 3414 2521 3478; x_wconf 74' lang='lat' dir='ltr'><strong>in</strong></span> <span class='ocrx_word' id='word_1_235' title='bbox 2553 3422 2768 3498; x_wconf 65' lang='lat' dir='ltr'><strong>pectus</strong></span> <span class='ocrx_word' id='word_1_236' title='bbox 2810 3439 2980 3482; x_wconf 67' lang='lat' dir='ltr'><strong>mn</strong></span> 
     </span>
     <span class='ocr_line' id='line_1_31' title="bbox 588 3512 2978 3607; baseline 0.004 -27"><span class='ocrx_word' id='word_1_237' title='bbox 588 3515 1024 3580; x_wconf 70' lang='lat' dir='ltr'><strong>descenderent.</strong></span> <span class='ocrx_word' id='word_1_238' title='bbox 1070 3512 1177 3579; x_wconf 83' lang='lat' dir='ltr'><strong>Sir.</strong></span> <span class='ocrx_word' id='word_1_239' title='bbox 1224 3517 1430 3600; x_wconf 81' lang='lat' dir='ltr'><strong>igitur</strong></span> <span class='ocrx_word' id='word_1_240' title='bbox 1475 3521 1689 3581; x_wconf 88' lang='lat' dir='ltr'><strong>statuo</strong></span> <span class='ocrx_word' id='word_1_241' title='bbox 1707 3562 1725 3592; x_wconf 86' lang='lat'><strong><em>,</em></strong></span> <span class='ocrx_word' id='word_1_242' title='bbox 1774 3514 1927 3581; x_wconf 89' lang='lat' dir='ltr'><strong>licet</strong></span> <span class='ocrx_word' id='word_1_243' title='bbox 1971 3536 2096 3582; x_wconf 90' lang='lat' dir='ltr'><strong>non</strong></span> <span class='ocrx_word' id='word_1_244' title='bbox 2145 3520 2266 3584; x_wconf 91' lang='lat' dir='ltr'><strong>sim</strong></span> <span class='ocrx_word' id='word_1_245' title='bbox 2304 3520 2551 3585; x_wconf 84' lang='lat' dir='ltr'><strong>nescius</strong></span> <span class='ocrx_word' id='word_1_246' title='bbox 2586 3520 2856 3607; x_wconf 87' lang='lat' dir='ltr'><strong>pulchro</strong></span> <span class='ocrx_word' id='word_1_247' title='bbox 2878 3544 2978 3589; x_wconf 86' lang='lat' dir='ltr'><strong>me</strong></span> 
     </span>
     <span class='ocr_line' id='line_1_32' title="bbox 590 3621 2975 3709; baseline 0.003 -23"><span class='ocrx_word' id='word_1_248' title='bbox 590 3624 685 3687; x_wconf 88' lang='lat' dir='ltr'><strong>ita</strong></span> <span class='ocrx_word' id='word_1_249' title='bbox 745 3624 984 3686; x_wconf 87' lang='lat' dir='ltr'><strong>memet</strong></span> <span class='ocrx_word' id='word_1_250' title='bbox 1045 3621 1260 3705; x_wconf 88' lang='lat' dir='ltr'><strong>ipsum</strong></span> <span class='ocrx_word' id='word_1_251' title='bbox 1318 3622 1571 3706; x_wconf 84' lang='lat' dir='ltr'><strong>privare</strong></span> <span class='ocrx_word' id='word_1_252' title='bbox 1634 3629 2041 3708; x_wconf 80' lang='lat' dir='ltr'><strong>argumento,</strong></span> <span class='ocrx_word' id='word_1_253' title='bbox 2096 3643 2221 3709; x_wconf 89' lang='lat' dir='ltr'><strong>quo</strong></span> <span class='ocrx_word' id='word_1_254' title='bbox 2269 3624 2559 3692; x_wconf 89' lang='lat' dir='ltr'><strong>docerem</strong></span> <span class='ocrx_word' id='word_1_255' title='bbox 2607 3627 2975 3694; x_wconf 89' lang='lat' dir='ltr'><strong>incredibile</strong></span> 
     </span>
     <span class='ocr_line' id='line_1_33' title="bbox 586 3725 2975 3816; baseline 0.005 -24"><span class='ocrx_word' id='word_1_256' title='bbox 586 3725 792 3792; x_wconf 82' lang='lat' dir='ltr'><strong>videri</strong></span> <span class='ocrx_word' id='word_1_257' title='bbox 840 3730 975 3791; x_wconf 90' lang='lat' dir='ltr'><strong>tam</strong></span> <span class='ocrx_word' id='word_1_258' title='bbox 1021 3729 1226 3812; x_wconf 85' lang='lat' dir='ltr'><strong>inepti</strong></span> <span class='ocrx_word' id='word_1_259' title='bbox 1272 3729 1575 3812; x_wconf 87' lang='lat' dir='ltr'><strong>poetastri</strong></span> <span class='ocrx_word' id='word_1_260' title='bbox 1625 3728 1869 3793; x_wconf 87' lang='lat' dir='ltr'><strong>foetum</strong></span> <span class='ocrx_word' id='word_1_261' title='bbox 1917 3751 1955 3796; x_wconf 89' lang='lat' dir='ltr'><strong>a</strong></span> <span class='ocrx_word' id='word_1_262' title='bbox 2000 3730 2223 3816; x_wconf 86' lang='lat' dir='ltr'><strong>quinto</strong></span> <span class='ocrx_word' id='word_1_263' title='bbox 2270 3731 2419 3798; x_wconf 91' lang='lat' dir='ltr'><strong>inde</strong></span> <span class='ocrx_word' id='word_1_264' title='bbox 2466 3755 2520 3800; x_wconf 89' lang='lat' dir='ltr'><strong>a.</strong></span> <span class='ocrx_word' id='word_1_265' title='bbox 2573 3731 2724 3802; x_wconf 83' lang='lat' dir='ltr'><strong>Chr.</strong></span> <span class='ocrx_word' id='word_1_266' title='bbox 2765 3737 2975 3804; x_wconf 86' lang='lat' dir='ltr'><strong>seculo</strong></span> 
     </span>
     <span class='ocr_line' id='line_1_34' title="bbox 590 3830 2974 3920; baseline 0.004 -22"><span class='ocrx_word' id='word_1_267' title='bbox 590 3837 723 3898; x_wconf 90' lang='lat' dir='ltr'><strong>tam</strong></span> <span class='ocrx_word' id='word_1_268' title='bbox 788 3830 1133 3918; x_wconf 78' lang='lat' dir='ltr'><strong>diligenter</strong></span> <span class='ocrx_word' id='word_1_269' title='bbox 1191 3840 1518 3898; x_wconf 87' lang='lat' dir='ltr'><strong>servatum</strong></span> <span class='ocrx_word' id='word_1_270' title='bbox 1575 3854 1709 3900; x_wconf 89' lang='lat' dir='ltr'><strong>esse</strong></span> <span class='ocrx_word' id='word_1_271' title='bbox 1757 3835 1836 3900; x_wconf 89' lang='lat' dir='ltr'><strong>ab</strong></span> <span class='ocrx_word' id='word_1_272' title='bbox 1885 3835 2225 3902; x_wconf 89' lang='lat' dir='ltr'><strong>bominum</strong></span> <span class='ocrx_word' id='word_1_273' title='bbox 2274 3841 2853 3920; x_wconf 75' lang='grc' dir='ltr'><strong><em>φιλοκαλωτιίτοις,</em></strong></span> <span class='ocrx_word' id='word_1_274' title='bbox 2903 3851 2974 3909; x_wconf 87' lang='lat' dir='ltr'><strong>ut</strong></span> 
     </span>
     <span class='ocr_line' id='line_1_35' title="bbox 584 3936 2967 4028; baseline 0.006 -27"><span class='ocrx_word' id='word_1_275' title='bbox 584 3937 899 4023; x_wconf 83' lang='lat' dir='ltr'><strong>hodieque</strong></span> <span class='ocrx_word' id='word_1_276' title='bbox 958 3936 1088 4023; x_wconf 83' lang='lat' dir='ltr'><strong>leg-i</strong></span> <span class='ocrx_word' id='word_1_277' title='bbox 1150 3944 1394 4023; x_wconf 86' lang='lat' dir='ltr'><strong>posset,</strong></span> <span class='ocrx_word' id='word_1_278' title='bbox 1459 3960 1538 4005; x_wconf 92' lang='lat' dir='ltr'><strong>ne</strong></span> <span class='ocrx_word' id='word_1_279' title='bbox 1609 3940 1817 4007; x_wconf 89' lang='lat' dir='ltr'><strong>dicam</strong></span> <span class='ocrx_word' id='word_1_280' title='bbox 1870 3938 2218 4027; x_wconf 87' lang='lat' dir='ltr'><strong>Orphicum</strong></span> <span class='ocrx_word' id='word_1_281' title='bbox 2268 3945 2652 4012; x_wconf 83' lang='lat' dir='ltr'><strong>vocabulum</strong></span> <span class='ocrx_word' id='word_1_282' title='bbox 2704 3950 2967 4028; x_wconf 70' lang='grc' dir='ltr'><strong><em>πολεμό-</em></strong></span> 
     </span>
     <span class='ocr_line' id='line_1_36' title="bbox 584 4043 2972 4132; baseline 0.005 -23"><span class='ocrx_word' id='word_1_283' title='bbox 584 4057 826 4119; x_wconf 78' lang='grc' dir='ltr'><strong><em>κλονος,</em></strong></span> <span class='ocrx_word' id='word_1_284' title='bbox 874 4043 1040 4128; x_wconf 90' lang='lat' dir='ltr'><strong>quod</strong></span> <span class='ocrx_word' id='word_1_285' title='bbox 1087 4052 1410 4129; x_wconf 85' lang='lat' dir='ltr'><strong>praeterea</strong></span> <span class='ocrx_word' id='word_1_286' title='bbox 1455 4043 1698 4132; x_wconf 76' lang='lat' dir='ltr'><strong>legitur</strong></span> <span class='ocrx_word' id='word_1_287' title='bbox 1750 4046 1914 4110; x_wconf 89' lang='lat' dir='ltr'><strong>infra</strong></span> <span class='ocrx_word' id='word_1_288' title='bbox 1974 4068 2068 4114; x_wconf 81' lang='lat' dir='ltr'><strong>vs.</strong></span> <span class='ocrx_word' id='word_1_289' title='bbox 2119 4046 2251 4114; x_wconf 82' lang='lat'><strong>272</strong></span> <span class='ocrx_word' id='word_1_290' title='bbox 2304 4052 2368 4114; x_wconf 93' lang='lat' dir='ltr'><strong>in</strong></span> <span class='ocrx_word' id='word_1_291' title='bbox 2416 4050 2553 4118; x_wconf 89' lang='lat' dir='ltr'><strong>loco</strong></span> <span class='ocrx_word' id='word_1_292' title='bbox 2617 4051 2972 4121; x_wconf 88' lang='lat' dir='ltr'><strong>Draheimii</strong></span> 
     </span>
     <span class='ocr_line' id='line_1_37' title="bbox 585 4145 2439 4239; baseline 0.003 -24"><span class='ocrx_word' id='word_1_293' title='bbox 585 4147 786 4215; x_wconf 90' lang='lat' dir='ltr'><strong>obelis</strong></span> <span class='ocrx_word' id='word_1_294' title='bbox 830 4145 1110 4227; x_wconf 81' lang='lat' dir='ltr'><strong>confixo,</strong></span> <span class='ocrx_word' id='word_1_295' title='bbox 1157 4153 1430 4216; x_wconf 88' lang='lat' dir='ltr'><strong>recentis</strong></span> <span class='ocrx_word' id='word_1_296' title='bbox 1479 4153 1746 4239; x_wconf 80' lang='lat' dir='ltr'><strong>originis</strong></span> <span class='ocrx_word' id='word_1_297' title='bbox 1793 4172 1928 4218; x_wconf 88' lang='lat' dir='ltr'><strong>esse</strong></span> <span class='ocrx_word' id='word_1_298' title='bbox 1979 4156 2439 4221; x_wconf 88' lang='lat' dir='ltr'><strong>testimonium.</strong></span> 
     </span>
    </p>

    <p class='ocr_par' dir='ltr' id='par_1_12' title="bbox 582 4254 2965 4451">
     <span class='ocr_line' id='line_1_38' title="bbox 674 4254 2965 4351; baseline 0.005 -30"><span class='ocrx_word' id='word_1_299' title='bbox 674 4254 735 4321; x_wconf 84' lang='grc' dir='ltr'><strong>Ν</strong></span> <span class='ocrx_word' id='word_1_300' title='bbox 738 4274 807 4321; x_wconf 84' lang='lat' dir='ltr'><strong>ec</strong></span> <span class='ocrx_word' id='word_1_301' title='bbox 855 4256 1069 4321; x_wconf 87' lang='lat' dir='ltr'><strong>minus</strong></span> <span class='ocrx_word' id='word_1_302' title='bbox 1116 4256 1529 4342; x_wconf 88' lang='lat' dir='ltr'><strong>probabiliter</strong></span> <span class='ocrx_word' id='word_1_303' title='bbox 1572 4261 1824 4323; x_wconf 85' lang='lat' dir='ltr'><strong>statuas</strong></span> <span class='ocrx_word' id='word_1_304' title='bbox 1874 4261 2165 4344; x_wconf 88' lang='lat' dir='ltr'><strong>spurium</strong></span> <span class='ocrx_word' id='word_1_305' title='bbox 2214 4281 2348 4327; x_wconf 86' lang='lat' dir='ltr'><strong>esse</strong></span> <span class='ocrx_word' id='word_1_306' title='bbox 2395 4283 2488 4329; x_wconf 85' lang='lat' dir='ltr'><strong>vs.</strong></span> <span class='ocrx_word' id='word_1_307' title='bbox 2544 4262 2672 4328; x_wconf 88' lang='grc'><strong>198</strong></span> <span class='ocrx_word' id='word_1_308' title='bbox 2720 4268 2965 4351; x_wconf 86' lang='lat' dir='ltr'><strong>(nume-</strong></span> 
     </span>
     <span class='ocr_line' id='line_1_39' title="bbox 582 4360 2964 4451; baseline 0.005 -22"><span class='ocrx_word' id='word_1_309' title='bbox 582 4381 686 4429; x_wconf 85' lang='lat' dir='ltr'><strong>ros</strong></span> <span class='ocrx_word' id='word_1_310' title='bbox 732 4381 959 4449; x_wconf 83' lang='lat' dir='ltr'><strong>sequor</strong></span> <span class='ocrx_word' id='word_1_311' title='bbox 1002 4360 1298 4428; x_wconf 86' lang='lat' dir='ltr'><strong>editionis</strong></span> <span class='ocrx_word' id='word_1_312' title='bbox 1343 4360 1884 4449; x_wconf 89' lang='lat' dir='ltr'><strong>Draheimianae).</strong></span> <span class='ocrx_word' id='word_1_313' title='bbox 1978 4363 2408 4451; x_wconf 88' lang='lat' dir='ltr'><strong>Posteaquam</strong></span> <span class='ocrx_word' id='word_1_314' title='bbox 2457 4371 2629 4436; x_wconf 91' lang='lat' dir='ltr'><strong>enim</strong></span> <span class='ocrx_word' id='word_1_315' title='bbox 2677 4371 2964 4442; x_wconf 73' lang='lat' dir='ltr'><strong>Minerva</strong></span> 
     </span>
    </p>
   </div>
  </div>
 </body>
</html>
