3192 5017
570 279 658 343 80
1650 303 1885 353 comm.

661 472 931 542 D1oc1.1s
980 475 1054 540 fr.
1105 473 1144 542 ’7

1029 583 1130 647 καὶ
1181 582 1282 646 διὰ
1331 584 1711 662 τετρημένων
1752 583 2100 650 οὶθέλδεται
2151 586 2442 649 τύπων.

571 690 765 756 Recte
834 690 1038 755 τύπων
1110 689 1487 755 mendosum
1553 690 1798 756 iudicat
1858 690 2164 757 Kockius.
2262 689 2604 755 Notissimi
2668 696 2820 755 sunt
2882 712 2965 756 ex

570 796 932 862 Danaidum
978 795 1193 861 fabula
1240 797 1290 860 οἱ
1329 796 1680 875 τετρημένοι
1722 801 1897 863 πίθοι.
1950 797 2168 864 Sermo
2209 818 2341 862 esse
2382 799 2592 881 potuit
2633 796 2710 861 de
2749 800 2961 862 nescio

569 925 693 988 quo
757 906 868 988 qui
931 924 1041 988 pro
1103 903 1325 968 cribris
1382 903 1569 969 doliis
1636 911 1920 970 uteretur
1979 905 2331 990 perforatis.
2378 901 2615 968 Verum
2666 905 2734 967 in
2780 908 2964 968 tanta

567 1011 909 1099 fragmenti
955 1009 1269 1076 brevitate
1315 1013 1459 1096 quis
1504 1032 1618 1097 pro
1665 1021 1835 1077 certo
1884 1012 2235 1097 quidquam
2283 1007 2596 1076 affirmet?

660 1226 1135 1291 Ams'rormms
1181 1224 1355 1290 Plut.
1415 1225 1540 1291 119

932 1330 958 1395 ὁ
1009 1330 1162 1402 Ζεὺς
1209 1332 1324 1408 μὲν
1370 1329 1468 1396 οὖν
1514 1331 1680 1406 εἰδὼς
1731 1334 1829 1397 τα
1880 1333 2178 1399 τούτων
2225 1336 2403 1412 μῶρ’
2452 1330 2587 1409 ἔμ’,
2640 1333 2711 1396 εἰ

930 1438 1264 1515 πύθοιτ’,
1315 1437 1391 1502 ἂν
1440 1439 1801 1519 ἐπιτρίψειε.

567 1541 782 1607 Huius
851 1543 973 1610 loci
1037 1544 1525 1610 difficultatibus
1591 1549 1862 1612 minime
1922 1547 2213 1611 medetur
2273 1545 2608 1610 novissimi
2657 1545 2951 1621 editoris,

567 1651 867 1715 Anom’m
933 1669 1061 1715 VAN
1120 1650 1413 1728 VRLSRN,
1461 1654 1857 1729 coniectura,
1907 1674 2100 1737 quam
2151 1654 2353 1717 textui
2407 1651 2629 1716 intulit
2677 1652 2957 1716 scribens

567 1757 710 1833 ἐμὲ
754 1755 775 1838 Ι
820 1754 1148 1837 αἵσχις’
1225 1758 1557 1836 (debuerat
1637 1759 1863 1825 saltem
1943 1758 2174 1841 κοὶκις·’)
2254 1757 2329 1823 ἂν
2393 1758 2767 1838 ἐπιτρίψειε,
2830 1778 2955 1822 non

565 1862 779 1951 magis
842 1884 1032 1948 quam
1094 1864 1298 1930 lenior
1361 1864 1604 1931 Dobrei⁴
1645 1868 2039 1931 coniectura:
2093 1867 2345 1937 εἴπας
2395 1864 2475 1929 τοὶ
2518 1866 2754 1931 τούτων
2804 1867 2952 1944 μῶρ’

565 1967 712 2043 ἔπη
760 1969 780 2053 Ι
826 1967 1095 2046 πύθοιτ’,
1147 1970 1223 2035 ἂν
1272 1972 1647 2050 ἐπιτρίψειε,
1698 1975 1804 2055 qui
1854 1993 1975 2036 non
2026 1974 2262 2036 iniuria
2307 1971 2515 2036 haesit
2567 1973 2626 2035 in
2677 1971 2763 2035 τὰ
2818 1969 2954 2034 τού-

564 2099 681 2139 των
728 2083 939 2157 μῶροι,
989 2097 1111 2140 non
1159 2077 1374 2141 addito
1424 2078 1845 2141 substantivo.
1895 2076 2133 2142 Verum
2184 2080 2353 2142 enim
2407 2098 2587 2161 vero,
2635 2097 2760 2162 quo
2816 2084 2954 2141 tan·

564 2181 709 2247 dem
771 2184 911 2247 iure
972 2181 1215 2268 Iupiter
1271 2185 1586 2249 insontem
1647 2182 1917 2248 Plutum
1983 2183 2318 2269 plecteret,
2388 2184 2553 2268 quod
2601 2180 2953 2270 Chremylo

563 2289 824 2375 eiusque
879 2288 1133 2353 servulo
1203 2294 1378 2366 μῶρα
1443 2290 1617 2374 loqui
1679 2285 2011 2354 libuisset?
2074 2288 2196 2354 Sed
2261 2290 2523 2366 merito,
2573 2296 2648 2354 ut
2696 2292 2948 2376 opinor,

557 2393 730 2459 hune
791 2400 925 2460 erat
985 2393 1350 2479 perditurus
1407 2393 1672 2460 scelesta
1733 2394 2147 2460 suadentibus
2210 2395 2606 2462 obsecutum.
2702 2394 2908 2475 Quare
2931 2442 2949 2472 ‚

473 2529 478 2536 ·
559 2502 616 2565 si
662 2500 817 2586 quid
862 2500 1082 2584 vide0,
1132 2506 1504 2585 expectatur
1548 2501 1995 2567 huiuscemodi
2040 2503 2385 2587 scriptura:

925 2609 1001 2671 Ὁ
1054 2606 1205 2679 Ζεὺς
1254 2608 1367 2684 μὲν
1417 2603 1515 2672 οὖν
1562 2608 1727 2681 εἰδὼς
1777 2611 2107 2686 τοιαῦτ’,
2158 2606 2200 2673 ὦ
2248 2611 2447 2688 μῶρ’,
2499 2609 2639 2687 ἐμὲ

925 2713 1355 2791 πεισθέντ’,
1404 2714 1482 2779 ἄν
1528 2716 1893 2796 ἐπιτρίψειε.

555 2820 792 2886 Lenius
854 2821 1167 2907 corrigere
1230 2845 1303 2886 τι
1368 2820 1702 2895 τούτων,
1770 2822 1975 2902 μῶρ’,
2043 2821 2150 2898 ἐμὲ
2206 2821 2335 2885 κτὲ.
2384 2842 2498 2887 nos
2545 2826 2723 2887 vetat
2768 2843 2945 2888 usus.

555 2926 933 2993 constanter
992 2930 1165 2992 enim
1226 2927 1712 3012 Aristophanes:
1778 2924 1820 2992 ὦ
1867 2933 2063 3012 μῶρε,
2123 2923 2164 2990 ὦ
2216 2926 2575 3014 κατάρατε,
2623 2925 2666 2993 ὦ
2718 2929 2944 3009 μιαρέ,

556 3028 600 3097 ὦ
647 3032 949 3114 τολμηρέ,
997 3033 1260 3099 similia.

642 3243 819 3310 Plut.
872 3241 1002 3308 149

917 3349 1022 3414 καὶ
1066 3348 1181 3421 τοὶς
1231 3353 1298 3429 y’
1345 3351 1596 3430 ἑταίρας
1645 3352 1809 3432 φασὶ
1858 3355 1976 3426 τὰς
2026 3350 2383 3431 Κορινθίας,

926 3452 1074 3522 ὅταν
1121 3457 1232 3535 μὲν
1282 3456 1543 3532 αὐτας
1593 3483 1684 3531 τις
1738 3460 1918 3535 πένης
1969 3465 2184 3538 πειρῶν
2232 3460 2437 3544 τύχῃ,

916 3564 1048 3629 οὐδὲ
1096 3563 1416 3644 προσέχειν
1467 3566 1569 3629 τὸν
1618 3570 1785 3642 νοῦν,
1838 3566 1944 3632 ἐὰν
1990 3566 2054 3631 δὲ
2103 3567 2425 3651 πλούσιος,

917 3671 1018 3736 τὸν
1069 3670 1337 3750 πρωκτὸν
1388 3673 1649 3746 αὐτοὶς
1698 3671 1885 3746 εὐθὺς
1937 3674 1996 3745 ἐς
2046 3678 2258 3738 τοῦτον
2307 3672 2565 3754 τρέπειν.

550 3779 694 3845 Non
742 3777 987 3844 dedisse
1033 3777 1518 3863 Aristophanem
1573 3777 1676 3842 τὸν
1726 3781 1939 3846 κύσθον
1985 3801 2097 3864 pro
2144 3784 2246 3846 τὸν
2294 3781 2569 3858 πρωκτόν
2618 3787 2943 3847 testantur

550 3887 690 3971 ipsa
738 3886 1094 3969 sequentia:

917 3992 1020 4055 καὶ
1070 3991 1208 4064 τούς
1259 4016 1334 4070 γε
1387 3995 1693 4064 παῖδας
1745 3992 1910 4072 Φασὶ
1963 3992 2161 4057 ταύτὸ
2210 3998 2386 4058 τοῦτο
2438 3993 2604 4073 δρᾶν.

549 4101 682 4168 Neo
729 4106 943 4165 tamen
991 4097 1167 4165 locus
1218 4100 1364 4164 vitii
1413 4101 1725 4164 immunis
1765 4105 1893 4177 est,
1934 4099 2044 4164 sed
2085 4100 2424 4166 manifesto
2452 4100 2933 4188 corrigendum:

1275 4207 1376 4270 τὸν
1425 4205 1698 4284 πρωκτὸν
1749 4205 1996 4272 αὐτὸν
2045 4206 2174 4272 κτὲ.

549 4314 713 4380 Nam
787 4319 850 4379 et
918 4312 1117 4386 αὐτάς
1179 4312 1349 4378 male
1409 4311 1727 4389 abundat,
1788 4318 1853 4377 et
1917 4311 2106 4378 αὐτόν
2154 4315 2578 4379 necessarium
2627 4318 2758 4389 est,
2811 4335 2938 4397 quo

547 4418 941 4508 significetur
1000 4425 1207 4485 scorta
1254 4415 1678 4496 Corinthiaca,
1727 4419 1931 4484 sicubi
1981 4419 2160 4486 dives
2209 4425 2455 4485 amator
2504 4421 2673 4506 ipsas
2719 4424 2934 4505 petat,
