3192 5017
1232 322 1454 368 Pharo.
2406 295 2530 361 351

183 495 319 559 vidi.
371 531 444 541 -
492 493 629 559 dele
676 469 996 557 insulsum
1039 492 1547 558 additamentum
1601 492 1834 567 ὁμοίους
1880 491 2180 570 Φύλακας
2228 486 2383 553 εἶναι
2414 537 2428 565 ,
2469 496 2535 554 et

182 622 314 666 mox
352 600 485 666 dele
529 600 697 666 οἴνου.
749 600 951 677 Λοιβή
971 648 988 682 ,
1041 599 1164 663 nisi
1213 598 1427 674 fallor,
1478 597 1997 682 interpretatione
2042 616 2166 661 non
2214 596 2463 682 egebat.

257 817 401 903 Pag.
466 813 634 880 907:
707 812 1110 894 διαφέροντάς
1176 837 1248 878 τε
1313 814 1537 884 αὐτοὺς
1602 818 1865 894 Φυλακῇ
1928 812 2072 891 πρὸς
2136 813 2358 891 ἀρετήν
2405 811 2534 874 κτὲ.

179 922 356 1010 Lege:
418 929 710 1003 φυλακῆς
773 922 915 1002 πρὸς
967 922 1187 1001 ἀρετήν
1237 959 1319 967 -
1370 920 1512 985 οὔτε
1561 921 1813 990 ἀνεκτὸς
1864 918 2068 997 λόγων
2115 925 2233 981 τῶν
2280 942 2354 981 τε
2402 916 2535 994 περὶ

176 1034 367 1093 πᾶσαν
410 1030 709 1105 ἀσέβειαν
754 1028 935 1093 ὄντων
983 1025 1308 1094 κινδυνεύει
1360 1051 1484 1098 πως
1536 1026 1563 1090 ό
1612 1026 1849 1099 ταύτης
1895 1033 2005 1097 τῆς
2056 1023 2233 1100 δόξης
2275 1023 2537 1102 ἀντεχό-

173 1158 330 1211 μενος
377 1136 502 1199 κτὲ.
596 1134 703 1200 Sic
754 1141 992 1200 veteres
1038 1134 1210 1199 libri.
1261 1133 1494 1198 Malim
1544 1138 1747 1199 totam
1797 1134 2131 1217 pericopen
2180 1134 2272 1195 sic
2319 1132 2538 1195 rescri-

178 1243 335 1306 bere:
382 1241 695 1318 οὖδαμῶς,
742 1240 871 1305 οὔτ’
921 1239 1207 1305 ἀνεκτόν·
1259 1239 1458 1316 λόγων
1508 1263 1579 1302 τε
1626 1246 1744 1303 τῶν
1789 1238 1923 1317 περὶ
1971 1240 2186 1301 πᾶσαν
2232 1236 2534 1314 ἀσέβειαν

171 1345 332 1411 ὄντων
391 1348 711 1413 κινδυνεύει
774 1370 899 1417 πως
951 1348 979 1411 ὁ
1029 1345 1268 1419 ταύτης
1317 1355 1428 1420 τῆς
1480 1343 1654 1419 δόξης
1704 1342 2114 1424 ἀντεχόμενος
2165 1344 2411 1407 πάντων
2458 1342 2537 1407 ἂν

175 1455 302 1537 [τῶν
345 1456 623 1538 ἀσεβῶν]
673 1454 980 1532 κεκρίσθαι
1032 1452 1399 1518 δικαιότατα
1449 1451 1696 1521 κάκιςός
1748 1449 1810 1515 τ’
1864 1446 2018 1515 εἶναι
2068 1450 2171 1514 καὶ
2220 1448 2535 1526 ἀσεβέςα-

168 1583 276 1632 τος.
341 1559 518 1626 Male
584 1559 754 1624 hunc
819 1560 897 1625 ad
958 1558 1175 1625 locum
1240 1560 1610 1643 provocavit
1676 1556 2071 1642 Stephanae,
2123 1576 2323 1640 quum
2373 1555 2539 1621 infra

169 1666 286 1746 περὶ
332 1666 633 1754 ἀσέβειαν
681 1666 741 1730 δὲ
792 1665 969 1730 ὄντων
1019 1667 1419 1750 interpretari
1470 1670 1820 1729 conaretur.
1918 1662 2103 1727 Patet
2149 1662 2255 1726 hic
2299 1681 2534 1726 sermo-

168 1792 299 1837 nem
366 1794 502 1838 8888
570 1774 703 1850 περὶ
770 1772 957 1849 λόγου
1017 1771 1212 1848 τινός,
1278 1773 1344 1836 οὐ
1407 1770 1540 1847 περὶ
1590 1770 1918 1848 ἀνθρώπου.
1969 1804 2056 1817 -
2105 1760 2149 1833 ἃ
2200 1766 2530 1845 βούλονται

166 1880 441 1958 πράττειν
507 1880 559 1943 οἱ
619 1879 835 1953 κακοί,
900 1873 1002 1942 οἷα
1065 1879 1134 1951 δὴ
1203 1876 1308 1942 καὶ
1373 1876 1487 1941 ὅσα
1537 1877 1669 1957 περὶ
1722 1877 1883 1947 θεοὺς
1933 1875 2331 1939 διανοοῦνται.
2426 1872 2531 1938 Sic

164 1988 533 2071 scripserim.
629 1983 851 2072 Vulgo
897 1986 949 2047 οἱ
998 1984 1172 2048 κακοὶ
1224 1980 1266 2048 ἃ
1318 1985 1388 2055 δὴ
1439 1984 1542 2047 καὶ
1593 1977 1708 2046 ὅσα
1760 1983 1863 2047 καὶ
1904 1977 2037 2056 οἶα,
2079 1981 2228 2055 sed,
2271 1982 2325 2044 si
2368 1986 2537 2044 recte

165 2095 447 2175 memini,
498 2091 793 2156 meliores
839 2090 988 2156 libri
1035 2093 1140 2155 καὶ
1191 2085 1289 2154 οἷα
1338 2110 1463 2154 non
1513 2090 1764 2154 habent.
1817 2087 2047 2155 Notior
2092 2095 2187 2152 est
2238 2086 2343 2151 hic
2385 2105 2537 2149 usus

163 2200 320 2263 vocis
363 2192 478 2268 οἷος
528 2218 720 2282 qnam
768 2202 842 2261 nt
887 2195 1070 2282 plura
1118 2180 1367 2262 addam.
1424 2233 1505 2245 —
1560 2195 1669 2260 ἐὰν
1718 2193 1780 2259 δέ
1830 2217 1919 2265 τις
1970 2191 2134 2274 ὄφλῃ
2173 2191 2422 2269 τιμάτω
2466 2191 2537 2256 τὸ

162 2303 489 2385 δικαςήριον
547 2304 607 2367 ἐν
663 2304 862 2384 ἑκάςῳ
925 2309 1039 2368 τῶν
1108 2305 1242 2367 καθ’
1307 2295 1367 2367 ἓν
1429 2301 1819 2378 ἀσεβούντων
1875 2302 2151 2378 τίμημα.
2246 2300 2389 2365 Non
2438 2306 2534 2364 est

161 2410 417 2476 dubium
480 2412 634 2495 quin
697 2409 883 2476 Plato
946 2412 1268 2495 scripserit
1318 2410 1397 2473 ἑνὶ
1448 2408 1687 2490 indeq-2,
1739 2412 2023 2493 suspicor
2069 2410 2264 2472 etiam
2316 2406 2537 2493 legen-

160 2515 304 2580 dum
366 2538 501 2582 8888
558 2517 638 2580 ἑνὶ
706 2514 905 2593 {aare
967 2522 1084 2579 τῶν
1145 2516 1533 2591 ἀσεβούντων
1594 2518 1666 2579 τὸ
1715 2515 1856 2579 καθ’
1908 2511 1968 2579 ἓν
2018 2515 2296 2590 τίμημα.
2349 2549 2435 2560 -
2485 2511 2536 2573 εἰ

160 2620 218 2685 δέ
279 2647 337 2686 τι
410 2623 517 2686 καὶ
580 2622 797 2701 βραχὺ
861 2621 1160 2701 προῦργου
1223 2621 1652 2697 πεποιήκαμεν
1714 2622 1799 2691 εἰς
1865 2620 1934 2683 τὸ
1983 2621 2206 2684 πείθειν
2258 2643 2344 2699 πῃ
2390 2620 2533 2687 τοὺς

157 2725 368 2808 ἄνδρας
437 2729 692 2801 ἑαυτοὺς
758 2730 871 2803 μὲν
918 2736 1213 2805 μισῆσαι,
1264 2728 1350 2793 τὰ
1400 2726 1451 2791 δ’
1500 2728 1748 2792 ἐναντία
1800 2749 1926 2797 πως
1982 2727 2087 2803 ἤθη
2140 2724 2348 2806 ςέρξαι
2402 2725 2526 2788 κτὲ.

155 2835 340 2900 nimis
402 2824 678 2900 arduum
743 2836 999 2899 videtur
1057 2834 1427 2899 hominibus
1488 2834 1861 2918 persuadere
1907 2833 2072 2898 velle
2120 2831 2375 2903 ἑαυτοὺς
2427 2855 2534 2903 μι-

156 2947 349 3013 σῆσαι.
450 2940 619 3020 Quid
676 2940 734 3004 si
780 2941 1062 3026 scripsit:
1117 2940 1249 3025 (τοὶ)
1303 2941 1569 3024 ἑαυτῶν,
1624 2940 1762 3004 scil.
1813 2940 1942 3014 ἤθη.
2041 2937 2256 3003 Multa
2302 2940 2369 3002 in
2417 2938 2537 3001 hoc

155 3046 311 3114 libro
380 3050 545 3114 vitia
612 3067 648 3112 e
716 3046 885 3112 male
952 3047 1135 3112 lectis
1205 3048 1599 3131 compendiis
1662 3052 1799 3111 orta
1861 3067 1995 3111 esse
2062 3045 2221 3110 alias
2268 3043 2538 3109 ostendi.

156 3151 395 3219 Similis
462 3155 773 3218 sententia
846 3153 1011 3217 infra
1078 3152 1355 3240 legitur,
1422 3154 1535 3217 ubi
1596 3154 1900 3217 iubentur
1961 3154 2150 3236 impii
2216 3151 2538 3228 ἐξίστασθαι

158 3258 381 3336 τρόπων
428 3265 545 3323 τῶν
593 3259 821 3324 αὐτῶν.

241 3472 403 3560 Pag.
454 3472 620 3537 908:
687 3473 793 3536 hic
858 3473 934 3538 de
986 3474 1188 3539 tribus
1233 3476 1589 3539 carceribus
1635 3473 1814 3538 locus
1865 3480 1929 3538 et
1983 3471 2324 3538 mendosus
2373 3476 2438 3536 et
2481 3472 2546 3534 in

159 3574 274 3647 fine
344 3579 618 3643 mutilus
688 3585 804 3643 est.
901 3579 1157 3643 Primus
1227 3600 1437 3645 carcer
1505 3601 1631 3645 non
1703 3588 1829 3651 τοῖς
1896 3579 2170 3650 πλείςοις
2235 3579 2541 3644 destinari

161 3689 440 3769 poterat,
499 3705 647 3748 nam
710 3705 871 3768 quae
928 3703 1023 3749 est.
1086 3689 1210 3751 ista
1255 3689 1486 3752 civitas
1534 3689 1716 3751 cuius
1765 3689 2051 3751 maxima
2099 3706 2243 3772 pars
2287 3688 2357 3749 in
2406 3704 2544 3750 car·

159 3810 293 3855 cere
354 3789 604 3856 inclusa
666 3787 802 3855 est?
851 3789 920 3855 Si
967 3800 1092 3863 τοῖς
1141 3794 1413 3863 πλείςοις
1462 3799 1580 3857 τῶν
1629 3792 1979 3870 κακούργων
2027 3793 2235 3857 dicere
2292 3792 2537 3867 voluit,

159 3915 375 3960 vocem
435 3899 851 3962 necessariam
916 3895 1136 3963 lectori
1199 3899 1690 3985 intelligendam
1739 3897 2093 3982 relinquere
2142 3919 2266 3963 non
2315 3901 2547 3984 potuit.

160 3996 342 4066 Certe
413 4002 530 4066 hoc
608 4003 685 4067 de
757 4022 988 4089 genere
1059 4004 1166 4090 agi
1229 4010 1404 4088 patet
1466 4026 1544 4069 ex
1609 4003 1775 4068 illis:
1843 4004 2138 4080 σωτηρίας
2192 4002 2371 4069 ἕνεκα
2424 4014 2549 4077 τοῖς

158 4115 407 4178 πολλοῖς
471 4115 587 4171 τῶν
637 4109 971 4182 σωμάτωνε
1029 4129 1190 4193 quae
1238 4115 1452 4174 tamen
1502 4113 1720 4174 Aetius
1767 4109 1844 4173 de
1890 4110 2259 4175 hominibus
2305 4114 2369 4175 in
2421 4132 2552 4176 car-

161 4232 296 4277 cere
342 4214 772 4279 custodiendis
802 4216 1067 4299 -·.·.0ipit,
1167 4215 1564 4280 Praeclaram
1614 4235 1762 4282 vero
1808 4212 2144 4292 coernploev!
2201 4254 2282 4264 —
2309 4218 2432 4290 ἑνὸς
2488 4220 2549 4284 δὲ

164 4318 295 4397 περὶ
364 4322 466 4383 τὸν
532 4328 649 4383 τῶν
713 4320 938 4398 voh-cop
1005 4320 1473 4397 ξυλλεγομένων
1538 4319 1864 4399 ξύλλογον.
1961 4319 2069 4385 Sic
2131 4320 2318 4399 libri,
2373 4328 2551 4409 quasi

165 4419 466 4501 ξύλλογος
516 4424 694 4491 locus
743 4432 924 4493 esset.
980 4426 1295 4511 Equidem
1345 4426 1568 4492 malim
1623 4426 1948 4506 ξυλλόγων
2001 4427 2258 4515 (τόπον).
2303 4468 2384 4478 -
2410 4427 2555 4513 ὅπῃ-
