3192 5017
1290 319 1516 366 Puro.
2460 302 2591 367 345

313 489 465 578 Peg.
518 479 683 555 899:
757 510 1166 576 personarum
1228 491 1511 556 confusio
1575 488 1920 554 ridiculum
1984 510 2257 555 errorem
2324 494 2588 578 peperit.

232 596 418 685 Lege:
493 606 630 663 KA.
701 597 837 673 ναί,
901 603 1112 662 τοῦτον
1177 596 1289 673 μὲν
1353 596 1640 673 ἀνάγκη,
1703 596 1933 662 τούτων
1991 594 2051 661 ἕν
2114 596 2192 675 γέ
2255 620 2314 660 τι
2363 596 2591 677 δρῶσαν

230 703 428 782 ψυχὺν
471 701 674 784 πάντῃ
719 701 980 780 διάγειν.
1075 711 1211 767 ΛΘ.
1263 704 1452 767 αὐτοῦ
1503 702 1574 775 δὴ
1616 710 1837 780 μεῖνον.
1932 701 2109 767 Libri
2150 708 2590 788 praeterquam

227 809 380 893 quod
421 808 573 874 haec
619 811 835 874 omnis.
881 808 1249 874 Atheniensi
1301 810 1593 872 tribuunt
1641 815 1970 892 tamquam
2022 811 2155 893 ipse
2204 810 2327 874 sibi
2377 830 2587 874 assen-

228 916 460 998 tiretur,
522 934 638 999 pro
697 919 910 979 τοῦτον
972 914 1278 980 dederunt
1322 919 1538 978 τοῦτο.
1591 934 1704 999 pro
1751 914 1955 995 πάντῃ
2001 913 2216 980 πάντα
2263 915 2469 1000 (atqui
2515 915 2592 980 de

227 1040 342 1084 uno
399 1019 530 1085 sole
577 1020 683 1086 hic
729 1020 993 1107 agitur).
1041 1027 1106 1086 et
1153 1040 1265 1105 pro
1311 1028 1514 1091 μεῖνον
1561 1018 1840 1103 ἄμεινον,
1890 1020 2056 1104 quod
2102 1041 2251 1086 cum
2302 1024 2591 1105 sequenti

225 1127 490 1191 oratione
550 1128 761 1191 nescio
820 1145 945 1210 quo
1006 1126 1196 1191 modo
1258 1129 1669 1191 coniunctum
1734 1132 2224 1210 repraesentant.
2272 1128 2351 1191 cf.
2401 1147 2590 1211 supra
2646 1216 2647 1219 Ἴ

225 1230 347 1297 895
392 1233 466 1297 d:
514 1230 629 1313 ἔχε
677 1233 748 1308 δὴ
796 1232 941 1312 πρὸς
991 1230 1160 1302 Διός.

307 1481 390 1494 —
437 1445 765 1522 εἰρήκαμεν
830 1445 930 1529 [ὦς
994 1444 1108 1508 εἶσὶ
1174 1445 1324 1528 θεοί]
1377 1482 1459 1494 -
1496 1444 1567 1509 τὸ
1621 1444 1789 1531 (τῶν)
1839 1444 2063 1522 λόγων.
2117 1482 2204 1493 -
2253 1445 2592 1524 συγγένειά

222 1574 307 1624 τις
367 1554 505 1623 ἴσως
565 1576 634 1616 σε
703 1551 896 1637 [θεία]
970 1552 1114 1631 πρὸς
1178 1550 1249 1615 τὸ
1313 1550 1642 1631 ξύμφυτον
1703 1549 1848 1629 ἄγει
1902 1553 2127 1635 [τιμάν
2178 1552 2284 1616 καὶ
2336 1554 2595 1633 νομίζειν

223 1653 421 1744 εἷναι].
513 1656 714 1722 Recte
782 1658 1050 1726 ἀνοσίους
1126 1658 1192 1720 in
1263 1668 1316 1721 A
1391 1668 1455 1722 et
1526 1666 1592 1721 Ω
1670 1661 1978 1722 omissum
2053 1664 2168 1722 est,
2264 1658 2439 1723 Haeo
2502 1665 2597 1722 est

223 1767 511 1829 orationis
574 1764 887 1827 sententis
951 1769 1015 1826 et
1075 1764 1482 1846 compositio:
1543 1763 1716 1840 ὁρῶν,
1779 1764 2026 1846 quoties
2076 1762 2265 1828 ‘vides
2308 1764 2599 1828 homines

223 1870 294 1934 sd
361 1874 755 1935 senectutem
827 1869 1098 1947 vixisse,
1159 1871 1621 1952 morientesque
1685 1875 1749 1934 et
1814 1871 2176 1956 progeniem
2228 1876 2290 1933 et
2338 1870 2600 1934 divitias

223 1975 602 2062 relinquere,
665 1975 1059 2040 conturbaris
1112 1977 1261 2059 quia
1305 1978 1427 2039 scis
1478 1974 1667 2059 (εἰδὼς
1717 1977 1957 2058 optime
2012 1973 2598 2061 Winokelmannus)

223 2102 258 2146 a
322 2081 647 2148 nonnullis
716 2080 894 2166 (τισὶ)
965 2102 1043 2146 ex
1112 2082 1214 2146 his
1282 2080 1492 2147 multa
1551 2081 1830 2145 facinora
1890 2086 2137 2164 patrata
2198 2101 2332 2145 esse
2379 2088 2442 2145 et
2490 2103 2601 2167 per

223 2187 367 2254 haee
411 2189 552 2273 ipsa
598 2186 875 2254 facinora
923 2187 1211 2252 homines
1257 2187 1483 2271 opibus
1528 2186 1821 2252 crevisse,
1917 2185 2360 2252 Necessarium
2411 2187 2596 2272 plane

224 2300 312 2358 est
358 2295 522 2368 εἰδώς
573 2314 687 2379 pro
733 2292 903 2370 ἰδών,
950 2296 1055 2358 cui
1102 2296 1425 2379 appositae
1479 2299 1629 2357 sunt
1677 2293 1838 2357 duae
1885 2291 2161 2357 discendi
2211 2294 2516 2369 rationes,
2561 2292 2593 2367 ἢ

224 2398 291 2464 δι’
338 2403 521 2475 duom
576 2400 928 2477 αἰσθόμενος
978 2400 1011 2475 ἢ
1066 2437 1147 2447 -
1197 2400 1383 2470 αὐτὸς
1436 2400 1755 2472 αὐτόπτης
1809 2401 2188 2478 προστυχών.

307 2614 463 2702 Peg,
515 2614 682 2680 900:
750 2636 948 2681 unum
999 2617 1231 2681 vitium
1283 2620 1568 2699 superest
1616 2616 1683 2677 in
1728 2613 2027 2691 ταράττει
2078 2615 2165 2679 τὰ
2214 2614 2453 2700 (Turio.
2504 2616 2601 2690 τὸ)

221 2725 312 2783 νῦν
371 2723 430 2785 ἑν
490 2720 696 2788 ἅπασι
759 2723 1012 2792 τούτοις.
1107 2720 1296 2806 Apud
1344 2719 1695 2785 Eusebium
1744 2720 2045 2784 scribitur
2091 2717 2240 2785 ὅταν
2287 2726 2381 2798 ἐν,
2435 2722 2600 2807 quod

221 2829 289 2889 ad
351 2831 690 2894 veritatem
754 2830 1014 2913 propius
1073 2827 1333 2893 aceedit.
1429 2826 1603 2913 Lege
1664 2824 1782 2891 τᾶν
1844 2822 2049 2891 άπάσι
2098 2829 2355 2897 τούτοις.
2451 2827 2601 2892 Mox

219 2951 325 3015 pro
384 2934 531 2999 τότε
592 2934 818 2998 malim
884 2932 1022 3002 ὥςε.
1077 2971 1156 2981 -
1208 2932 1388 2997 Libri
1449 2928 1546 2996 ἵνα
1612 2926 1710 2997 οὖν
1773 2935 1860 3007 μὴ
1911 2932 2015 2996 ἐπὶ
2068 2932 2276 3013 μεῖζον
2313 2930 2465 3014 ἔλθῃ
2512 2957 2602 2997 σοι

220 3036 402 3111 πάθος
475 3038 620 3118 πρὸς
695 3039 994 3115 αό-έβειαν
1059 3040 1127 3102 τὸ
1196 3044 1294 3103 νῦν
1359 3038 1550 3117 παρὸν
1617 3036 1850 3115 δόγμα.
1947 3037 2159 3126 Lege,
2222 3036 2317 3103 ἵνα
2367 3036 2464 3105 οὖν
2511 3044 2598 3115 μὴ

219 3144 316 3208 ἐπί
375 3147 493 3231 (τι)
541 3145 760 3226 μεῖζον
808 3144 978 3227 ἔλθῃς
1027 3147 1219 3216 πάθος
1269 3147 1414 3224 πρὸς
1463 3142 1764 3221 ἀσέβειαν
1817 3146 1852 3219 ἢ
1901 3145 1972 3209 τὸ
2024 3151 2123 3210 νῦν
2171 3147 2382 3227 παρόν.
2478 3146 2603 3211 Pro
2685 3197 2689 3200 -

219 3252 362 3315 ἀλλ’
426 3254 535 3317 ἐάν
591 3275 756 3328 τως,
808 3251 950 3339 lege
997 3251 1074 3316 ἄν
1121 3276 1269 3323 πως.
1367 3251 1532 3316 Fons
1578 3254 1804 3316 erroris
1852 3254 2168 3317 neminem
2218 3251 2466 3318 latebit.
2516 3290 2602 3302 —-

218 3354 509 3424 Ridicule
554 3377 668 3443 pro
715 3358 926 3437 σφῷν,
977 3364 1231 3444 propter
1280 3355 1611 3432 δεξάμενος
1661 3357 1939 3435 scilicet,
1992 3360 2131 3437 σφώ
2171 3364 2600 3442 reposuerunt.

219 3462 410 3549 Atqui
481 3463 811 3541 δεξάμενος
877 3464 1061 3549 plane
1121 3466 1351 3529 vitiosa
1414 3462 1604 3528 lectio
1652 3471 1767 3529 est.
1862 3464 2004 3528 Nisi
2054 3465 2256 3529 credis
2308 3465 2425 3529 hoc
2473 3486 2604 3529 esse

218 3569 646 3651 διαβιβάζειν,
733 3579 806 3634 ut
884 3570 1161 3654 aliquem
1249 3569 1535 3633 humeris
1618 3572 1994 3653 impositum
2083 3576 2600 3655 transportemus.

219 3675 378 3742 Mihi
437 3678 840 3742 scribendum
906 3676 1160 3740 videtur
1207 3673 1635 3752 ἐνδειξάμενος.
1699 3714 1778 3724 —-
1830 3676 1985 3741 Mox
2032 3677 2175 3763 lege
2224 3676 2603 3752 ἐνδείξασθαι

216 3783 402 3864 τούτῳ
448 3807 529 3860 γε
576 3782 740 3868 (scil.
789 3781 1203 3866 adolescenti)
1262 3821 1334 3831 -—
1369 3783 1446 3852 ὦς
1496 3782 1725 3858 ἀγαθοί
1776 3807 1854 3859 γε
1904 3781 2070 3854 ὄντες
2121 3786 2334 3847 πᾶσαν
2384 3785 2605 3864 άρετῆν

220 3891 324 3961 τὴν
387 3891 505 3954 τῶν
579 3887 826 3953 πάντων
891 3889 1255 3964 ἐπιμέλειαν
1321 3886 1696 3961 οἰκειοτάτην
1760 3890 1960 3953 αὐτῶν
2019 3884 2204 3953 οὖσαν
2255 3890 2604 3963 κέκτηνται.

221 3992 386 4082 Lege
448 3993 800 4061 οἰκειότατα
826 4040 842 4072 ,
909 3998 973 4058 et
1041 3996 1417 4079 quantocius
1480 3993 1724 4079 expelle
1792 3993 2133 4059 molestum
2186 4002 2249 4061 et
2296 3997 2602 4061 stolidum

220 4100 531 4167 emblema
579 4103 690 4176 τὴν
737 4106 855 4164 τῶν
904 4099 1150 4165 πάντων
1201 4099 1585 4175 ἐπιμέλειαν.
1682 4098 1753 4163 Id
1792 4102 2004 4184 ipsum
2050 4101 2214 4167 infra
2251 4103 2609 4168 ostenditur

222 4205 577 4283 ἐπιμέλειαν
644 4212 865 4292 utpote
930 4227 1121 4271 unam
1187 4228 1264 4271 ex
1328 4206 1680 4271 virtutibus
1740 4204 1852 4269 Dis
1916 4208 2114 4272 tribui
2164 4215 2463 4292 oportere.
2528 4249 2606 4262 --—

227 4313 324 4375 καὶ
377 4316 552 4379 ταῦθ’
601 4310 785 4381 οὕτως
831 4313 1162 4405 [ὁμολογοῖ
1203 4317 1328 4383 πᾶς
1379 4312 1502 4396 ἄν]
