3192 5017
486 211 573 285 56
1505 225 1877 284 ammom.

482 424 678 475 λιττα
738 410 1245 479 Καταλέλοιπας.
1340 406 1787 473 Necessarium
1847 412 1946 471 est
2005 405 2601 478 ἘΓκαταλέλοιπας
2625 455 2641 482 ,
2704 397 2883 489 quod

485 515 770 581 manavit
814 534 850 578 e
893 514 1228 579 notissimo
1273 512 1610 598 Eupolidis
1655 510 2003 580 versiculo:

938 618 1009 683 τὸ
1057 617 1291 699 κέντρον
1341 618 1763 697 ε’γκατέλειπε
1814 626 1939 691 τοῖς
1989 620 2402 700 ἀκροωμένοις.

573 725 1045 792 Obversabatur
1082 733 1301 790 autem
1345 724 1629 809 Iulian0,
1680 731 1755 789 ut
1801 724 2126 810 Heylerus
2173 724 2362 809 vidit,
2409 724 2698 790 Platonis
2744 724 2882 789 dio-

482 840 625 899 tum
670 834 740 896 in
783 831 1099 896 Phaedone
1142 851 1287 917 pag.
1342 829 1447 895 91.
1498 854 1550 896 ο.
1599 829 1798 910 ὥσπερ
1845 832 2120 909 με’λιττα
2171 831 2240 895 τὸ
2288 832 2524 913 κέντρον
2592 832 2877 909 ἐγκατα-

482 940 676 1005 λιπὼν
723 937 1088 1019 οἰχήσομαι.

574 1153 804 1218 Iulian.
857 1152 1056 1235 Epist.
1101 1150 1209 1217 48.
1256 1153 1292 1236 ξ
1341 1152 1402 1215 4.
1452 1172 1599 1238 pag.
1650 1148 1803 1216 368.
1851 1151 2194 1227 ξενοδοκεῑα
2241 1154 2382 1216 καθ’
2423 1154 2651 1228 ἑκάςην
2693 1152 2877 1217 πόλιν

483 1257 840 1333 κατάςησον
905 1258 1108 1323 πυκνά
1164 1255 1237 1321 ἵν’
1285 1258 1720 1322 ἀπολαύσωσιν
1770 1259 1822 1323 οἷ
1872 1256 2024 1335 ξένοι
2073 1295 2162 1307 -
2211 1261 2316 1323 καὶ
2365 1257 2575 1340 ἀλλων
2621 1255 2746 1331 ὅςις
2796 1259 2878 1323 ἂν

483 1365 659 1446 δεηθῇ
722 1363 1080 1445 χρημάτων.
1142 1361 1328 1427 “oon
1392 1363 1453 1428 δὲ
1517 1366 1865 1445 εὐπορήσεις
1915 1365 2298 1440 ἐπινενόηταί
2344 1389 2467 1443 μοι.
2519 1364 2761 1431 Vocula
2807 1365 2874 1429 δέ

483 1471 946 1558 transponenda
991 1471 1059 1534 in
1107 1470 1275 1535 huno
1321 1470 1625 1536 modum:
1679 1509 1760 1519 —
1814 1469 1939 1542 ὅςις
1987 1471 2064 1535 ἂν
2111 1472 2308 1552 δεηθῇ.
2362 1471 2708 1551 Χρημάτων
2756 1480 2874 1535 ΔΕ

483 1573 611 1640 ὅθεν
661 1577 1007 1656 εὐπορήσεις
1055 1577 1185 1639 κτὲ.

570 1789 803 1857 Iulian.
867 1789 1061 1873 Epist.
1128 1787 1233 1854 50.
1297 1787 1333 1872 g
1383 1788 1446 1853 8.
1509 1810 1657 1876 pag.
1737 1787 1893 1855 370.
1962 1793 2065 1855 καὶ
2125 1793 2353 1854 τούτων
2400 1788 2514 1867 μὲν
2561 1795 2679 1852 τῶν
2727 1790 2869 1852 θεῶν

482 1898 691 1963 οὐδένα
741 1904 1091 1977 προσκυνεῖν
1138 1900 1458 1972 τολμᾶτε,
1510 1886 1570 1958 ὃν
1619 1896 1680 1959 δὲ
1729 1894 1869 1960 οὔτε
1912 1896 2087 1972 ὑμεῖς
2128 1894 2267 1961 οὔτε
2308 1896 2359 1960 οἱ
2399 1896 2664 1975 πατέρες
2706 1896 2874 1971 ὑμῶν

483 2003 801 2082 ἐοράκασιν
862 2007 1092 2077 Ἰησοῦν
1145 2000 1335 2066 οἴεσθε
1381 2010 1606 2081 χρῆναι
1656 2003 1783 2064 θεὸν
1839 2002 2078 2085 [λόγον]
2135 2002 2455 2082 ὑπάρχειν.
2554 2000 2873 2086 Theologi

481 2108 755 2174 alieuius
798 2110 1032 2174 vitiosa
1075 2106 1401 2173 subtilitas
1444 2106 1629 2184 λόγον
1679 2105 1942 2171 addidit.

570 2318 800 2385 Iulian.
860 2317 1068 2404 Epist.
1130 2317 1236 2384 51.
1298 2340 1447 2406 pag.
1515 2315 1667 2389 371.
1730 2335 2054 2405 comparat.
2115 2341 2300 2386 suam
2361 2325 2428 2386 in
2474 2319 2871 2388 Christianos

480 2426 891 2492 clementiam
940 2448 1088 2491 oum
1137 2424 1494 2521 Constantii
1540 2428 1606 2489 in
1657 2446 1763 2491 eos
1807 2430 2107 2494 saevitia:
2158 2428 2386 2505 συνέβη
2433 2428 2561 2510 γάρ
2611 2430 2708 2493 ἐπὶ
2752 2432 2869 2507 μὲν

482 2535 705 2599 ἐκείνου
759 2571 840 2582 -
892 2535 952 2597 ἐν
1019 2533 1417 2609 Σαμοσάτοις
1468 2532 1572 2595 καὶ
1626 2531 1857 2613 Κυζίκῳ
1907 2533 2012 2610 καὶ
2063 2537 2498 2617 Παφλαγονίᾳ
2553 2572 2631 2584 —-
2681 2534 2869 2616 ἀρδην

482 2642 915 2718 ἀνατραπῆναι
979 2639 1370 2716 πορθηθείσας
1433 2647 1771 2703 ΚΩΜΛΟ.
1820 2639 1965 2705 Non
2011 2647 2303 2724 poterant
2351 2644 2419 2705 in
2468 2643 2712 2704 zor-bibus
2755 2641 2869 2708 Sa-

483 2751 746 2812 mosatis
811 2751 877 2812 et
924 2743 1157 2832 Cyzico
1206 2753 1409 2822 κῶμαι
1460 2747 1917 2825 ἀνατραπῆναι.
1987 2746 2475 2813 Emendandum
2522 2768 2657 2814 esse
2705 2749 2869 2814 arbi-

483 2861 645 2918 tror:
697 2854 1130 2933 ἀνατραπῆναι
1182 2855 1705 2915 ἘΚΚΛΗΟΙΛΟ.

567 3067 801 3134 Iulian.
850 3067 1041 3149 Epist.
1092 3061 1195 3129 58.
1247 3084 1395 3152 pag.
1439 3060 1592 3131 375.
1635 3065 1686 3130 εἰ
1727 3068 2030 3148 τολμηρὸς
2071 3069 2366 3134 οὑτωσὶ
2409 3069 2515 3134 καὶ
2554 3079 2861 3150 γενναῖος.

477 3173 933 3241 Scribendum:
982 3169 1168 3243 οὕτως
1215 3165 1294 3234 εἶ
1334 3171 1438 3235 καὶ
1487 3180 1789 3250 γενναῖος.

564 3381 796 3453 Iulian.
865 3381 1063 3468 Epist.
1131 3382 1238 3449 52.
1300 3404 1446 3471 pag.
1513 3383 1668 3452 372.
1740 3382 1782 3449 ὦ
1849 3389 1992 3470 Ζεῦ,
2057 3394 2183 3461 πῶς
2248 3385 2383 3468 ἔχει
2434 3391 2641 3461 καλῶς
2692 3387 2859 3467 ἡμεῖς

475 3497 586 3567 μὲν
653 3494 712 3556 ἐν
775 3492 989 3575 Θρᾴκῃ
1054 3492 1294 3568 διάγειν
1341 3491 1503 3571 μέσῃ
1553 3492 1656 3555 καὶ
1707 3501 1833 3561 τοῖς
1883 3493 2146 3557 ἐνταῦθα
2196 3503 2378 3574 σιροῖς
2429 3495 2860 3577 ε’γχειμάζειν.

475 3597 572 3664 Ob
642 3597 856 3664 oeulos
926 3597 1120 3661 verba
1181 3595 1457 3660 habebat
1519 3591 1967 3661 Demosthenis
2027 3619 2172 3686 pag.
2227 3600 2378 3665 100.
2430 3600 2537 3665 48.
2603 3603 2749 3683 ὑπὲρ
2798 3604 2863 3667 δὲ

473 3711 590 3769 τῶν
637 3741 728 3752 --
773 3705 993 3782 ὀλυρῶν
1053 3707 1171 3766 τῶν
1231 3703 1291 3764 ἐν
1359 3710 1484 3773 τοῖς
1551 3701 1832 3785 Θρᾳκίοις
1896 3713 2077 3784 σιροῖς
2140 3705 2200 3769 ἐν
2259 3709 2343 3787 τῷ
2390 3707 2678 3790 βαράθρῳ
2727 3733 2863 3790 χει-

474 3810 717 3893 μάζειν.

563 4028 790 4094 Iulian.
855 4028 1050 4110 Epist.
1114 4026 1221 4092 58.
1289 4029 1326 4113 ξ
1376 4026 1485 4094 17.
1554 4047 1698 4114 pag.
1769 4025 1926 4093 377.
2003 4029 2031 4093 ὃ
2093 4037 2327 4110 Μῶμος
2377 4033 2701 4113 ἐρρήγνυτο
2750 4038 2858 4102 καὶ

471 4134 650 4210 μόλις
701 4132 1054 4209 ἐλάμβανε
1097 4141 1276 4198 TOT
1325 4132 1662 4197 σανδάλου.
1714 4130 1918 4198 Sensu
1967 4156 2247 4200 vacuum
2294 4139 2362 4204 id
2408 4140 2669 4224 quidem
2716 4149 2858 4218 est,

469 4239 579 4310 sed
629 4243 701 4304 tu
748 4242 1025 4327 corrige:
1078 4237 1556 4319 ἐλαμβάνΕΤΟ
1609 4241 1715 4301 τοῦ
1764 4237 2096 4307 σανδάλου.
