<?xml version="1.0" encoding="UTF-8"?>
<!DOCTYPE html PUBLIC "-//W3C//DTD XHTML 1.0 Transitional//EN"
    "http://www.w3.org/TR/xhtml1/DTD/xhtml1-transitional.dtd">
<html xmlns="http://www.w3.org/1999/xhtml" xml:lang="en" lang="en">
 <head>
  <title>
</title>
<meta http-equiv="Content-Type" content="text/html;charset=utf-8" />
  <meta name='ocr-system' content='tesseract 3.04.00' />
  <meta name='ocr-capabilities' content='ocr_page ocr_carea ocr_par ocr_line ocrx_word'/>
</head>
<body>
  <div class='ocr_page' id='page_1' title='image "./mnemosynebiblio14servgoog_0698.png"; bbox 0 0 3192 5017; ppageno 0'>
   <div class='ocr_carea' id='block_1_1' title="bbox 531 258 1851 355">
    <p class='ocr_par' dir='ltr' id='par_1_1' title="bbox 531 258 1851 355">
     <span class='ocr_line' id='line_1_1' title="bbox 531 258 1851 355; baseline 0.003 -6"><span class='ocrx_word' id='word_1_1' title='bbox 531 285 666 349; x_wconf 82' lang='grc'>242</span> <span class='ocrx_word' id='word_1_2' title='bbox 1592 258 1851 355; x_wconf 62' lang='lat' dir='ltr'>ssssos.</span> 
     </span>
    </p>
   </div>
   <div class='ocr_carea' id='block_1_2' title="bbox 534 477 2912 1515">
    <p class='ocr_par' dir='ltr' id='par_1_2' title="bbox 534 477 2912 1515">
     <span class='ocr_line' id='line_1_2' title="bbox 534 477 2899 564; baseline 0.004 -26"><span class='ocrx_word' id='word_1_3' title='bbox 534 477 733 551; x_wconf 78' lang='lat' dir='ltr'>„unde</span> <span class='ocrx_word' id='word_1_4' title='bbox 800 478 989 540; x_wconf 78' lang='lat' dir='ltr'>vivam</span> <span class='ocrx_word' id='word_1_5' title='bbox 1011 525 1027 555; x_wconf 89' lang='lat'>,</span> <span class='ocrx_word' id='word_1_6' title='bbox 1096 479 1246 544; x_wconf 83' lang='lat' dir='ltr'>volo.</span> <span class='ocrx_word' id='word_1_7' title='bbox 1318 477 1681 564; x_wconf 77' lang='lat' dir='ltr'>Respondet</span> <span class='ocrx_word' id='word_1_8' title='bbox 1749 478 2018 545; x_wconf 77' lang='lat' dir='ltr'>Seneca.-</span> <span class='ocrx_word' id='word_1_9' title='bbox 2086 477 2279 543; x_wconf 72' lang='lat' dir='ltr'>Simul</span> <span class='ocrx_word' id='word_1_10' title='bbox 2341 486 2396 543; x_wconf 76' lang='lat' dir='ltr'>et</span> <span class='ocrx_word' id='word_1_11' title='bbox 2441 502 2667 563; x_wconf 78' lang='lat' dir='ltr'>parare</span> <span class='ocrx_word' id='word_1_12' title='bbox 2717 480 2899 547; x_wconf 73' lang='lat' dir='ltr'>disce.</span> 
     </span>
     <span class='ocr_line' id='line_1_3' title="bbox 536 581 2904 670; baseline 0 -23"><span class='ocrx_word' id='word_1_13' title='bbox 536 582 867 660; x_wconf 75' lang='lat' dir='ltr'>„absai-de.</span> <span class='ocrx_word' id='word_1_14' title='bbox 961 581 1142 648; x_wconf 88' lang='lat' dir='ltr'>Nihil</span> <span class='ocrx_word' id='word_1_15' title='bbox 1211 586 1333 649; x_wconf 87' lang='lat' dir='ltr'>erit</span> <span class='ocrx_word' id='word_1_16' title='bbox 1398 605 1521 650; x_wconf 90' lang='lat' dir='ltr'>non</span> <span class='ocrx_word' id='word_1_17' title='bbox 1584 586 1776 661; x_wconf 86' lang='lat' dir='ltr'>recti,</span> <span class='ocrx_word' id='word_1_18' title='bbox 1825 588 1879 649; x_wconf 88' lang='lat' dir='ltr'>si</span> <span class='ocrx_word' id='word_1_19' title='bbox 1926 584 2277 670; x_wconf 74' lang='lat' dir='ltr'>scripseris:</span> <span class='ocrx_word' id='word_1_20' title='bbox 2329 586 2523 650; x_wconf 72' lang='lat' dir='ltr'>Simul</span> <span class='ocrx_word' id='word_1_21' title='bbox 2566 595 2624 650; x_wconf 77' lang='lat' dir='ltr'>et</span> <span class='ocrx_word' id='word_1_22' title='bbox 2658 607 2816 668; x_wconf 80' lang='lat' dir='ltr'>para</span> <span class='ocrx_word' id='word_1_23' title='bbox 2857 590 2904 647; x_wconf 66' lang='lat' dir='ltr'>et</span> 
     </span>
     <span class='ocr_line' id='line_1_4' title="bbox 536 688 2907 776; baseline 0 -25"><span class='ocrx_word' id='word_1_24' title='bbox 536 688 795 765; x_wconf 63' lang='lat' dir='ltr'>„disca”</span> <span class='ocrx_word' id='word_1_25' title='bbox 885 688 1026 755; x_wconf 87' lang='lat' dir='ltr'>Non</span> <span class='ocrx_word' id='word_1_26' title='bbox 1099 695 1195 755; x_wconf 89' lang='lat' dir='ltr'>est</span> <span class='ocrx_word' id='word_1_27' title='bbox 1264 690 1382 756; x_wconf 89' lang='lat' dir='ltr'>hoc</span> <span class='ocrx_word' id='word_1_28' title='bbox 1453 692 1792 755; x_wconf 77' lang='lat' dir='ltr'><strong>stoicorum</strong></span> <span class='ocrx_word' id='word_1_29' title='bbox 1816 740 1830 764; x_wconf 92' lang='lat'>,</span> <span class='ocrx_word' id='word_1_30' title='bbox 1901 695 1965 755; x_wconf 86' lang='lat' dir='ltr'>et</span> <span class='ocrx_word' id='word_1_31' title='bbox 2036 690 2479 776; x_wconf 80' lang='lat' dir='ltr'><strong>philosophiae</strong></span> <span class='ocrx_word' id='word_1_32' title='bbox 2550 699 2615 757; x_wconf 87' lang='lat' dir='ltr'>et</span> <span class='ocrx_word' id='word_1_33' title='bbox 2675 691 2907 757; x_wconf 80' lang='lat' dir='ltr'>divitiis</span> 
     </span>
     <span class='ocr_line' id='line_1_5' title="bbox 535 794 2902 880; baseline 0.001 -22"><span class='ocrx_word' id='word_1_34' title='bbox 535 794 829 879; x_wconf 80' lang='lat' dir='ltr'>parandis</span> <span class='ocrx_word' id='word_1_35' title='bbox 891 814 1145 880; x_wconf 83' lang='lat' dir='ltr'>operam</span> <span class='ocrx_word' id='word_1_36' title='bbox 1212 795 1394 873; x_wconf 82' lang='lat' dir='ltr'>dare,</span> <span class='ocrx_word' id='word_1_37' title='bbox 1445 795 1692 860; x_wconf 88' lang='lat' dir='ltr'>duobus</span> <span class='ocrx_word' id='word_1_38' title='bbox 1739 796 2013 862; x_wconf 85' lang='lat' dir='ltr'>dominis</span> <span class='ocrx_word' id='word_1_39' title='bbox 2058 796 2256 862; x_wconf 85' lang='lat' dir='ltr'>simul</span> <span class='ocrx_word' id='word_1_40' title='bbox 2303 800 2574 879; x_wconf 83' lang='lat' dir='ltr'>servire,</span> <span class='ocrx_word' id='word_1_41' title='bbox 2623 795 2746 877; x_wconf 71' lang='grc' dir='ltr'>θεῷ</span> <span class='ocrx_word' id='word_1_42' title='bbox 2789 796 2902 861; x_wconf 70' lang='grc' dir='ltr'>δον·</span> 
     </span>
     <span class='ocr_line' id='line_1_6' title="bbox 535 900 2908 988; baseline -0.001 -22"><span class='ocrx_word' id='word_1_43' title='bbox 535 900 733 966; x_wconf 73' lang='grc' dir='ltr'><strong><em>λεύειν</em></strong></span> <span class='ocrx_word' id='word_1_44' title='bbox 776 901 881 965; x_wconf 77' lang='grc' dir='ltr'>καὶ</span> <span class='ocrx_word' id='word_1_45' title='bbox 923 907 1284 981; x_wconf 74' lang='grc' dir='ltr'><em>μαμμωνᾷ,</em></span> <span class='ocrx_word' id='word_1_46' title='bbox 1323 920 1527 986; x_wconf 84' lang='lat' dir='ltr'>neque</span> <span class='ocrx_word' id='word_1_47' title='bbox 1561 901 1833 985; x_wconf 76' lang='lat' dir='ltr'><strong>quadrat</strong></span> <span class='ocrx_word' id='word_1_48' title='bbox 1871 922 2019 967; x_wconf 91' lang='lat' dir='ltr'>cum</span> <span class='ocrx_word' id='word_1_49' title='bbox 2046 908 2412 988; x_wconf 74' lang='lat' dir='ltr'>praecepto,</span> <span class='ocrx_word' id='word_1_50' title='bbox 2443 903 2610 987; x_wconf 87' lang='lat' dir='ltr'>quod</span> <span class='ocrx_word' id='word_1_51' title='bbox 2637 903 2908 988; x_wconf 83' lang='lat' dir='ltr'>proxime</span> 
     </span>
     <span class='ocr_line' id='line_1_7' title="bbox 534 1006 2906 1092; baseline -0 -20"><span class='ocrx_word' id='word_1_52' title='bbox 534 1009 855 1091; x_wconf 70' lang='lat' dir='ltr'>sequitur:</span> <span class='ocrx_word' id='word_1_53' title='bbox 930 1006 1038 1084; x_wconf 75' lang='lat' dir='ltr'>„Si</span> <span class='ocrx_word' id='word_1_54' title='bbox 1100 1008 1247 1092; x_wconf 85' lang='lat' dir='ltr'>quid</span> <span class='ocrx_word' id='word_1_55' title='bbox 1303 1014 1362 1071; x_wconf 75' lang='lat' dir='ltr'>te</span> <span class='ocrx_word' id='word_1_56' title='bbox 1422 1014 1581 1071; x_wconf 71' lang='lat' dir='ltr'>vetat</span> <span class='ocrx_word' id='word_1_57' title='bbox 1633 1008 1784 1085; x_wconf 37' lang='lat' dir='ltr'>‚bene</span> <span class='ocrx_word' id='word_1_58' title='bbox 1847 1009 2077 1091; x_wconf 74' lang='lat' dir='ltr'>vivere,</span> <span class='ocrx_word' id='word_1_59' title='bbox 2140 1013 2283 1072; x_wconf 73' lang='lat' dir='ltr'>bone</span> <span class='ocrx_word' id='word_1_60' title='bbox 2329 1010 2481 1073; x_wconf 74' lang='lat' dir='ltr'>mori</span> <span class='ocrx_word' id='word_1_61' title='bbox 2526 1031 2646 1073; x_wconf 71' lang='lat' dir='ltr'>non</span> <span class='ocrx_word' id='word_1_62' title='bbox 2690 1006 2906 1073; x_wconf 75' lang='lat' dir='ltr'>vetat.”</span> 
     </span>
     <span class='ocr_line' id='line_1_8' title="bbox 536 1113 2912 1180; baseline 0.001 -2"><span class='ocrx_word' id='word_1_63' title='bbox 536 1113 800 1178; x_wconf 79' lang='lat' dir='ltr'>Malim:</span> <span class='ocrx_word' id='word_1_64' title='bbox 863 1117 1104 1176; x_wconf 81' lang='lat' dir='ltr'>Parare</span> <span class='ocrx_word' id='word_1_65' title='bbox 1163 1114 1320 1178; x_wconf 75' lang='lat' dir='ltr'>unde</span> <span class='ocrx_word' id='word_1_66' title='bbox 1381 1118 1570 1177; x_wconf 79' lang='lat' dir='ltr'>vivam</span> <span class='ocrx_word' id='word_1_67' title='bbox 1631 1115 1782 1178; x_wconf 78' lang='lat' dir='ltr'>volo·</span> <span class='ocrx_word' id='word_1_68' title='bbox 1878 1114 2069 1178; x_wconf 79' lang='lat' dir='ltr'>Simul</span> <span class='ocrx_word' id='word_1_69' title='bbox 2124 1122 2181 1179; x_wconf 74' lang='lat' dir='ltr'>et</span> <span class='ocrx_word' id='word_1_70' title='bbox 2247 1132 2482 1180; x_wconf 77' lang='lat' dir='ltr'>vlvm</span> <span class='ocrx_word' id='word_1_71' title='bbox 2542 1133 2625 1180; x_wconf 72' lang='grc' dir='ltr'>ΒΤ</span> <span class='ocrx_word' id='word_1_72' title='bbox 2672 1130 2912 1180; x_wconf 76' lang='lat' dir='ltr'>PARARB</span> 
     </span>
     <span class='ocr_line' id='line_1_9' title="bbox 539 1219 2912 1303; baseline -0 -19"><span class='ocrx_word' id='word_1_73' title='bbox 539 1226 788 1284; x_wconf 64' lang='lat' dir='ltr'>nusum:</span> <span class='ocrx_word' id='word_1_74' title='bbox 838 1219 905 1282; x_wconf 76' lang='lat' dir='ltr'>Si</span> <span class='ocrx_word' id='word_1_75' title='bbox 949 1219 1097 1303; x_wconf 73' lang='lat' dir='ltr'>qm‘d</span> <span class='ocrx_word' id='word_1_76' title='bbox 1137 1226 1195 1283; x_wconf 77' lang='lat' dir='ltr'>te</span> <span class='ocrx_word' id='word_1_77' title='bbox 1236 1225 1398 1284; x_wconf 68' lang='lat' dir='ltr'>&#39;vetat</span> <span class='ocrx_word' id='word_1_78' title='bbox 1445 1220 1587 1283; x_wconf 78' lang='lat' dir='ltr'>bene</span> <span class='ocrx_word' id='word_1_79' title='bbox 1633 1219 1831 1284; x_wconf 79' lang='lat' dir='ltr'>vivere</span> <span class='ocrx_word' id='word_1_80' title='bbox 1853 1269 1868 1295; x_wconf 93' lang='lat'>‚</span> <span class='ocrx_word' id='word_1_81' title='bbox 1919 1224 2064 1285; x_wconf 76' lang='lat' dir='ltr'>bene</span> <span class='ocrx_word' id='word_1_82' title='bbox 2098 1221 2254 1289; x_wconf 74' lang='lat' dir='ltr'>mori</span> <span class='ocrx_word' id='word_1_83' title='bbox 2291 1242 2410 1285; x_wconf 73' lang='lat' dir='ltr'>non</span> <span class='ocrx_word' id='word_1_84' title='bbox 2447 1228 2630 1285; x_wconf 78' lang='lat' dir='ltr'>vetat.</span> <span class='ocrx_word' id='word_1_85' title='bbox 2679 1219 2912 1294; x_wconf 78' lang='lat' dir='ltr'>Quodsi</span> 
     </span>
     <span class='ocr_line' id='line_1_10' title="bbox 535 1324 2912 1411; baseline -0 -21"><span class='ocrx_word' id='word_1_86' title='bbox 535 1324 898 1390; x_wconf 82' lang='lat' dir='ltr'>sollicitudo</span> <span class='ocrx_word' id='word_1_87' title='bbox 962 1324 1301 1411; x_wconf 78' lang='lat' dir='ltr'>quaerendi</span> <span class='ocrx_word' id='word_1_88' title='bbox 1363 1325 1530 1390; x_wconf 91' lang='lat' dir='ltr'>unde</span> <span class='ocrx_word' id='word_1_89' title='bbox 1592 1327 1773 1389; x_wconf 80' lang='lat' dir='ltr'>vivas</span> <span class='ocrx_word' id='word_1_90' title='bbox 1835 1329 1898 1390; x_wconf 89' lang='lat' dir='ltr'>te</span> <span class='ocrx_word' id='word_1_91' title='bbox 1958 1328 2299 1410; x_wconf 77' lang='lat' dir='ltr'>quominus</span> <span class='ocrx_word' id='word_1_92' title='bbox 2348 1326 2506 1392; x_wconf 89' lang='lat' dir='ltr'>bene</span> <span class='ocrx_word' id='word_1_93' title='bbox 2553 1328 2738 1392; x_wconf 83' lang='lat' dir='ltr'>vivas</span> <span class='ocrx_word' id='word_1_94' title='bbox 2783 1343 2912 1410; x_wconf 87' lang='lat' dir='ltr'>pro·</span> 
     </span>
     <span class='ocr_line' id='line_1_11' title="bbox 534 1430 2560 1515; baseline 0 -20"><span class='ocrx_word' id='word_1_95' title='bbox 534 1431 751 1508; x_wconf 87' lang='lat' dir='ltr'>hibet,</span> <span class='ocrx_word' id='word_1_96' title='bbox 800 1431 1012 1515; x_wconf 86' lang='lat' dir='ltr'>potius</span> <span class='ocrx_word' id='word_1_97' title='bbox 1061 1430 1319 1496; x_wconf 89' lang='lat' dir='ltr'>omnino</span> <span class='ocrx_word' id='word_1_98' title='bbox 1366 1433 1583 1497; x_wconf 82' lang='lat' dir='ltr'>vivere</span> <span class='ocrx_word' id='word_1_99' title='bbox 1631 1430 1848 1496; x_wconf 85' lang='lat' dir='ltr'>desine</span> <span class='ocrx_word' id='word_1_100' title='bbox 1895 1451 2088 1515; x_wconf 79' lang='lat' dir='ltr'>quam</span> <span class='ocrx_word' id='word_1_101' title='bbox 2138 1430 2308 1498; x_wconf 77' lang='lat' dir='ltr'>male</span> <span class='ocrx_word' id='word_1_102' title='bbox 2356 1434 2560 1498; x_wconf 79' lang='lat' dir='ltr'>vivas.</span> 
     </span>
    </p>
   </div>
   <div class='ocr_carea' id='block_1_3' title="bbox 532 1637 2916 2680">
    <p class='ocr_par' dir='ltr' id='par_1_3' title="bbox 532 1637 2916 2680">
     <span class='ocr_line' id='line_1_12' title="bbox 626 1637 2914 1728; baseline 0 -24"><span class='ocrx_word' id='word_1_103' title='bbox 626 1639 742 1724; x_wconf 81' lang='lat' dir='ltr'>Ep.</span> <span class='ocrx_word' id='word_1_104' title='bbox 794 1637 902 1705; x_wconf 87' lang='grc'>33.</span> <span class='ocrx_word' id='word_1_105' title='bbox 950 1640 986 1724; x_wconf 66' lang='grc' dir='ltr'>ἓ</span> <span class='ocrx_word' id='word_1_106' title='bbox 1033 1637 1095 1704; x_wconf 80' lang='lat'>2.</span> <span class='ocrx_word' id='word_1_107' title='bbox 1159 1637 1333 1705; x_wconf 84' lang='lat' dir='ltr'>Solet</span> <span class='ocrx_word' id='word_1_108' title='bbox 1380 1638 1616 1706; x_wconf 78' lang='lat' dir='ltr'><strong>Seneca</strong></span> <span class='ocrx_word' id='word_1_109' title='bbox 1662 1639 1937 1727; x_wconf 78' lang='lat' dir='ltr'>singulis</span> <span class='ocrx_word' id='word_1_110' title='bbox 1982 1640 2270 1726; x_wconf 86' lang='lat' dir='ltr'>epistolis</span> <span class='ocrx_word' id='word_1_111' title='bbox 2313 1639 2605 1728; x_wconf 74' lang='lat' dir='ltr'>singulas</span> <span class='ocrx_word' id='word_1_112' title='bbox 2651 1644 2914 1706; x_wconf 79' lang='lat' dir='ltr'>inserere</span> 
     </span>
     <span class='ocr_line' id='line_1_13' title="bbox 534 1745 2913 1833; baseline 0 -22"><span class='ocrx_word' id='word_1_113' title='bbox 534 1748 910 1824; x_wconf 79' lang='lat' dir='ltr'>sententias,</span> <span class='ocrx_word' id='word_1_114' title='bbox 975 1766 1009 1811; x_wconf 93' lang='lat' dir='ltr'>e</span> <span class='ocrx_word' id='word_1_115' title='bbox 1065 1745 1425 1831; x_wconf 83' lang='lat' dir='ltr'>philosophi</span> <span class='ocrx_word' id='word_1_116' title='bbox 1473 1746 1807 1812; x_wconf 80' lang='lat' dir='ltr'>cuiusdam</span> <span class='ocrx_word' id='word_1_117' title='bbox 1826 1793 1843 1823; x_wconf 88' lang='lat'><em>,</em></span> <span class='ocrx_word' id='word_1_118' title='bbox 1894 1746 2270 1833; x_wconf 86' lang='lat' dir='ltr'>plerumque</span> <span class='ocrx_word' id='word_1_119' title='bbox 2320 1746 2583 1833; x_wconf 84' lang='lat' dir='ltr'>Epicuri</span> <span class='ocrx_word' id='word_1_120' title='bbox 2603 1794 2620 1825; x_wconf 91' lang='lat'>,</span> <span class='ocrx_word' id='word_1_121' title='bbox 2670 1748 2913 1831; x_wconf 81' lang='lat' dir='ltr'>scriptis</span> 
     </span>
     <span class='ocr_line' id='line_1_14' title="bbox 538 1852 2915 1939; baseline 0 -21"><span class='ocrx_word' id='word_1_122' title='bbox 538 1853 862 1918; x_wconf 81' lang='lat' dir='ltr'>desumtas</span> <span class='ocrx_word' id='word_1_123' title='bbox 887 1902 901 1928; x_wconf 88' lang='lat'>,</span> <span class='ocrx_word' id='word_1_124' title='bbox 980 1872 1141 1937; x_wconf 81' lang='lat' dir='ltr'>quae</span> <span class='ocrx_word' id='word_1_125' title='bbox 1196 1854 1405 1937; x_wconf 90' lang='lat' dir='ltr'>ipsum</span> <span class='ocrx_word' id='word_1_126' title='bbox 1473 1852 1993 1931; x_wconf 80' lang='lat' dir='ltr'>delectavissent‚</span> <span class='ocrx_word' id='word_1_127' title='bbox 2058 1875 2342 1939; x_wconf 74' lang='lat' dir='ltr'>quaeque</span> <span class='ocrx_word' id='word_1_128' title='bbox 2404 1854 2654 1932; x_wconf 70' lang='grc' dir='ltr'>ἑρμαίαν</span> <span class='ocrx_word' id='word_1_129' title='bbox 2725 1856 2915 1918; x_wconf 72' lang='lat' dir='ltr'>instar</span> 
     </span>
     <span class='ocr_line' id='line_1_15' title="bbox 537 1958 2914 2044; baseline 0 -21"><span class='ocrx_word' id='word_1_130' title='bbox 537 1979 685 2024; x_wconf 91' lang='lat' dir='ltr'>cum</span> <span class='ocrx_word' id='word_1_131' title='bbox 735 1958 984 2024; x_wconf 89' lang='lat' dir='ltr'>Lucilio</span> <span class='ocrx_word' id='word_1_132' title='bbox 1020 1977 1137 2023; x_wconf 89' lang='lat' dir='ltr'>suo</span> <span class='ocrx_word' id='word_1_133' title='bbox 1174 1959 1625 2023; x_wconf 74' lang='lat' dir='ltr'>communicat.</span> <span class='ocrx_word' id='word_1_134' title='bbox 1682 1958 1784 2041; x_wconf 85' lang='lat' dir='ltr'>„N</span> <span class='ocrx_word' id='word_1_135' title='bbox 1787 1959 1922 2043; x_wconf 88' lang='lat' dir='ltr'>olo,</span> <span class='ocrx_word' id='word_1_136' title='bbox 1962 1960 2175 2044; x_wconf 88' lang='lat' dir='ltr'>inquit</span> <span class='ocrx_word' id='word_1_137' title='bbox 2215 1959 2361 2025; x_wconf 80' lang='lat' dir='ltr'>illas</span> <span class='ocrx_word' id='word_1_138' title='bbox 2398 1960 2660 2044; x_wconf 79' lang='lat' dir='ltr'>Epicuri</span> <span class='ocrx_word' id='word_1_139' title='bbox 2703 1960 2914 2025; x_wconf 82' lang='lat' dir='ltr'>existi·</span> 
     </span>
     <span class='ocr_line' id='line_1_16' title="bbox 536 2062 2914 2153; baseline -0 -23"><span class='ocrx_word' id='word_1_140' title='bbox 536 2087 670 2130; x_wconf 89' lang='lat' dir='ltr'>mes</span> <span class='ocrx_word' id='word_1_141' title='bbox 732 2084 897 2129; x_wconf 84' lang='lat' dir='ltr'>esse:</span> <span class='ocrx_word' id='word_1_142' title='bbox 951 2065 1232 2148; x_wconf 75' lang='lat' dir='ltr'>publicae</span> <span class='ocrx_word' id='word_1_143' title='bbox 1278 2071 1419 2128; x_wconf 62' lang='lat' dir='ltr'>aaut</span> <span class='ocrx_word' id='word_1_144' title='bbox 1467 2072 1524 2128; x_wconf 74' lang='lat' dir='ltr'>et</span> <span class='ocrx_word' id='word_1_145' title='bbox 1564 2066 1818 2129; x_wconf 71' lang='lat' dir='ltr'>maa-ime</span> <span class='ocrx_word' id='word_1_146' title='bbox 1861 2065 2163 2130; x_wconf 45' lang='lat' dir='ltr'>nostrae?</span> <span class='ocrx_word' id='word_1_147' title='bbox 2257 2062 2389 2132; x_wconf 87' lang='lat' dir='ltr'>Cur</span> <span class='ocrx_word' id='word_1_148' title='bbox 2438 2068 2700 2153; x_wconf 78' lang='lat' dir='ltr'>egregie</span> <span class='ocrx_word' id='word_1_149' title='bbox 2751 2066 2914 2131; x_wconf 77' lang='lat' dir='ltr'>dicta</span> 
     </span>
     <span class='ocr_line' id='line_1_17' title="bbox 537 2154 2910 2259; baseline 0 -23"><span class='ocrx_word' id='word_1_150' title='bbox 537 2172 848 2259; x_wconf 81' lang='lat' dir='ltr'>Epicurea</span> <span class='ocrx_word' id='word_1_151' title='bbox 892 2168 1165 2235; x_wconf 77' lang='lat' dir='ltr'>Senecae</span> <span class='ocrx_word' id='word_1_152' title='bbox 1212 2172 1423 2257; x_wconf 79' lang='lat' dir='ltr'>magis</span> <span class='ocrx_word' id='word_1_153' title='bbox 1468 2170 1773 2247; x_wconf 86' lang='lat' dir='ltr'>fuissent,</span> <span class='ocrx_word' id='word_1_154' title='bbox 1818 2192 2010 2256; x_wconf 82' lang='lat' dir='ltr'>quam</span> <span class='ocrx_word' id='word_1_155' title='bbox 2061 2171 2370 2245; x_wconf 76' lang='lat' dir='ltr'>aliorum,</span> <span class='ocrx_word' id='word_1_156' title='bbox 2433 2192 2556 2237; x_wconf 92' lang='lat' dir='ltr'>non</span> <span class='ocrx_word' id='word_1_157' title='bbox 2619 2154 2910 2257; x_wconf 56' lang='lat' dir='ltr'>appetet,</span> 
     </span>
     <span class='ocr_line' id='line_1_18' title="bbox 534 2275 2912 2364; baseline -0.001 -21"><span class='ocrx_word' id='word_1_158' title='bbox 534 2280 868 2364; x_wconf 82' lang='lat' dir='ltr'>praecipue</span> <span class='ocrx_word' id='word_1_159' title='bbox 914 2297 1107 2361; x_wconf 90' lang='lat' dir='ltr'>quum</span> <span class='ocrx_word' id='word_1_160' title='bbox 1159 2296 1236 2341; x_wconf 90' lang='lat' dir='ltr'>ne</span> <span class='ocrx_word' id='word_1_161' title='bbox 1281 2276 1416 2360; x_wconf 88' lang='lat' dir='ltr'>ipse</span> <span class='ocrx_word' id='word_1_162' title='bbox 1461 2275 1719 2361; x_wconf 87' lang='lat' dir='ltr'>quidem</span> <span class='ocrx_word' id='word_1_163' title='bbox 1767 2297 1833 2342; x_wconf 88' lang='lat' dir='ltr'>se</span> <span class='ocrx_word' id='word_1_164' title='bbox 1879 2277 2132 2361; x_wconf 84' lang='lat' dir='ltr'>Epicuri</span> <span class='ocrx_word' id='word_1_165' title='bbox 2185 2283 2560 2343; x_wconf 80' lang='lat' dir='ltr'>sectatorem</span> <span class='ocrx_word' id='word_1_166' title='bbox 2626 2276 2912 2360; x_wconf 78' lang='lat' dir='ltr'>profitea-</span> 
     </span>
     <span class='ocr_line' id='line_1_19' title="bbox 535 2382 2914 2470; baseline 0.002 -22"><span class='ocrx_word' id='word_1_167' title='bbox 535 2392 657 2449; x_wconf 84' lang='lat' dir='ltr'>tur.</span> <span class='ocrx_word' id='word_1_168' title='bbox 736 2383 1148 2470; x_wconf 84' lang='lat' dir='ltr'>Legendum:</span> <span class='ocrx_word' id='word_1_169' title='bbox 1206 2382 1483 2465; x_wconf 79' lang='lat' dir='ltr'>publicae</span> <span class='ocrx_word' id='word_1_170' title='bbox 1542 2394 1685 2447; x_wconf 72' lang='lat' dir='ltr'>eunt</span> <span class='ocrx_word' id='word_1_171' title='bbox 1730 2391 1790 2447; x_wconf 75' lang='lat' dir='ltr'>et</span> <span class='ocrx_word' id='word_1_172' title='bbox 1832 2400 1962 2448; x_wconf 76' lang='lat' dir='ltr'>olm</span> <span class='ocrx_word' id='word_1_173' title='bbox 2006 2384 2256 2449; x_wconf 59' lang='lat' dir='ltr'>masiae</span> <span class='ocrx_word' id='word_1_174' title='bbox 2301 2392 2559 2448; x_wconf 72' lang='lat' dir='ltr'>nostrae.</span> <span class='ocrx_word' id='word_1_175' title='bbox 2632 2382 2914 2453; x_wconf 83' lang='lat' dir='ltr'>Philoso-</span> 
     </span>
     <span class='ocr_line' id='line_1_20' title="bbox 534 2487 2916 2574; baseline 0 -21"><span class='ocrx_word' id='word_1_176' title='bbox 534 2488 806 2573; x_wconf 82' lang='lat' dir='ltr'>phorum</span> <span class='ocrx_word' id='word_1_177' title='bbox 870 2491 1219 2554; x_wconf 75' lang='lat' dir='ltr'>sententiae</span> <span class='ocrx_word' id='word_1_178' title='bbox 1279 2487 1538 2572; x_wconf 81' lang='lat' dir='ltr'>publica</span> <span class='ocrx_word' id='word_1_179' title='bbox 1599 2488 1756 2554; x_wconf 80' lang='lat' dir='ltr'>bona</span> <span class='ocrx_word' id='word_1_180' title='bbox 1819 2497 2006 2564; x_wconf 88' lang='lat' dir='ltr'>sunt,</span> <span class='ocrx_word' id='word_1_181' title='bbox 2069 2489 2366 2555; x_wconf 83' lang='lat' dir='ltr'>om‘nibus</span> <span class='ocrx_word' id='word_1_182' title='bbox 2414 2491 2816 2574; x_wconf 80' lang='lat' dir='ltr'>temporibus</span> <span class='ocrx_word' id='word_1_183' title='bbox 2860 2494 2916 2555; x_wconf 85' lang='lat' dir='ltr'>et</span> 
     </span>
     <span class='ocr_line' id='line_1_21' title="bbox 532 2594 2915 2680; baseline -0.002 -20"><span class='ocrx_word' id='word_1_184' title='bbox 532 2595 901 2661; x_wconf 86' lang='lat' dir='ltr'>hominibus</span> <span class='ocrx_word' id='word_1_185' title='bbox 945 2594 1347 2678; x_wconf 79' lang='lat' dir='ltr'>communia,</span> <span class='ocrx_word' id='word_1_186' title='bbox 1382 2617 1501 2678; x_wconf 78' lang='lat' dir='ltr'>per</span> <span class='ocrx_word' id='word_1_187' title='bbox 1544 2597 1704 2680; x_wconf 76' lang='lat' dir='ltr'>quod</span> <span class='ocrx_word' id='word_1_188' title='bbox 1745 2595 1867 2677; x_wconf 63' lang='lat' dir='ltr'>ipsi</span> <span class='ocrx_word' id='word_1_189' title='bbox 1913 2606 2136 2678; x_wconf 71' lang='lat' dir='ltr'>tempus</span> <span class='ocrx_word' id='word_1_190' title='bbox 2180 2595 2432 2661; x_wconf 69' lang='lat' dir='ltr'>vivimus</span> <span class='ocrx_word' id='word_1_191' title='bbox 2485 2602 2693 2661; x_wconf 70' lang='lat' dir='ltr'>nostra</span> <span class='ocrx_word' id='word_1_192' title='bbox 2763 2601 2915 2659; x_wconf 68' lang='lat' dir='ltr'>eunt.</span> 
     </span>
    </p>
   </div>
   <div class='ocr_carea' id='block_1_4' title="bbox 533 2803 2918 3743">
    <p class='ocr_par' dir='ltr' id='par_1_4' title="bbox 533 2803 2918 3743">
     <span class='ocr_line' id='line_1_22' title="bbox 626 2803 2913 2892; baseline 0 -20"><span class='ocrx_word' id='word_1_193' title='bbox 626 2805 743 2892; x_wconf 76' lang='lat' dir='ltr'>Ep.</span> <span class='ocrx_word' id='word_1_194' title='bbox 807 2803 914 2872; x_wconf 83' lang='lat'>33.</span> <span class='ocrx_word' id='word_1_195' title='bbox 978 2807 1017 2890; x_wconf 63' lang='lat' dir='ltr'>g</span> <span class='ocrx_word' id='word_1_196' title='bbox 1064 2804 1126 2872; x_wconf 82' lang='lat'>7.</span> <span class='ocrx_word' id='word_1_197' title='bbox 1191 2805 1503 2872; x_wconf 85' lang='lat' dir='ltr'>Puerulos</span> <span class='ocrx_word' id='word_1_198' title='bbox 1567 2806 1748 2872; x_wconf 87' lang='lat' dir='ltr'>decet</span> <span class='ocrx_word' id='word_1_199' title='bbox 1809 2806 2085 2873; x_wconf 80' lang='lat' dir='ltr'>ediscere</span> <span class='ocrx_word' id='word_1_200' title='bbox 2145 2809 2490 2874; x_wconf 78' lang='lat' dir='ltr'>sententies</span> <span class='ocrx_word' id='word_1_201' title='bbox 2552 2812 2616 2872; x_wconf 88' lang='lat' dir='ltr'>et</span> <span class='ocrx_word' id='word_1_202' title='bbox 2662 2827 2699 2871; x_wconf 85' lang='lat' dir='ltr'>e</span> <span class='ocrx_word' id='word_1_203' title='bbox 2748 2828 2913 2875; x_wconf 85' lang='lat' dir='ltr'>com·</span> 
     </span>
     <span class='ocr_line' id='line_1_23' title="bbox 537 2911 2916 2999; baseline 0 -22"><span class='ocrx_word' id='word_1_204' title='bbox 537 2915 848 2979; x_wconf 71' lang='lat' dir='ltr'>monterio</span> <span class='ocrx_word' id='word_1_205' title='bbox 912 2930 1129 2998; x_wconf 80' lang='lat' dir='ltr'>sapere</span> <span class='ocrx_word' id='word_1_206' title='bbox 1148 2962 1165 2997; x_wconf 88' lang='lat'>,</span> <span class='ocrx_word' id='word_1_207' title='bbox 1225 2914 1364 2978; x_wconf 85' lang='lat' dir='ltr'>viro</span> <span class='ocrx_word' id='word_1_208' title='bbox 1409 2932 1482 2978; x_wconf 76' lang='lat' dir='ltr'>ac</span> <span class='ocrx_word' id='word_1_209' title='bbox 1527 2914 1664 2978; x_wconf 86' lang='lat' dir='ltr'>seni</span> <span class='ocrx_word' id='word_1_210' title='bbox 1713 2918 1896 2999; x_wconf 84' lang='lat' dir='ltr'>turpe</span> <span class='ocrx_word' id='word_1_211' title='bbox 1944 2920 2056 2979; x_wconf 87' lang='lat' dir='ltr'>est.</span> <span class='ocrx_word' id='word_1_212' title='bbox 2110 2913 2294 2991; x_wconf 89' lang='lat' dir='ltr'>„Hoc</span> <span class='ocrx_word' id='word_1_213' title='bbox 2337 2911 2548 2979; x_wconf 82' lang='lat' dir='ltr'>Zenon</span> <span class='ocrx_word' id='word_1_214' title='bbox 2596 2914 2797 2979; x_wconf 76' lang='lat' dir='ltr'>dixit:</span> <span class='ocrx_word' id='word_1_215' title='bbox 2851 2922 2916 2978; x_wconf 88' lang='lat' dir='ltr'>tu</span> 
     </span>
     <span class='ocr_line' id='line_1_24' title="bbox 539 3015 2917 3106; baseline -0.001 -21"><span class='ocrx_word' id='word_1_216' title='bbox 539 3017 777 3105; x_wconf 66' lang='lat' dir='ltr'>„quid‘f</span> <span class='ocrx_word' id='word_1_217' title='bbox 836 3019 954 3084; x_wconf 89' lang='lat' dir='ltr'>hoc</span> <span class='ocrx_word' id='word_1_218' title='bbox 1015 3015 1381 3085; x_wconf 81' lang='lat' dir='ltr'>Cleanthes:</span> <span class='ocrx_word' id='word_1_219' title='bbox 1449 3025 1521 3083; x_wconf 91' lang='lat' dir='ltr'>tu</span> <span class='ocrx_word' id='word_1_220' title='bbox 1584 3016 1782 3102; x_wconf 77' lang='lat' dir='ltr'>quid?</span> <span class='ocrx_word' id='word_1_221' title='bbox 1842 3042 2136 3106; x_wconf 76' lang='lat' dir='ltr'>quousque</span> <span class='ocrx_word' id='word_1_222' title='bbox 2182 3022 2288 3084; x_wconf 70' lang='lat' dir='ltr'>cub</span> <span class='ocrx_word' id='word_1_223' title='bbox 2335 3022 2458 3085; x_wconf 78' lang='lat' dir='ltr'>alio</span> <span class='ocrx_word' id='word_1_224' title='bbox 2507 3021 2813 3085; x_wconf 72' lang='lat' dir='ltr'>moueri-5?</span> <span class='ocrx_word' id='word_1_225' title='bbox 2857 3026 2917 3086; x_wconf 81' lang='lat' dir='ltr'>et</span> 
     </span>
     <span class='ocr_line' id='line_1_25' title="bbox 541 3124 2915 3211; baseline 0.001 -20"><span class='ocrx_word' id='word_1_226' title='bbox 541 3130 825 3211; x_wconf 80' lang='lat' dir='ltr'>„impera</span> <span class='ocrx_word' id='word_1_227' title='bbox 894 3130 959 3191; x_wconf 86' lang='lat' dir='ltr'>et</span> <span class='ocrx_word' id='word_1_228' title='bbox 1027 3124 1128 3189; x_wconf 91' lang='lat' dir='ltr'>dic</span> <span class='ocrx_word' id='word_1_229' title='bbox 1197 3125 1361 3211; x_wconf 91' lang='lat' dir='ltr'>quod</span> <span class='ocrx_word' id='word_1_230' title='bbox 1431 3127 1778 3191; x_wconf 77' lang='lat' dir='ltr'>memoriae</span> <span class='ocrx_word' id='word_1_231' title='bbox 1851 3126 2171 3211; x_wconf 76' lang='lat' dir='ltr'>tradatur,</span> <span class='ocrx_word' id='word_1_232' title='bbox 2245 3126 2491 3211; x_wconf 78' lang='lat' dir='ltr'>aliquid</span> <span class='ocrx_word' id='word_1_233' title='bbox 2555 3135 2621 3192; x_wconf 87' lang='lat' dir='ltr'>et</span> <span class='ocrx_word' id='word_1_234' title='bbox 2681 3126 2764 3193; x_wconf 91' lang='lat' dir='ltr'>de</span> <span class='ocrx_word' id='word_1_235' title='bbox 2812 3135 2915 3193; x_wconf 89' lang='lat' dir='ltr'>tuo</span> 
     </span>
     <span class='ocr_line' id='line_1_26' title="bbox 534 3231 2916 3318; baseline 0 -21"><span class='ocrx_word' id='word_1_236' title='bbox 534 3231 797 3318; x_wconf 81' lang='lat' dir='ltr'>profer.&#39;&#39;</span> <span class='ocrx_word' id='word_1_237' title='bbox 890 3232 1005 3295; x_wconf 82' lang='lat' dir='ltr'>Sub</span> <span class='ocrx_word' id='word_1_238' title='bbox 1067 3233 1191 3296; x_wconf 71' lang='lat' dir='ltr'>alio</span> <span class='ocrx_word' id='word_1_239' title='bbox 1253 3233 1506 3315; x_wconf 78' lang='lat' dir='ltr'>moveri,</span> <span class='ocrx_word' id='word_1_240' title='bbox 1571 3232 1720 3316; x_wconf 90' lang='lat' dir='ltr'>quid</span> <span class='ocrx_word' id='word_1_241' title='bbox 1789 3234 1911 3315; x_wconf 86' lang='lat' dir='ltr'>sit,</span> <span class='ocrx_word' id='word_1_242' title='bbox 1974 3253 2162 3299; x_wconf 88' lang='lat' dir='ltr'>nemo</span> <span class='ocrx_word' id='word_1_243' title='bbox 2207 3232 2395 3299; x_wconf 76' lang='lat' dir='ltr'>facile</span> <span class='ocrx_word' id='word_1_244' title='bbox 2443 3233 2699 3301; x_wconf 79' lang='lat' dir='ltr'>dixerit.</span> <span class='ocrx_word' id='word_1_245' title='bbox 2798 3233 2916 3314; x_wconf 84' lang='lat' dir='ltr'>Qui</span> 
     </span>
     <span class='ocr_line' id='line_1_27' title="bbox 536 3337 2918 3427; baseline 0.001 -23"><span class='ocrx_word' id='word_1_246' title='bbox 536 3340 825 3422; x_wconf 73' lang='lat' dir='ltr'>sequitur</span> <span class='ocrx_word' id='word_1_247' title='bbox 875 3356 1020 3405; x_wconf 82' lang='lat' dir='ltr'>vero</span> <span class='ocrx_word' id='word_1_248' title='bbox 1067 3340 1522 3424; x_wconf 78' lang='lat' dir='ltr'>imperativus3</span> <span class='ocrx_word' id='word_1_249' title='bbox 1571 3344 1831 3422; x_wconf 75' lang='lat' dir='ltr'>impera,</span> <span class='ocrx_word' id='word_1_250' title='bbox 1878 3337 2234 3405; x_wconf 87' lang='lat' dir='ltr'>luculenter</span> <span class='ocrx_word' id='word_1_251' title='bbox 2281 3339 2500 3424; x_wconf 88' lang='lat' dir='ltr'>docet,</span> <span class='ocrx_word' id='word_1_252' title='bbox 2546 3340 2699 3425; x_wconf 92' lang='lat' dir='ltr'>quid</span> <span class='ocrx_word' id='word_1_253' title='bbox 2746 3361 2918 3427; x_wconf 79' lang='lat' dir='ltr'>prse-</span> 
     </span>
     <span class='ocr_line' id='line_1_28' title="bbox 533 3442 2916 3532; baseline 0.001 -22"><span class='ocrx_word' id='word_1_254' title='bbox 533 3446 830 3510; x_wconf 81' lang='lat' dir='ltr'>cesserit:</span> <span class='ocrx_word' id='word_1_255' title='bbox 903 3444 1214 3530; x_wconf 71' lang='lat' dir='ltr'>Quomque</span> <span class='ocrx_word' id='word_1_256' title='bbox 1276 3446 1384 3508; x_wconf 71' lang='lat' dir='ltr'>rub</span> <span class='ocrx_word' id='word_1_257' title='bbox 1428 3446 1551 3509; x_wconf 80' lang='lat' dir='ltr'>abio</span> <span class='ocrx_word' id='word_1_258' title='bbox 1599 3463 1732 3510; x_wconf 77' lang='lat' dir='ltr'>mm</span> <span class='ocrx_word' id='word_1_259' title='bbox 1780 3442 2024 3511; x_wconf 71' lang='lat' dir='ltr'>onus?</span> <span class='ocrx_word' id='word_1_260' title='bbox 2070 3461 2308 3512; x_wconf 71' lang='lat' dir='ltr'>mm</span> <span class='ocrx_word' id='word_1_261' title='bbox 2358 3455 2414 3511; x_wconf 72' lang='lat' dir='ltr'>et</span> <span class='ocrx_word' id='word_1_262' title='bbox 2460 3448 2558 3511; x_wconf 76' lang='lat' dir='ltr'>dic</span> <span class='ocrx_word' id='word_1_263' title='bbox 2603 3449 2765 3532; x_wconf 69' lang='lat' dir='ltr'>quod</span> <span class='ocrx_word' id='word_1_264' title='bbox 2809 3470 2916 3513; x_wconf 72' lang='lat' dir='ltr'>nne-</span> 
     </span>
     <span class='ocr_line' id='line_1_29' title="bbox 536 3549 2917 3637; baseline 0.002 -22"><span class='ocrx_word' id='word_1_265' title='bbox 536 3551 757 3616; x_wconf 81' lang='lat' dir='ltr'>moriae</span> <span class='ocrx_word' id='word_1_266' title='bbox 803 3551 1098 3615; x_wconf 74' lang='lat' dir='ltr'>tradatur.</span> <span class='ocrx_word' id='word_1_267' title='bbox 1195 3549 1347 3616; x_wconf 82' lang='lat' dir='ltr'>Noli</span> <span class='ocrx_word' id='word_1_268' title='bbox 1393 3571 1645 3637; x_wconf 86' lang='lat' dir='ltr'>semper</span> <span class='ocrx_word' id='word_1_269' title='bbox 1691 3552 1756 3615; x_wconf 91' lang='lat' dir='ltr'>in</span> <span class='ocrx_word' id='word_1_270' title='bbox 1803 3551 1996 3617; x_wconf 81' lang='lat' dir='ltr'>verba</span> <span class='ocrx_word' id='word_1_271' title='bbox 2044 3549 2250 3618; x_wconf 78' lang='lat' dir='ltr'>aliens</span> <span class='ocrx_word' id='word_1_272' title='bbox 2298 3553 2506 3619; x_wconf 77' lang='lat' dir='ltr'>iurare</span> <span class='ocrx_word' id='word_1_273' title='bbox 2530 3601 2545 3627; x_wconf 89' lang='lat'><strong>,</strong></span> <span class='ocrx_word' id='word_1_274' title='bbox 2595 3555 2733 3637; x_wconf 87' lang='lat' dir='ltr'>ipse</span> <span class='ocrx_word' id='word_1_275' title='bbox 2794 3554 2917 3618; x_wconf 80' lang='lat' dir='ltr'>tuis</span> 
     </span>
     <span class='ocr_line' id='line_1_30' title="bbox 535 3654 1344 3743; baseline -0.005 -18"><span class='ocrx_word' id='word_1_276' title='bbox 535 3658 836 3742; x_wconf 79' lang='lat' dir='ltr'>auspiciis</span> <span class='ocrx_word' id='word_1_277' title='bbox 881 3654 1126 3723; x_wconf 86' lang='lat' dir='ltr'>bellum</span> <span class='ocrx_word' id='word_1_278' title='bbox 1173 3676 1344 3743; x_wconf 79' lang='lat' dir='ltr'>gere.</span> 
     </span>
    </p>
   </div>
   <div class='ocr_carea' id='block_1_5' title="bbox 533 3863 2912 4485">
    <p class='ocr_par' dir='ltr' id='par_1_5' title="bbox 533 3863 2912 4485">
     <span class='ocr_line' id='line_1_31' title="bbox 628 3863 2912 3953; baseline -0.001 -19"><span class='ocrx_word' id='word_1_279' title='bbox 628 3867 745 3953; x_wconf 82' lang='lat' dir='ltr'>Ep.</span> <span class='ocrx_word' id='word_1_280' title='bbox 796 3866 902 3932; x_wconf 83' lang='lat'>36.</span> <span class='ocrx_word' id='word_1_281' title='bbox 952 3867 988 3951; x_wconf 66' lang='grc' dir='ltr'><strong>ξ</strong></span> <span class='ocrx_word' id='word_1_282' title='bbox 1035 3863 1096 3929; x_wconf 81' lang='grc'>2.</span> <span class='ocrx_word' id='word_1_283' title='bbox 1163 3865 1478 3932; x_wconf 80' lang='lat' dir='ltr'>Hortatur</span> <span class='ocrx_word' id='word_1_284' title='bbox 1536 3866 1862 3932; x_wconf 86' lang='lat' dir='ltr'>Lucilium</span> <span class='ocrx_word' id='word_1_285' title='bbox 1924 3872 2000 3931; x_wconf 89' lang='lat' dir='ltr'>ut</span> <span class='ocrx_word' id='word_1_286' title='bbox 2057 3868 2340 3932; x_wconf 78' lang='lat' dir='ltr'>amioum</span> <span class='ocrx_word' id='word_1_287' title='bbox 2405 3866 2722 3951; x_wconf 73' lang='lat' dir='ltr'>quendem</span> <span class='ocrx_word' id='word_1_288' title='bbox 2744 3917 2761 3950; x_wconf 90' lang='lat'>‚</span> <span class='ocrx_word' id='word_1_289' title='bbox 2809 3866 2912 3952; x_wconf 90' lang='lat' dir='ltr'>qui</span> 
     </span>
     <span class='ocr_line' id='line_1_32' title="bbox 533 3972 2910 4061; baseline -0.002 -19"><span class='ocrx_word' id='word_1_290' title='bbox 533 3976 612 4042; x_wconf 90' lang='lat' dir='ltr'>de</span> <span class='ocrx_word' id='word_1_291' title='bbox 673 3993 937 4040; x_wconf 85' lang='lat' dir='ltr'>munere</span> <span class='ocrx_word' id='word_1_292' title='bbox 998 3973 1361 4058; x_wconf 89' lang='lat' dir='ltr'>deponendo</span> <span class='ocrx_word' id='word_1_293' title='bbox 1425 3979 1490 4038; x_wconf 90' lang='lat' dir='ltr'>et</span> <span class='ocrx_word' id='word_1_294' title='bbox 1548 3972 1614 4037; x_wconf 89' lang='lat' dir='ltr'>in</span> <span class='ocrx_word' id='word_1_295' title='bbox 1665 3976 1869 4039; x_wconf 90' lang='lat' dir='ltr'>otium</span> <span class='ocrx_word' id='word_1_296' title='bbox 1921 3993 1988 4038; x_wconf 90' lang='lat' dir='ltr'>se</span> <span class='ocrx_word' id='word_1_297' title='bbox 2034 3974 2393 4058; x_wconf 88' lang='lat' dir='ltr'>recipiendo</span> <span class='ocrx_word' id='word_1_298' title='bbox 2439 3975 2764 4061; x_wconf 69' lang='lat' dir='ltr'>cogitabat</span> <span class='ocrx_word' id='word_1_299' title='bbox 2785 4021 2804 4049; x_wconf 88' lang='lat'><strong>,</strong></span> <span class='ocrx_word' id='word_1_300' title='bbox 2850 3976 2910 4037; x_wconf 89' lang='lat' dir='ltr'>iu</span> 
     </span>
     <span class='ocr_line' id='line_1_33' title="bbox 537 4076 2909 4167; baseline -0.002 -20"><span class='ocrx_word' id='word_1_301' title='bbox 537 4081 833 4167; x_wconf 88' lang='lat' dir='ltr'>prudenti</span> <span class='ocrx_word' id='word_1_302' title='bbox 895 4078 1006 4143; x_wconf 88' lang='lat' dir='ltr'>illo</span> <span class='ocrx_word' id='word_1_303' title='bbox 1054 4076 1316 4145; x_wconf 89' lang='lat' dir='ltr'>consilio</span> <span class='ocrx_word' id='word_1_304' title='bbox 1364 4077 1711 4144; x_wconf 87' lang='lat' dir='ltr'>confirmet.</span> <span class='ocrx_word' id='word_1_305' title='bbox 1815 4078 1997 4157; x_wconf 82' lang='lat' dir='ltr'>„Non</span> <span class='ocrx_word' id='word_1_306' title='bbox 2047 4085 2173 4155; x_wconf 86' lang='lat' dir='ltr'>est,</span> <span class='ocrx_word' id='word_1_307' title='bbox 2237 4079 2402 4165; x_wconf 90' lang='lat' dir='ltr'>quod</span> <span class='ocrx_word' id='word_1_308' title='bbox 2453 4080 2574 4145; x_wconf 90' lang='lat' dir='ltr'>tibi</span> <span class='ocrx_word' id='word_1_309' title='bbox 2621 4083 2732 4145; x_wconf 87' lang='lat' dir='ltr'>isti</span> <span class='ocrx_word' id='word_1_310' title='bbox 2780 4099 2909 4165; x_wconf 86' lang='lat' dir='ltr'>per-</span> 
     </span>
     <span class='ocr_line' id='line_1_34' title="bbox 538 4181 2908 4270; baseline -0.001 -18"><span class='ocrx_word' id='word_1_311' title='bbox 538 4186 885 4267; x_wconf 79' lang='lat' dir='ltr'>„suadeant</span> <span class='ocrx_word' id='word_1_312' title='bbox 909 4234 924 4261; x_wconf 90' lang='lat'>‚</span> <span class='ocrx_word' id='word_1_313' title='bbox 991 4205 1139 4249; x_wconf 87' lang='lat' dir='ltr'>eum</span> <span class='ocrx_word' id='word_1_314' title='bbox 1198 4204 1337 4250; x_wconf 77' lang='lat' dir='ltr'>esse</span> <span class='ocrx_word' id='word_1_315' title='bbox 1372 4185 1687 4263; x_wconf 83' lang='lat' dir='ltr'>·felicem,</span> <span class='ocrx_word' id='word_1_316' title='bbox 1750 4186 1862 4270; x_wconf 86' lang='lat' dir='ltr'>qui</span> <span class='ocrx_word' id='word_1_317' title='bbox 1925 4205 1964 4251; x_wconf 79' lang='lat' dir='ltr'><strong>a</strong></span> <span class='ocrx_word' id='word_1_318' title='bbox 2028 4185 2255 4251; x_wconf 89' lang='lat' dir='ltr'>multis</span> <span class='ocrx_word' id='word_1_319' title='bbox 2317 4186 2658 4255; x_wconf 67' lang='lat' dir='ltr'>obsidetur:</span> <span class='ocrx_word' id='word_1_320' title='bbox 2705 4188 2793 4252; x_wconf 88' lang='lat' dir='ltr'>sic</span> <span class='ocrx_word' id='word_1_321' title='bbox 2836 4181 2908 4249; x_wconf 82' lang='lat' dir='ltr'>sd</span> 
     </span>
     <span class='ocr_line' id='line_1_35' title="bbox 536 4275 2905 4379; baseline -0 -20"><span class='ocrx_word' id='word_1_322' title='bbox 536 4292 805 4377; x_wconf 74' lang='lat' dir='ltr'>„ill&#39;um,</span> <span class='ocrx_word' id='word_1_323' title='bbox 882 4290 1419 4376; x_wconf 78' lang='lat' dir='ltr'>quemadmodum</span> <span class='ocrx_word' id='word_1_324' title='bbox 1483 4290 1563 4356; x_wconf 81' lang='lat' dir='ltr'>ad</span> <span class='ocrx_word' id='word_1_325' title='bbox 1615 4290 1840 4356; x_wconf 77' lang='lat' dir='ltr'>lacum</span> <span class='ocrx_word' id='word_1_326' title='bbox 1896 4294 2315 4376; x_wconf 82' lang='lat' dir='ltr'>concurritur,</span> <span class='ocrx_word' id='word_1_327' title='bbox 2379 4275 2752 4379; x_wconf 54' lang='lat' dir='ltr'>quem2‚ffiffi</span> <span class='ocrx_word' id='word_1_328' title='bbox 2797 4310 2905 4375; x_wconf 56' lang='lat' dir='ltr'>eff.-</span> 
     </span>
     <span class='ocr_line' id='line_1_36' title="bbox 535 4394 2905 4485; baseline -0.002 -22"><span class='ocrx_word' id='word_1_329' title='bbox 535 4399 881 4478; x_wconf 83' lang='lat' dir='ltr'>„hauriunt</span> <span class='ocrx_word' id='word_1_330' title='bbox 926 4403 991 4462; x_wconf 87' lang='lat' dir='ltr'>et</span> <span class='ocrx_word' id='word_1_331' title='bbox 1032 4395 1347 4462; x_wconf 77' lang='lat' dir='ltr'>turbant.”</span> <span class='ocrx_word' id='word_1_332' title='bbox 1438 4394 1639 4461; x_wconf 82' lang='lat' dir='ltr'>Nulla</span> <span class='ocrx_word' id='word_1_333' title='bbox 1674 4395 1970 4463; x_wconf 80' lang='lat' dir='ltr'>facundis</span> <span class='ocrx_word' id='word_1_334' title='bbox 1988 4445 2007 4481; x_wconf 88' lang='lat'>,</span> <span class='ocrx_word' id='word_1_335' title='bbox 2047 4399 2298 4483; x_wconf 90' lang='lat' dir='ltr'>opinor,</span> <span class='ocrx_word' id='word_1_336' title='bbox 2345 4399 2626 4484; x_wconf 75' lang='lat' dir='ltr'>cuipiam</span> <span class='ocrx_word' id='word_1_337' title='bbox 2663 4413 2905 4485; x_wconf 77' lang='lat' dir='ltr'>persus·</span> 
     </span>
    </p>
   </div>
  </div>
 </body>
</html>
