3192 5017
1186 276 1687 326 Ams'rorumas.
2499 256 2629 322 363

245 446 433 531 phani
498 445 688 511 libuit
749 447 1130 513 inurbanum
1194 468 1360 529 esse,
1426 448 1492 511 id
1558 446 1724 511 nihil
1788 446 1866 511 ad
1915 466 2027 512 nos
2071 450 2137 510 et
2184 447 2618 530 quaerendum

249 554 458 636 potius
501 550 839 636 aliquando
887 538 1042 631 erit,
1091 574 1171 617 an
1221 552 1378 619 forte
1426 551 1729 620 Cratinus
1776 558 1928 618 tunc
1976 551 2222 637 aliquot
2269 554 2449 619 annis
2512 555 2635 618 mi·

248 679 357 723 nor
426 658 619 723 fuerit
688 678 877 742 quam
950 657 1143 740 vulgo
1216 660 1494 724 creditur
1563 680 1717 725 esse.
1810 657 2057 724 Verum
2123 657 2382 724 laudata
2438 659 2630 725 verba

249 763 399 849 quid
446 761 849 850 significant?
895 764 1239 851 Eleganter
1288 764 1667 831 Wielandus
1714 766 2164 849 interpretatus
2202 768 2330 829 est:
2376 765 2457 829 da
2490 766 2630 842 ihm,

247 870 354 934 vie
392 871 557 934 einer
599 872 762 946 alten
808 871 1008 947 Leia,
1059 871 1160 935 die
1221 870 1297 935 W
1290 872 1443 935 irbel
1484 871 1860 958 amqesallen
1906 871 2078 948 sind,
2131 871 2258 934 und
2300 893 2366 935 er
2421 871 2634 935 keinen

249 977 449 1058 Klany
515 977 676 1041 mehr
734 978 873 1061 hat,
938 978 1067 1041 und
1122 977 1222 1041 die
1279 977 1488 1058 Fuyen
1534 1000 1646 1041 aue
1691 977 1980 1042 einander
2023 976 2150 1040 sich
2187 981 2438 1058 qeqeben
2458 1025 2476 1061 ,
2524 976 2635 1042 sed

252 1088 362 1147 τῶν
410 1081 704 1161 άρμονιῶν
752 1085 1223 1163 διαχασκουσῶν
1273 1083 1425 1168 quid
1473 1087 1705 1148 attinet
1752 1083 1995 1167 dicere,
2045 1084 2240 1149 etiam
2289 1083 2406 1154 τάς
2457 1080 2634 1157 ἠλέκ-

251 1212 417 1267 τρους
480 1189 829 1254 identidem
891 1209 1014 1255 non
1080 1189 1541 1253 ἐκπεπτωκέναι
1608 1190 1718 1254 sed
1766 1189 2125 1272 ἐκπίπτειν,
2174 1208 2373 1273 quum
2423 1194 2636 1254 tamen

251 1315 465 1360 earnm
515 1293 733 1360 nullus
778 1316 932 1359 usus
981 1298 1177 1380 possit
1224 1316 1357 1361 esse
1399 1297 1465 1360 in
1505 1295 1682 1382 lyra,
1728 1297 1910 1360 cuius
1949 1314 2288 1382 compages
2328 1292 2635 1360 dissoluta

250 1397 376 1464 sit?
443 1399 686 1466 Melius
749 1405 916 1466 certe
976 1400 1103 1466 hue
1150 1401 1454 1485 quadrat:
1504 1408 1624 1466 τῶν
1695 1399 1748 1465 θ’
1798 1400 2093 1480 άρμονιῶν
2142 1400 2638 1465 διαλασκου-

252 1513 430 1590 σῶν,
489 1508 533 1572 i.
585 1526 637 1571 e.
700 1506 1157 1591 διαφωνουσῶν,
1225 1507 1381 1571 dum
1412 1584 1419 1589 .
1446 1506 1796 1573 claviculae
1860 1508 2200 1572 remittunt
2261 1511 2325 1572 et
2370 1505 2640 1573 chordae

250 1610 564 1678 laxantur.
632 1610 1033 1692 Ἀναρμοςεῖν
1082 1617 1148 1678 et
1194 1613 1523 1693 διαφωνεῖν
1568 1615 1928 1700 iunguntur
1973 1611 2140 1697 apud
2188 1609 2525 1678 Platonem
2571 1613 2637 1676 in

249 1715 497 1806 Gorgia
544 1716 677 1782 482
724 1717 798 1783 Β.

337 1933 432 1999 De
487 1929 741 1998 Oratete
788 1930 1070 2020 legimus
1121 1952 1213 2010 vs,
1265 1930 1428 1997 539:

434 2032 502 2110 ὃς
548 2037 677 2102 άπὸ
725 2041 987 2116 σμικράς
1035 2037 1318 2113 δαπάνης
1369 2039 1534 2114 ὑμᾶς
1581 2036 1861 2119 άριτίζων
1909 2037 2324 2119 ἀπέπεμπεν,

433 2146 566 2211 άπὸ
608 2142 1201 2224 κραμβοτάτου
1241 2145 1510 2221 ςόματος
1553 2143 1812 2219 μάττων
1847 2145 2222 2218 άςειοτάτας
2259 2145 2549 2216 ἐπινοίας.

256 2248 380 2315 Hic
441 2270 670 2336 operae
730 2253 1006 2335 pretium
1065 2257 1161 2316 est
1208 2250 1421 2316 videre
1469 2249 1785 2334 quomodo
1832 2251 2205 2336 interpretes
2250 2250 2642 2317 adiectivum

257 2357 698 2437 κραμβότατσς
750 2354 1104 2442 explicent,
1151 2355 1256 2423 vel
1302 2358 1517 2442 potius
1560 2376 1685 2422 non
1734 2363 1828 2421 est
1876 2377 2098 2443 operae
2135 2360 2411 2442 pretium
2433 2404 2452 2435 ,
2493 2376 2644 2422 nam

258 2465 348 2528 ita
418 2463 808 2529 dissentiunt
862 2467 935 2528 ut
993 2461 1350 2547 pericnlum
1413 2463 1533 2538 sit,
1596 2483 1676 2528 ne
1735 2462 2019 2529 discedas
2079 2462 2289 2529 multo
2349 2465 2648 2529 incertior

259 2589 453 2653 quam
529 2574 712 2634 antea
782 2568 1010 2634 fueras.
1105 2566 1204 2632 Ita
1271 2569 1440 2634 enim
1510 2589 1578 2633 se
1635 2588 1734 2634 res
1791 2568 2016 2635 habet:
2084 2568 2340 2635 videtur
2385 2570 2645 2653 quidem

261 2674 705 2753 κραμβοτάτου
767 2675 898 2739 iam
963 2672 1118 2738 olim
1182 2673 1286 2738 hic
1349 2674 1543 2738 fuisse
1607 2673 1886 2757 lectum,
1949 2674 2056 2739 sed
2114 2694 2340 2741 sanum
2388 2695 2645 2740 sensum

258 2801 444 2847 nemo
511 2800 816 2864 umquam
882 2778 1227 2847 extundere
1290 2780 1517 2864 potuit.
1616 2776 2056 2864 Corruptelam
2122 2778 2320 2846 latere
2370 2780 2644 2845 dixerim

261 2895 324 2954 et
382 2909 519 2954 rem
585 2907 702 2951 acu
752 2886 913 2951 mihi
963 2885 1254 2972 tetigisse
1301 2884 1559 2950 videtur
1604 2884 1903 2951 Kiehlius
1949 2905 2169 2961 meus,
2217 2887 2328 2969 qui
2373 2884 2530 2950 olim
2579 2887 2646 2949 in

260 2992 506 3060 Mnem.
555 2991 605 3057 I.
658 3013 720 3077 p.
772 2990 856 3057 49
906 2990 1529 3070 κραμβοφάγου
1577 2991 1878 3076 reposuit.
1927 2990 2069 3057 Non
2108 2996 2204 3056 est
2247 2990 2366 3056 hoc
2390 2991 2646 3075 quidem

260 3118 710 3184 usquequaque
769 3097 1176 3183 expeditum,
1224 3096 1332 3162 sed
1379 3099 1490 3181 qui
1536 3096 1999 3181 Aristophanes
2044 3095 2202 3161 Ran.
2257 3094 2385 3162 357
2436 3093 2646 3162 Grati-

260 3226 414 3270 num
480 3202 879 3285 ταυροφάγον
941 3205 1154 3288 potuit
1213 3201 1561 3288 appellare,
1634 3207 1887 3288 poetam
1949 3202 2157 3268 multo
2224 3204 2538 3268 minorem
2586 3208 2652 3268 et

263 3310 424 3376 nihil
476 3311 555 3376 ad
603 3307 938 3376 Cratinum
985 3307 1453 3391 κραμβοφάγον
1501 3310 1764 3375 fortasse
1812 3308 1995 3374 dixit.
2047 3308 2164 3374 Est
2203 3314 2372 3375 certe
2404 3307 2650 3374 Kiehlii

263 3418 538 3502 suspicio
585 3416 816 3504 digna,
862 3416 939 3481 de
988 3434 1113 3500 qua
1157 3415 1283 3481 viri
1333 3414 1503 3480 docti
1550 3413 1823 3480 ulterius
1871 3420 2197 3499 quaerant.

354 3628 464 3698 Vs.
515 3628 681 3697 756:

627 3740 730 3802 νῦν
775 3737 865 3810 δή
912 3758 980 3799 σε
1029 3733 1243 3799 πάντα
1289 3732 1418 3799 δεῖ
1459 3732 1666 3800 κάλων
1714 3731 1936 3809 ἐξιέναι
1986 3739 2272 3800 σεαυτοῦ.

266 3841 527 3910 Rectius
574 3843 861 3930 legetur:
1797 3890 1804 3895 .

626 3953 724 4013 νῦν
773 3948 899 4013 δεῖ
940 3971 1010 4011 σε
1057 3946 1269 4012 πάντα
1317 3946 1424 4021 δή.
1475 3943 1573 4012 Cf.
1625 3945 1776 4011 Eur.
1825 3944 2000 4013 Med.
2056 3944 2215 4012 278.

362 4163 468 4229 Vs.
518 4162 648 4231 '767
670 4189 683 4231 ;
708 4214 718 4222 -

362 4271 410 4335 εἰ
451 4269 517 4336 δέ
557 4293 625 4334 σε
664 4274 822 4344 μισῶ
863 4268 966 4332 καὶ
1002 4267 1092 4344 μὴ
1116 4264 1252 4346 περὶ
1277 4269 1384 4330 σοῦ
1410 4263 1712 4343 μάχομαι
1737 4261 1917 4341 μόνος
1957 4264 2000 4327 α’
2018 4288 2047 4327 ν
2066 4263 2247 4340 τιβε
2267 4264 2366 4342 fin
2389 4269 2478 4331 κώ
2505 4292 2557 4339 ς.

278 4373 558 4442 Multum
608 4376 874 4441 arridet:
927 4376 1111 4455 άμφ
1132 4371 1378 4451 ιβεβη
1402 4372 1568 4444 κώς.
1619 4368 1892 4437 Causam
1943 4371 2138 4435 vides.
2181 4369 2274 4441 Cf.
2323 4394 2411 4437 ve.
2453 4373 2642 4439 1039.
