3192 5017
1279 276 1516 328 omnm.
2512 250 2600 318 95

303 443 449 509 Pae.
507 442 653 510 146.
750 448 983 513 Ἐκεῖνο
1027 448 1290 532 τήρει,
1338 449 1429 522 μὴ
1477 448 1754 529 σφαλεὶς
1803 457 2149 529 καταρρυῇς

755 556 1049 620 ἐντεῦθεν.

211 651 475 825 Βὲιέἐιω
533 662 910 744 rescriptum
970 662 1253 746 oportuit
1316 667 1593 739 τηροῦ,
1653 663 1694 724 i.
1740 682 1794 726 e.
1843 659 2193 740 φυλάττου.
2254 655 2352 724 Of.
2396 653 2592 743 Vesp.

213 760 249 824 1
395 808 411 826 .

305 977 447 1038 Pac.
497 975 630 1041 544
813 977 1022 1052 πόλεις
1080 1018 1155 1028 -
1205 976 1547 1052 κυάθοις
1597 978 2050 1059 προσκείμεναι.

211 1078 459 1145 Iniuria
519 1091 729 1167 spreta
783 1095 880 1151 est
936 1088 1015 1151 ab
1078 1087 1427 1152 editoribus
1492 1086 1761 1151 duorum
1830 1085 2062 1149 Suidae
2107 1084 2397 1149 codicum
2438 1104 2494 1148 s.
2534 1104 2597 1148 v.

216 1185 691 1266 ὑπωπιασμέναι
772 1192 959 1258 lectio
1006 1190 1385 1264 κυάθους.
1465 1192 1548 1256 Ut
1594 1194 1766 1256 enim
1818 1192 2052 1256 dieitur
2098 1192 2484 1269 περιτίθεμαι
2536 1195 2601 1255 et

215 1295 565 1372 περίκειμαι
628 1297 931 1379 ςέφανον,
993 1304 1085 1365 ita
1132 1299 1531 1378 προστίθεμαι
1580 1305 1646 1364 et
1692 1297 2056 1379 πρόσκειμαι
2107 1295 2342 1363 κυάθου
2389 1299 2600 1363 dieen-

215 1399 370 1463 dnm
422 1408 550 1478 est,
603 1410 674 1468 ut
723 1407 962 1489 opinor.

307 1612 780 1677 Acharneneium
829 1636 922 1680 ve.
977 1616 1010 1680 1
1061 1635 1193 1699 sqq.

670 1721 845 1783 Ὅσα
895 1721 965 1786 δὴ
1016 1720 1322 1799 δέδηγμαι
1372 1723 1481 1795 τὴν
1529 1723 1803 1798 ἐμαυτοῦ
1853 1723 2126 1801 καρδίαν.

670 1822 864 1902 ἥσθην
917 1826 986 1889 δὲ
1035 1828 1232 1904 βαιά
1282 1826 1445 1893 πάνυ
1495 1828 1590 1912 [δὲ
1635 1828 1829 1911 βαιοὶ]
1878 1829 2245 1907 τέτταρα·

685 1923 729 1996 ἃ
776 1932 827 1996 δ’
876 1932 1214 2018 ὠδυνήθην,
1260 1936 2004 2014 ψαμμακοσιογάργαρα.

218 2034 480 2121 Optime
526 2059 725 2123 nuper
772 2037 844 2104 O.
896 2039 1315 2106 Schneiderus
1362 2040 1682 2106 intellexit
1728 2041 2048 2106 ferri-non
2092 2060 2274 2126 posse
2321 2040 2602 2120 τέτταρα

217 2153 594 2226 usurpatum
670 2165 783 2228 pro
851 2168 1117 2212 numero
1186 2147 1371 2213 valde
1435 2149 1669 2234 exiguo
1732 2167 1853 2211 non
1917 2145 2204 2218 definito,
2256 2148 2364 2212 sed
2412 2147 2601 2211 nihili

218 2270 356 2313 esse
419 2250 673 2314 videtur
732 2252 897 2336 quod
961 2254 1179 2338 reponi
1241 2256 1428 2319 iussit
1475 2252 1738 2332 θάτερα.
1791 2252 2044 2338 Optime
2092 2274 2239 2318 vero
2289 2254 2479 2318 habet
2528 2274 2601 2318 eo

219 2375 407 2420 sensu
453 2355 763 2437 τέτταρα,
815 2359 1004 2424 modo
1054 2360 1303 2424 dicatur
1347 2359 1486 2438 τρί’
1530 2360 1564 2434 ἢ
1607 2359 1971 2437 τέτταρα.
2022 2357 2204 2424 Unde
2248 2360 2412 2423 mihi
2453 2364 2604 2423 nata

219 2466 318 2526 est
364 2464 633 2547 suspitio
683 2463 953 2528 alterum
1003 2464 1075 2529 δὲ
1121 2464 1342 2543 βαιά,
1392 2485 1504 2550 pro
1552 2485 1676 2549 quo
1722 2464 2066 2530 Elmeleius
2115 2466 2474 2549 requirebat
2511 2489 2602 2542 γε

217 2570 271 2645 β
281 2570 447 2651 aed,
512 2570 738 2651 prioris
801 2590 934 2634 esse
994 2570 1493 2657 dittographiam
1517 2618 1536 2648 ‚
1599 2574 1945 2657 genuinam
2008 2591 2156 2636 vero
2218 2569 2598 2655 scripturam

217 2674 384 2739 hano
429 2673 657 2738 fuisse:

491 2776 670 2854 ἥσθην
717 2779 780 2844 δὲ
826 2780 988 2856 βαιά
1039 2781 1202 2845 πάνυ
1251 2791 1335 2858 <,
1385 2780 1522 2860 τρί’
1568 2777 1735 2845 ἄττ’
1785 2780 1884 2854 ἣ>
1933 2778 2307 2858 τέτταρα·

314 2994 471 3059 Ach.
524 2993 655 3059 385

449 3099 513 3163 τί
558 3105 767 3163 ταῦτα
815 3100 1059 3179 ςρέφεις
1109 3100 1434 3183 τεχνάζεις
1480 3125 1551 3165 τε
1600 3102 1705 3166 καὶ
1755 3099 2093 3180 πορίζεις
2135 3099 2377 3180 τριβάς.

219 3205 536 3273 Graecum
604 3213 700 3272 eet
761 3207 1048 3288 πορίζει
1111 3207 1365 3286 τριβάς,
1426 3214 1500 3271 ut.
1555 3208 1793 3272 dieitur
1838 3207 2097 3286 λόγους,
2151 3210 2412 3285 σκῆψιν,
2457 3204 2604 3286 πρό-

219 3318 421 3392 φασιν
468 3312 932 3392 πορίζεσθαι,
983 3335 1108 3380 non
1162 3313 1431 3394 πορίζειν.

314 3419 621 3484 Librariie
667 3418 875 3484 fraudi
923 3419 1181 3484 fuerunt
1226 3420 1352 3489 duo
1396 3421 1590 3484 verba
1636 3422 1846 3485 activa
1894 3440 2054 3503 quae
2098 3418 2504 3503 praecedunt.

1206 4069 1293 4117 Al)
1339 4068 1602 4118 teutm.

321 4262 538 4364 Nuper
610 4261 881 4346 (Mnem.
945 4261 1048 4326 IX
1109 4282 1171 4345 p.
1241 4259 1372 4326 380
1436 4263 1600 4346 eqqi)
1671 4259 1749 4324 de
1818 4211 1995 4324 leaeo>
2038 4261 2313 4325 scribens
2355 4260 2613 4349 neglexi

224 4389 416 4456 agere
480 4368 557 4435 de
613 4368 754 4434 loco
802 4374 956 4433 orat.
1005 4367 1060 4431 V
1110 4368 1146 4452 ὅ
1194 4366 1307 4432 39:
1363 4367 1466 4431 τὸν
1517 4367 1740 4431 ἐκείνου
1790 4365 2153 4449 άδελφιδοῦν
2201 4366 2612 4449 Κηφισόδοτον
