3192 5017
1250 317 1575 368 pommus.
2480 297 2602 365 191

234 490 355 556 Sed
400 512 511 555 cur
550 491 616 556 id
672 490 893 556 consul
953 491 1283 556 Romanus
1345 490 1564 557 fecerit
1627 491 1785 556 duas
1846 493 2232 576 suspiciones
2296 488 2609 577 Polybius

234 599 466 682 profert
522 601 790 663 minime
848 597 1202 683 probabiles
1223 647 1238 671 ‚
1288 599 1519 683 quibus
1540 649 1554 671 ‚
1605 605 1681 662 ut
1727 600 1949 682 opinor
1972 646 1987 671 ,
2030 596 2252 662 licebit
2298 615 2606 682 opponere

236 725 424 768 unam
488 711 549 768 et
608 724 761 768 cum
822 725 1031 768 rerum
1083 710 1310 769 natura
1355 712 1813 791 congruentem
1861 713 1925 769 et
1965 703 2211 769 idoneis
2257 702 2608 767 rationibus

238 813 735 895 testimoniisque
798 809 1254 875 confirmatam.
1350 808 1583 876 Scribit
1644 809 1988 897 Polybius:
2053 809 2283 887 πότερα
2332 810 2394 872 δὲ
2441 809 2609 871 τοῦτ’

240 918 413 980 ἐποίει
464 917 562 979 τὸν
601 920 925 995 Ἀντίοχον
967 916 1321 981 ὑποπτεύων
1360 920 1604 993 μήποτε
1644 920 1955 990 κρατήσας
1996 925 2107 990 τῆς
2134 912 2609 992 Ἀλεξανδρείας

239 1023 426 1100 βαρὺς
477 1023 723 1103 ἔφεδρος
774 1025 980 1094 αὐτοῖς
1027 1023 1281 1100 γένηται
1330 1027 1437 1086 τοῦ
1488 1023 1627 1101 πρὸς
1678 1023 1780 1085 τὸν
1818 1021 2059 1100 Περσέα
2098 1024 2368 1098 πολέμου
2393 1020 2609 1100 χρόνον

244 1131 663 1206 λαμβάνοντος
715 1169 793 1179 —-
848 1130 881 1204 ἢ
944 1129 1163 1208 θεωρῶν
1235 1126 1367 1192 ὅσον
1439 1129 1603 1193 οὔπω
1673 1129 2068 1206 κριθησόμενοι
2131 1130 2217 1193 τοὶ
2277 1128 2444 1192 κατὰ
2511 1129 2613 1192 τὸν

247 1237 473 1314 Περσέα
530 1243 648 1299 τῶν
710 1237 1028 1313 Ῥωμαίων
1074 1235 1460 1312 ςρατοπέδων
1506 1237 1592 1306 εἰς
1643 1236 2036 1300 Μακεδονίαν
2083 1234 2613 1312 παρεμβεβληκό·

246 1365 348 1405 των
418 1343 524 1406 καὶ
594 1343 801 1411 καλὰς
863 1341 1121 1413 ἐλπίδας
1184 1342 1345 1421 ἔχων
1410 1343 1555 1417 ὑπὲρ
1619 1348 1734 1405 τῶν
1783 1342 2264 1418 ἀποβησομένων
2314 1341 2609 1418 ἐβούλετο

244 1449 371 1518 τοὺς
434 1449 686 1518 Ῥοδίους
739 1487 822 1496 -
872 1449 1137 1525 μεσίτας
1200 1448 1526 1525 ἀποδεῖξαι
1591 1447 1696 1512 καὶ
1754 1453 1936 1512 τοῦτο
1998 1446 2360 1526 πράξαντας
2411 1446 2611 1511 δοῦναι

244 1563 358 1626 τοῖς
422 1557 742 1631 Ῥωμαίοις
802 1555 1097 1635 ἀφορμὰς
1159 1554 1453 1631 εὐλόγους
1518 1555 1602 1618 εἷς
1654 1554 1723 1617 τὸ
1774 1553 2176 1630 βουλεύεσθαι
2228 1556 2362 1633 περὶ
2412 1554 2612 1619 αὐτῶν

245 1664 313 1730 ὥς
371 1661 449 1725 ἂν
508 1664 714 1731 αὐτοῖς
779 1660 1103 1740 φαίνηται.
1198 1657 1321 1725 Sed
1380 1681 1581 1744 neque
1630 1660 2014 1725 Antiochum
2062 1660 2335 1726 Romani
2381 1680 2618 1747 magno

247 1787 420 1852 opere
482 1766 972 1832 reformidabant
1034 1787 1235 1850 neque
1285 1773 1428 1830 tum
1475 1766 1610 1830 ulla
1665 1786 1806 1851 spes
1853 1774 1988 1832 erat
2035 1767 2167 1833 fore
2213 1774 2286 1832 ut
2352 1767 2620 1831 Perseus

247 1871 416 1936 brevi
480 1871 902 1938 debellaretur
958 1893 1160 1956 neque
1220 1870 1503 1936 Marcius
1569 1876 1625 1936 is
1689 1878 1823 1938 erat
1869 1875 1981 1956 qui
2029 1874 2293 1938 miseros
2337 1871 2619 1938 Rhodios

250 1978 406 2043 male
450 1978 769 2044 suadendo
817 1978 895 2042 ad
942 1980 1215 2043 exitium
1263 1977 1619 2063 impelleret
1640 2026 1657 2055 ,
1705 1985 1769 2044 et
1795 1978 1976 2052 ,aliae
2023 1985 2201 2044 erant
2246 1999 2502 2062 causae,
2548 1984 2623 2041 ut

252 2086 552 2162 vidimus,
624 2105 739 2149 cur
806 2085 1084 2151 Romani
1146 2098 1294 2173 post
1360 2088 1684 2150 victoriam
1746 2088 2100 2150 nuntiatam
2161 2085 2443 2151 Rhodios
2488 2092 2621 2149 tam

254 2192 485 2257 duriter
545 2194 886 2275 increpitos
944 2191 1325 2256 dimiserint.
1422 2191 1771 2274 Reliquum
1832 2195 2037 2279 igitur
2101 2197 2195 2256 est
2255 2193 2624 2256 existimare

253 2296 556 2363 Marcium
622 2297 696 2362 δι’
764 2300 1077 2374 ἀτολμίαν
1101 2345 1118 2375 ,
1168 2302 1243 2362 ut
1288 2297 1622 2383 Appianus
1670 2297 1922 2375 scribit,
1976 2318 2175 2382 quum
2221 2297 2344 2362 sibi
2392 2297 2627 2372 exerci-

258 2404 466 2489 tuique
514 2424 628 2469 suo
678 2411 992 2469 metueret
1037 2404 1154 2468 hac
1200 2404 1308 2468 via
1353 2403 1629 2468 salutem
1678 2403 2081 2488 quaesivisse.

335 2509 501 2576 Satis
547 2515 809 2596 apparet
854 2511 1019 2576 circa
1068 2531 1140 2575 ea
1186 2516 1471 2594 tempora
1515 2508 1837 2574 Romanos
1874 2509 2045 2594 ipsos
2093 2517 2226 2574 tam
2283 2508 2627 2575 molestum

258 2633 322 2678 ac
365 2617 739 2681 damnosum
792 2615 1028 2682 bellum
1078 2622 1394 2702 pertaesos
1441 2615 1658 2680 fuisse.
1757 2618 1920 2680 Ante
1982 2616 2243 2680 Aemilii
2305 2615 2496 2681 Pauli
2560 2616 2627 2679 in

263 2721 685 2788 Macedoniam
758 2724 1105 2788 adventum
1179 2722 1495 2788 Eumenes
1514 2769 1530 2798 ‚
1604 2722 1715 2804 qui
1773 2721 1840 2786 id
1902 2723 2094 2805 probe
2141 2722 2299 2786 scire
2347 2727 2629 2807 poterat,

261 2831 513 2893 cernebat
557 2842 615 2893 et
662 2829 895 2893 Persea
940 2833 1070 2893 iam
1114 2831 1253 2893 inde
1299 2829 1376 2892 ab
1426 2830 1606 2892 initio
1649 2828 1785 2892 belli
1825 2831 1995 2892 omni
2030 2831 2211 2893 modo
2251 2852 2420 2916 spem
2449 2831 2628 2916 pacis

266 2945 502 3000 tentasse
550 2971 633 2983 —
684 2935 1000 3000 Romanos
1047 2956 1281 3022 quoque
1326 2937 1475 3020 quia
1524 2934 1872 2998 traheretur
1916 2936 2151 2999 diutius
2196 2958 2300 3023 spe
2345 2939 2625 3023 ipsorum

262 3038 462 3104 bellum
520 3055 577 3106 et
628 3046 795 3129 ipsos
840 3045 1016 3106 duces
1070 3039 1417 3125 (Marcium
1467 3039 1871 3124 Philippum)
1921 3053 1979 3106 et
2025 3054 2305 3105 senatum
2351 3066 2473 3106 non
2518 3044 2627 3107 ab·

267 3143 491 3213 horrere
550 3173 593 3212 a
624 3150 907 3235 finiendo
956 3160 1086 3212 tam
1133 3148 1512 3212 incommodo
1555 3170 1625 3210 ac
1672 3147 1908 3233 difficili
1952 3147 2118 3212 bello.
2176 3147 2341 3234 (Liv.
2392 3146 2627 3212 XLIV.

266 3250 359 3319 25.
408 3256 495 3340 3).

345 3361 620 3429 Tandem
663 3359 909 3426 Paulus
954 3358 1271 3425 Aemilius
1315 3379 1450 3423 rem
1499 3357 1748 3443 lapsam
1793 3359 2097 3424 restituit.

1180 3480 1695 3566 (continuabitur).

1899 3599 1967 3668 O.
2019 3601 2100 3670 G.
2149 3601 2444 3670 COBE'I'.

1237 3895 1656 3946 ‘mnorom’us

276 4036 421 4116 apud
478 4033 897 4099 Scholiastem
968 4032 1264 4097 Aristidis
1327 4030 1505 4096 Tom.
1568 4030 1681 4095 111.
1745 4051 1891 4118 pag.
1946 4032 2075 4095 523
2122 4030 2314 4097 Dind.
2362 4037 2392 4096 ὀ
2438 4035 2625 4109 δῆμος

278 4145 709 4220 μετεπέμψατο
759 4140 861 4201 τὸν
913 4139 1160 4214 Κίμωνα
1210 4138 1459 4219 νομίζων
1506 4137 1609 4201 διὰ
1656 4138 1764 4211 τὴν
1813 4137 2130 4217 προξενίαν
2178 4140 2501 4217 ‘taxis-HN
2550 4140 2627 4207 ἂν

282 4246 442 4310 αὐτὸν
488 4249 712 4326 εἰρήνην
762 4245 1153 4319 ποιήσασθαι.

357 4349 636 4441 Corrige:
685 4351 911 4432 rdxce'
959 4349 1055 4415 ἄν.
1596 4413 1608 4422 ,
2121 4349 2194 4416 O.
2246 4348 2323 4417 G.
2377 4350 2449 4419 C.
