3192 5017
443 211 525 274 10
1443 220 1803 274 nummum.

528 396 830 483 Sequitur
876 416 965 464 vs.
1024 395 1185 462 121:

982 503 1147 567 δεινοὶ
1195 501 1491 583 τυράννων
1539 505 1847 578 λήματα,
1899 504 2008 566 καί
2054 527 2184 576 πως

981 608 1148 687 ὀλίγ’
1200 608 1564 689 ἀρχόμενοι,
1619 609 1832 672 πολλοὶ
1881 613 2246 688 κρατοῦντες

982 738 1035 795 χ
1053 738 1097 778 α
1114 730 1154 779 λ
1175 741 1203 779 ε
1222 739 1271 779 π
1290 722 1332 779 ὦ
1346 740 1376 788 ς
1423 715 1615 794 ὄργας
1663 714 2198 791 μεταβάλλουσιν.

438 823 612 911 Lego
659 822 1057 904 χαλεπάς
1108 824 1173 887 et
1218 824 1376 886 satis
1422 827 1574 886 nota
1623 828 1718 886 est
1764 842 1838 886 ea
1887 823 2358 907 compendiaria
2414 824 2822 888 constructio.

436 929 603 994 Vide
650 949 809 1025 quae
856 926 1314 993 Stallbaumius
1362 927 1692 992 adnotavit
1741 928 1818 991 ad
1865 927 2032 992 Plat.
2086 929 2357 994 Phaedr‚
2402 928 2528 992 241
2564 930 2635 991 A.
2688 926 2824 991 Nec

435 1035 621 1121 plane
680 1035 845 1098 mihi
904 1033 1218 1119 persuasit
1280 1030 1557 1098 Cobetus
1605 1036 1671 1097 in
1720 1032 1928 1098 Variis
1977 1033 2385 1099 Lectionibus
2430 1056 2490 1119 p.
2546 1031 2676 1098 572
2725 1038 2819 1106 et,

436 1141 592 1206 dum
655 1140 1012 1227 corrigebat
1074 1139 1212 1225 Iph.
1276 1139 1432 1203 Aul.
1483 1138 1651 1204 543:
1702 1137 1847 1219 κᾷτ’
1897 1141 2029 1204 ἐπεὶ
2081 1140 2395 1220 κατέσχες
2444 1140 2653 1220 ἀρχὰς
2702 1163 2821 1217 με-

435 1247 742 1325 ταβαλὼν
789 1244 1017 1318 ἄλλους
1065 1244 1315 1323 τρόπους
1367 1251 1431 1310 et
1476 1246 1859 1311 rescribebat
1899 1248 2324 1331 μεταλαβὼν,
2362 1249 2560 1311 miror
2597 1245 2822 1331 quidni

437 1354 658 1419 eodem
729 1356 1015 1436 tempore
1085 1351 1317 1415 dixerit
1390 1351 1467 1416 de
1527 1373 1623 1417 vs.
1691 1348 1858 1416 363:
1922 1350 2075 1436 κᾷθ’
2141 1352 2492 1433 ὑποςρέψας
2543 1351 2820 1429 λέληψαι

440 1454 899 1545 (λέληθαςῗ)
990 1458 1380 1533 μεταβαλὼν
1468 1457 1677 1530 ἄλλας
1748 1458 2031 1539 γραφάς.
2124 1458 2336 1523 Etiam
2412 1458 2822 1544 participium

436 1565 939 1644 μεταβεβληκὼς
965 1614 980 1639 ,
1046 1564 1113 1628 in
1176 1585 1300 1648 quo
1348 1584 1472 1629 non
1517 1567 1730 1649 potuit
1777 1572 1908 1629 tam
1958 1564 2143 1629 facile
2191 1568 2420 1641 errari,
2467 1566 2585 1630 hoc
2631 1564 2819 1628 modo

438 1677 802 1757 usurpatur.
880 1670 1047 1735 Plat.
1110 1668 1265 1755 Rep.
1321 1669 1465 1735 VII.
1520 1670 1650 1735 535
1700 1670 1794 1735 D:
1844 1671 2347 1750 μεταβεβληκὼς
2398 1674 2506 1746 τὴν
2554 1678 2819 1751 Φιλοπο-

439 1779 590 1845 νΙαν.
685 1777 801 1842 Est
849 1779 1020 1842 enim
1068 1776 1549 1854 μεταβάλλειν,
1601 1778 1791 1842 sicuti
1840 1777 2306 1843 Stallbaumius
2347 1781 2813 1863 interpretatur,

424 1884 866 1969 permutatione
906 1883 1095 1967 facta
1152 1905 1411 1966 sumere,
1474 1883 1742 1947 vicissim
1802 1907 2028 1948 sumere
2088 1906 2137 1950 s.
2202 1886 2435 1965 eliyere.
2529 1883 2654 1949 Sed
2710 1890 2817 1947 ut-

436 2011 712 2075 cumque
760 2010 832 2054 ea
878 1989 954 2053 de
1000 2009 1068 2053 re
1112 1989 1623 2067 existimabitur,
1676 1991 1740 2053 in
1787 1990 2012 2056 Medea
2059 1996 2227 2056 certe
2274 1992 2648 2057 adverbium
2694 2013 2819 2069 χα-

436 2101 640 2167 λεπῶς
686 2095 836 2160 ferri
881 2114 1004 2158 non
1051 2098 1286 2179 poterit
1331 2100 1396 2159 et
1439 2097 1744 2173 χαλεπὰς
1792 2094 1980 2175 ὄργας
2021 2097 2357 2182 Euripides
2397 2097 2584 2172 dixit,
2628 2098 2819 2160 sicuti

440 2203 648 2278 ἠπίους
717 2200 909 2281 ὀργὰς
982 2199 1329 2285 appellavit
1394 2203 1461 2265 in
1520 2200 1743 2267 Troad.
1814 2201 1924 2267 53.
1987 2201 2221 2269 Contra
2284 2211 2452 2269 recte
2515 2224 2580 2268 se
2628 2203 2818 2267 habet

437 2309 604 2394 quod
650 2310 719 2372 in
765 2306 1029 2392 Hippoi.
1080 2305 1213 2370 203
1260 2306 1532 2393 legitur:
1898 2333 1906 2341 ·

1025 2412 1264 2493 θάρσει,
1311 2412 1547 2492 τέκνον,
1600 2414 1702 2478 καὶ
1753 2417 1841 2494 μὴ
1888 2422 2192 2495 χαλεπῶς

1027 2518 1411 2598 μεταβαλλε
1459 2520 1676 2598 δέμας.

523 2734 857 2801 Exclamat
924 2732 1154 2800 Medea
1222 2754 1314 2800 ve.
1389 2734 1549 2799 144:
1616 2735 1713 2799 διοέ
1777 2759 1925 2812 μου
1990 2740 2285 2817 κεφαλᾶς
2348 2733 2519 2815 Φλὸξ
2566 2736 2815 2814 οὐρανία

432 2842 589 2919 βαίη
660 2848 723 2908 et
787 2840 1090 2906 similiter
1146 2840 1390 2927 legitur
1434 2843 1502 2904 in
1548 2840 1744 2926 Hipp.
1795 2840 1992 2906 1352:
2043 2841 2144 2907 διοὶ
2185 2866 2331 2919 μου
2374 2849 2659 2923 κεφαλῆς
2703 2841 2815 2924 ᾄσ-

431 2951 598 3012 σουσ·
644 2949 869 3012 ὀδύναι.
968 2948 1109 3013 Nisi
1158 2947 1407 3012 credere
1456 2954 1704 3031 oportet
1751 2958 2077 3014 mortuum
2125 2949 2230 3014 hic
2277 2948 2487 3034 loqui,
2539 2950 2664 3013 nisi
2704 2947 2818 3013 fal·

430 3053 529 3119 lor
575 3054 910 3139 utrobique
955 3072 1112 3138 opus
1158 3057 1255 3117 est
1302 3053 1517 3119 dativo
1565 3074 1714 3118 casu
1763 3079 1910 3131 μοι.

520 3270 948 3336 Balbutientis
995 3271 1193 3335 oratio
1241 3274 1339 3334 est
1390 3291 1480 3336 vs.
1537 3268 1705 3335 503:

750 3382 851 3440 νῦν
898 3383 1009 3440 ποῖ
1049 3373 1419 3453 τραπωμαι;
1470 3375 1703 3453 πότερα
1753 3373 1898 3454 πρὸς
1947 3378 2176 3456 πατρὸς
2227 3377 2479 3461 δόμους,

751 3480 846 3552 οὓς
894 3482 982 3546 σοὶ
1030 3482 1331 3559 προδοῦσα
1381 3482 1483 3544 καὶ
1534 3480 1780 3560 πάτραν
1825 3481 2284 3560 αφικόμην;

433 3587 693 3657 Contuli
755 3596 967 3653 autem
1031 3609 1119 3653 vs·
1177 3586 1385 3651 1143:
1452 3587 1635 3663 ςέγος
1686 3596 1987 3663 γυναικῶν
2034 3588 2142 3663 ξὺν
2188 3590 2413 3659 τέκνοις
2464 3583 2580 3663 ἅμ’
2631 3585 2809 3651 ἑσπό-

434 3721 556 3774 μην
618 3702 683 3762 et
742 3694 977 3760 Alcest.
1045 3691 1209 3759 76¹7:
1287 3694 1320 3767 ἦ
1383 3693 1432 3757 δ’
1482 3694 1551 3756 ἐκ
1599 3691 1796 3769 δόμων
1841 3694 2113 3772 βέβηκεν
2161 3695 2282 3759 οὐδ’
2333 3692 2699 3772 ἕφεσπόμην
2746 3696 2810 3755 et

434 3802 659 3868 'I'road‚
711 3799 880 3867 947:

889 3906 955 3970 τί
999 3904 1068 3978 δὴ
1117 3908 1394 3984 Φρονοῢσ’
1444 3907 1512 3970 ἐκ
1561 3906 1860 3984 δωμάτων
1908 3904 2028 3983 ἅμ’
2082 3906 2359 3985 ἑσπόμην

886 4009 1069 4094 ξένω,
1120 4013 1418 4090 προδοῦσα
1467 4015 1737 4090 πατρίδα
1792 4013 1894 4077 καὶ
1949 4013 2164 4089 δόμους
2217 4012 2399 4087 ἐμούς
2417 4032 2433 4089 ;

435 4128 499 4187 et
568 4120 874 4205 suspicari
943 4122 1118 4202 coepi
1188 4122 1254 4181 in
1324 4118 1555 4183 Medea
1632 4139 1879 4203 quoque
1937 4118 2170 4183 latere:
2231 4114 2275 4182 ἅ
2291 4124 2360 4193 μ’
2425 4119 2453 4180 ἐ
2469 4116 2618 4180 σπό
2635 4139 2809 4190 μην.

432 4227 732 4293 Ceterum
779 4225 845 4288 in
892 4222 1241 4289 Troadibus
1289 4222 1505 4300 δόμους
1555 4223 1777 4307 ἐμούς,
1828 4227 1924 4287 uti
1974 4224 2183 4299 videa,
2229 4224 2458 4289 vitiose
2499 4225 2806 4306 scriptum

432 4339 558 4413 est,
604 4331 709 4398 sed
758 4336 1005 4396 certum
1052 4329 1405 4395 remedium
1454 4330 1688 4394 frustra
1735 4329 2041 4413 quaesivi.
