3192 5017
1300 338 1525 387 Pharo.
2478 316 2608 387 339

230 505 394 585 ὄψεις
454 507 888 586 πραττομένας
907 554 923 584 ,
986 513 1050 572 et
1112 511 1266 574 satis
1311 511 1375 573 in
1426 510 1945 594 praecedentibus
1992 510 2069 576 de
2117 511 2428 578 audiendo
2474 513 2604 578 dis-

232 619 366 678 tum
439 619 574 679 est:
649 634 762 701 pro
830 614 1082 680 θυόντων
1142 616 1536 681 desideratur
1599 617 1865 681 verbum
1928 616 2376 701 imperfectum
2437 619 2606 702 quod

228 719 441 795 γονέας
517 725 703 807 regat
764 759 848 769 -
913 720 1059 809 lege
1122 723 1384 787 ἐθεῶντο.
1478 722 1882 787 Deteriorum
1950 722 2258 788 librorum
2329 725 2606 801 scribae,

229 846 424 909 quum
488 825 662 891 illud
722 827 973 892 θυόντων
1022 834 1165 893 ante
1214 826 1430 893 oculos
1475 828 1812 913 haberent,
1859 832 2320 916 grammaticae
2366 829 2610 894 scilieet

225 931 624 997 consulentes
667 939 783 997 τῶν
831 935 1048 1010 γονέων
1093 941 1158 999 et
1203 935 1662 1000 ἐσπουδακότων
1710 935 2038 1001 dederunt.

313 1036 492 1102 Infra
561 1042 629 1103 in
700 1040 918 1105 eadem
995 1042 1227 1126 pagina
1290 1047 1356 1105 et
1416 1045 1482 1104 in
1544 1043 1833 1124 sequenti
1892 1043 2109 1125 inepta
2167 1041 2609 1126 supplementa

222 1150 401 1207 sunt:
477 1145 722 1226 οὐδαμῇ
797 1148 1072 1224 ὑποψίαν
1141 1147 1475 1212 ἐνδιδόντων
1546 1147 1710 1231 (scil.
1783 1154 1899 1211 τῶν
1967 1148 2136 1233 θεῶν)
2198 1149 2271 1218 ὥς
2334 1148 2441 1210 οὐκ
2488 1147 2603 1210 εἶσὶ

226 1250 432 1334 [θεοί],
483 1286 524 1300 -
554 1285 663 1301 --
713 1251 829 1314 ὑπὸ
878 1252 1272 1332 λαιμαργίας
1328 1253 1592 1338 [ἡδονῆς]
1648 1254 1843 1330 ἡμῶν,
1897 1254 2209 1333 πρόρρησις
2259 1254 2464 1319 τοιοίδε
2510 1275 2602 1323 τις

226 1353 524 1442 [ἄθυμος]
546 1405 565 1435 ,
618 1378 808 1443 quam
858 1378 1077 1423 vocem
1132 1366 1196 1424 et
1239 1360 1416 1424 locus
1462 1359 1574 1425 ille
1622 1380 1746 1425 non
1796 1360 2084 1425 admittit
2129 1365 2195 1425 et
2240 1362 2331 1424 rei
2379 1371 2607 1424 natura

219 1466 460 1546 respuit
480 1511 496 1537 ,
566 1482 718 1528 nam
785 1467 1081 1548 quoniam
1148 1468 1350 1550 ipsam
1420 1467 1876 1550 praefationem
1925 1483 2075 1531 mox
2126 1467 2398 1551 proferet
2420 1516 2434 1539 ,
2484 1486 2607 1532 non

219 1573 349 1633 erat
409 1589 641 1654 operae
705 1573 980 1654 pretium
1046 1569 1322 1635 indolem
1374 1574 1511 1635 eius
1558 1575 1735 1655 prius
1793 1572 2088 1637 indicare.
2183 1572 2351 1652 Quin
2413 1575 2606 1637 etiam

215 1692 324 1757 pro
374 1677 631 1752 σμικρὸν
683 1682 778 1739 νοῦ
830 1676 1274 1763 corrigendum
1322 1680 1569 1757 σμικρὸν
1621 1682 1793 1743 νοῦν
1840 1684 1906 1742 et
1955 1698 2065 1762 pro
2112 1681 2347 1752 ταύτην
2395 1677 2603 1757 δόξαν,

214 1782 447 1856 ταύτην
495 1784 609 1854 τὴν
660 1780 864 1856 δόξαν.

305 1887 468 1953 Mox
515 1888 598 1953 ad
647 1889 1069 1975 prodigiosam
1122 1888 1460 1955 lectionem
1503 1890 1907 1963 offendimus:
1956 1891 2060 1955 καὶ
2103 1890 2173 1963 δη
2215 1893 2318 1955 καὶ
2354 1891 2603 1966 μάλιςα

215 1992 314 2055 καὶ
380 1996 564 2074 παρὰ
622 2000 728 2058 τοῦ
777 1998 1126 2071 νομοθέτου,
1180 1997 1292 2060 ubi
1338 1995 1589 2072 μάλιςα
1640 2015 1755 2081 pro
1800 1998 2320 2081 interpretatione
2366 1998 2603 2064 haben-

213 2096 366 2162 dum
419 2108 613 2166 notae
659 2100 972 2166 formulae
1018 2103 1122 2166 καὶ
1174 2102 1247 2176 δὴ
1294 2104 1421 2167 καί.

299 2311 378 2376 In
444 2313 637 2378 initio
696 2335 841 2401 pag.
904 2312 1072 2381 887:
1139 2315 1423 2392 ἑπόμενοί
1487 2340 1566 2394 γε
1615 2316 1737 2392 μὴν
1782 2318 1991 2389 αὐτοῖς
2040 2318 2415 2394 σκεψώμεθα
2460 2317 2599 2388 τοὺς

218 2416 434 2482 ἐκεῖθεν
459 2468 475 2496 ,
528 2420 593 2484 τί
641 2445 791 2484 ποτε
839 2424 944 2486 καὶ
993 2422 1379 2503 τυγχάνουσι
1427 2423 1852 2499 διανοούμενοι.
1900 2420 2038 2486 Iam
2088 2423 2331 2507 pridem
2380 2426 2602 2488 Aetius

217 2536 553 2591 monuerat
606 2528 811 2603 „baud
854 2529 1035 2592 dubie
1076 2528 1447 2591 scribendum
1495 2550 1618 2591 ease
1662 2528 1732 2591 τὸ
1783 2526 2041 2592 ἕκεῒθεν”
2089 2528 2255 2612 quod
2304 2528 2602 2595 Turieen-

216 2631 388 2695 sibus
435 2653 564 2697 non
613 2636 946 2717 persuasit.
996 2634 1287 2698 Forsitan
1334 2636 1389 2697 si
1437 2633 1705 2698 vidisset
1749 2635 2050 2698 τούκεῖθεν
2098 2637 2334 2699 rectius
2372 2636 2598 2710 scribi,

220 2736 484 2803 meliore
533 2739 788 2804 fortuna
834 2760 988 2804 usus
1026 2746 1209 2805 esset.
1257 2739 1333 2804 In
1371 2739 1490 2804 hae
1530 2742 1765 2825 pagina
1803 2758 1966 2804 nova
2001 2745 2098 2804 est
2137 2738 2596 2804 emblematum

216 2860 430 2928 seges,
482 2858 559 2909 ut
604 2842 801 2924 ἄιε-ρων
847 2869 918 2909 τε
978 2845 1198 2933 [πέρι],
1252 2845 1359 2909 καί
1409 2842 1530 2925 ζῷα
1571 2840 1655 2909 αὖ
1695 2845 1800 2909 καὶ
1839 2847 2020 2921 φυτὰ
2060 2844 2404 2922 ξύμπαντα
2444 2848 2600 2925 ὡρῶν

218 2957 425 3013 πασῶν
498 2954 571 3015 ἐκ
618 2954 845 3016 τούτων
917 2953 1306 3036 γενομένων],
1380 2948 1660 3037 [ὕςερον].
1754 2950 2087 3015 Praeterea
2154 2950 2595 3015 scribendum:

217 3052 426 3135 ὑςέρας
478 3057 948 3136 γεγεννηκέναι,
999 3093 1039 3107 -
1066 3092 1105 3107 -
1135 3093 1174 3107 -
1221 3057 1496 3135 ξυγγενῆ
1545 3057 1766 3131 ἑαυτῆς
1819 3090 1857 3103 -
1885 3089 1924 3103 -
1951 3090 1990 3105 -
2038 3064 2102 3120 et
2149 3054 2436 3119 κοινωνόν.

304 3268 464 3358 Peg.
520 3270 674 3336 890.
747 3292 1013 3336 examen
1061 3272 1364 3336 iuvenum
1416 3274 1481 3334 in
1529 3271 1693 3334 hanc
1739 3273 2042 3357 paginam
2095 3272 2173 3334 ab
2221 3274 2596 3337 enarratori·

221 3372 335 3439 bus
381 3381 713 3443 invectum
763 3386 889 3451 est,
955 3386 1026 3441 ut
1074 3377 1292 3454 ἀνδρῶν
1339 3383 1542 3457 σοφῶν
1593 3377 1796 3461 [παρα
1844 3375 1993 3444 νέοις
2041 3377 2394 3461 ἀνθρώποις]
2443 3377 2598 3440 ἰδιω-

218 3484 329 3545 τῶν
390 3509 466 3548 τε
513 3486 616 3547 καὶ
667 3490 923 3556 ποιητῶν
975 3521 1055 3531 -
1109 3484 1430 3559 ανθρώποις
1486 3483 1849 3547 ἐκπίπτουσι
1900 3481 2099 3566 [νέοις]
2150 3483 2414 3564 δημοσίᾳ
2459 3484 2598 3563 [ord-

222 3590 378 3674 λεσι]
454 3615 523 3655 τε
597 3592 699 3657 καὶ
777 3592 939 3659 ίδίοις
1011 3588 1211 3658 οἴκοις.
1281 3625 1358 3635 -
1426 3587 1543 3651 ὅσα
1609 3612 1679 3652 τε
1742 3586 1882 3665 πρὸς
1947 3589 2163 3665 ἀρετὴν
2224 3592 2403 3653 τείνει
2463 3592 2596 3672 [καὶ

221 3698 488 3783 κακίαν].
556 3696 714 3762 Dele
760 3702 1080 3779 postrema
1123 3696 1246 3758 nisi
1292 3693 1494 3759 eredis
1541 3695 1663 3759 δεῖν
1710 3699 1924 3757 ταῦτα
1971 3693 2265 3770 πράττειν
2314 3694 2392 3759 de
2436 3698 2599 3760 vitio

223 3797 343 3865 dici
391 3822 591 3890 posse.

313 4049 392 4061 —
468 4015 533 4077 τί
607 4014 658 4078 δ’
734 4014 799 4076 οὗ
872 4011 1144 4089 χαλεποὶ
1207 4010 1278 4074 τέ
1342 4015 1432 4078 ἒςι
1499 4008 1957 4084 ξυνακολουθεῖν
2019 4009 2223 4085 λόγοις
2281 4005 2463 4080 οὕτως
2514 4009 2598 4078 είς

227 4120 421 4193 πλήθη
473 4137 576 4196 Asa
598 4120 788 4196 όμενα
840 4119 966 4181 κτέ.
1015 4116 1285 4182 Malim:
1338 4118 1387 4180 εί
1438 4116 1492 4180 δ’
1542 4112 1636 4179 οὖν
1685 4124 2002 4197 expuncto
2050 4113 2277 4189 λόγοις.

316 4327 481 4394 891:
532 4331 616 4393 τὰ
669 4329 801 4406 περὶ
854 4328 1069 4403 νόμους
1121 4327 1592 4407 προστάγματα
1646 4358 1686 4372 -
1716 4324 2028 4391 -παντως
2079 4325 2292 4401 ἠρεμεῖ
2327 4323 2432 4393 ὅς’
2474 4323 2602 4388 οὔτ’

235 4432 280 4495 εἶ
327 4436 599 4515 χαλεποὶ
651 4434 794 4498 κατ’
846 4436 1054 4514 οὶρχίις
1105 4434 1342 4496 ἀκούειν
1395 4432 1484 4498 ἕςὶ
1534 4429 1879 4512 φοβητέον,
1930 4463 2037 4478 --
2081 4428 2205 4494 οὔτ’
2259 4431 2309 4494 εί
2358 4433 2609 4514 μακροὶ,
