3192 5017
1247 305 1608 354 numum.
2481 282 2607 352 261

227 478 628 562 scripserim:

567 583 632 647 τί
676 587 872 663 χρῆμ’
923 584 1190 667 ἐρωτᾷς,
1238 583 1478 663 καίπερ
1526 586 1593 649 οὗ
1643 583 1968 661 κάμνων
2017 593 2261 665 σχολῆς

225 688 356 776 Ipsi
425 696 642 755 autem
715 690 856 756 Ioni
873 737 890 768 ‚
953 696 1088 755 tam
1153 696 1288 755 erat
1350 689 1536 755 dulce
1597 689 1878 757 officium
1897 737 1914 768 ‚
1977 696 2356 776 perpetuum
2406 688 2611 755 otium

226 797 597 882 videbatur,
645 796 725 862 cf.
779 818 875 863 vs.
926 795 1080 864 634.

327 1006 600 1073 Laborat
646 1010 958 1094 scriptura
1002 1009 1070 1073 in
1117 1004 1459 1073 Codicibus
1501 1027 1594 1073 vs.
1646 1003 1810 1072 286:

642 1138 716 1178 τι
733 1121 845 1197 μᾷ
895 1121 1131 1198 τιμᾷ·
1181 1115 1259 1186 ὥς
1307 1112 1538 1191 μήποτ’
1585 1112 1825 1192 ὤφελόν
1872 1113 1988 1193 σφ’
2038 1114 2205 1179 ἰδεῖν.

232 1217 394 1284 Vide
445 1218 614 1305 apud
662 1219 1159 1286 Herwerdenum
1212 1241 1269 1305 p.
1327 1219 1450 1284 111
1503 1222 1789 1285 virorum
1836 1219 2161 1284 doctorum
2205 1222 2383 1285 varia
2421 1224 2621 1286 tenta·

231 1328 448 1402 mina,
512 1329 681 1392 inter
745 1347 906 1412 quae
955 1332 1169 1392 tamen
1217 1324 1383 1390 nihil
1432 1331 1528 1391 est
1576 1326 1742 1410 quod
1792 1325 1961 1391 mihi
2005 1345 2242 1413 magno
2289 1347 2473 1412 opere
2520 1346 2621 1392 ar-

234 1432 422 1497 ridet.
469 1431 672 1498 Incidi
719 1433 1034 1518 equidem
1062 1434 1167 1497 in:

596 1542 849 1615 τιμῶν
894 1538 966 1617 γ’
1013 1540 1305 1621 circui·
1354 1542 1587 1614 μήποτ’
1637 1537 1873 1618 ὤφελόν
1923 1539 2039 1619 σφ’
2088 1538 2253 1603 ἰδεῖν.

235 1644 480 1710 Deinde
525 1647 581 1709 si
627 1647 770 1729 quis
818 1645 979 1711 forte
1026 1645 1293 1710 verbum
1342 1649 1579 1722 ἀτιμῶν
1628 1665 1754 1710 non
1801 1644 1994 1710 audet
2040 1666 2150 1730 per
2195 1647 2621 1731 conjecturam

231 1754 299 1816 in
366 1750 691 1837 Euripidis
756 1757 1008 1816 textum
1062 1751 1320 1819 inferre.
1370 1771 1759 1835 quamquam
1808 1748 2116 1817 Codicum
2166 1754 2477 1839 vestigia,
2525 1754 2621 1815 uti

236 1858 412 1923 vides
435 1905 453 1935 ,
504 1877 578 1923 eo
625 1878 737 1923 nos
785 1857 1029 1942 liquido
1077 1857 1351 1935 ducant,
1399 1863 1651 1942 praesto
1696 1863 1792 1922 est
1838 1855 2073 1938 ἀτίζει,
2122 1858 2232 1923 sed
2277 1857 2443 1923 illud
2489 1877 2623 1922 ma-

230 1963 386 2041 lim,
441 1963 589 2029 coll.
642 1962 833 2050 Soph.
881 1962 991 2028 Ai.
1047 1962 1238 2029 1129.

331 2178 535 2246 Miror
583 2198 997 2245 numerorum
1044 2178 1475 2245 confusionem
1521 2200 1619 2244 vs.
1670 2177 1837 2243 304:

689 2281 1049 2356 ἄπαιδές
1098 2285 1318 2361 ἔσμεν,
1366 2284 1558 2363 χρόνι’
1608 2282 1811 2364 ἔχοντ’
1860 2285 2216 2363 εὖνάματα.

236 2392 416 2472 Quod
464 2393 720 2457 invenio
769 2412 862 2457 vs.
917 2389 1129 2455 14632
1179 2388 1442 2462 ἄπαιδες
1492 2392 1692 2457 οὐκέτ’
1741 2392 1961 2470 ἐσμέν,
2013 2394 2457 2459 commendare
2490 2399 2626 2478 pot-

237 2503 335 2563 est
380 2517 588 2563 meam
640 2498 1104 2583 suspicionem:

648 2602 869 2669 ἄπαιδ’
922 2599 1007 2667 ἔτ’
1055 2602 1275 2680 ἐσμέν,
1324 2602 1519 2684 χρόνι’
1566 2602 1777 2685 ἔχοντ’
1828 2602 2178 2682 εὐνοίματα.

325 2819 390 2885 Ν
390 2841 468 2886 on
519 2819 928 2887 mediocriter
974 2817 1252 2885 offendor
1295 2837 1390 2883 vs.
1441 2814 1607 2882 338:

692 2922 897 3005 Φοίβῳ
943 2924 1302 3004 μιγῆναί
1344 2922 1506 3005 Φησί
1550 2945 1643 2995 τις
1692 2923 1893 3004 Φίλων
1941 2922 2138 3000 ἐμῶν,

237 3053 384 3099 nam
448 3033 616 3118 apud
666 3031 1090 3098 Athenienses
1136 3032 1358 3115 utique
1405 3030 1711 3108 μίγνυται
1761 3028 1789 3092 ὅ
1839 3029 1985 3105 α’νὺρ
2033 3037 2112 3109 τῇ
2161 3028 2449 3107 γυναικί,
2499 3029 2620 3109 οὐχ

241 3140 275 3213 ἦ
343 3140 499 3216 γυνὴ
561 3141 644 3219 τῷ
708 3137 911 3217 ἀνδρί,
976 3158 1136 3222 quae
1199 3143 1296 3201 est
1341 3143 1631 3202 veterum
1680 3136 2251 3222 grammaticorum
2300 3134 2621 3220 doctrina,

240 3244 317 3309 de
380 3267 505 3329 qua
567 3245 701 3310 dixi
765 3243 843 3310 ad
892 3240 1347 3327 Alciphronem
1398 3244 1463 3307 in
1511 3240 1752 3306 Mnem.
1800 3239 2001 3305 XVII.
2052 3239 2202 3306 248.
2256 3240 2401 3306 Non
2447 3241 2625 3307 novit

238 3351 359 3417 hoo
429 3351 770 3417 discrimen
832 3348 1192 3424 Homerus,
1253 3368 1379 3413 non
1439 3347 1792 3424 Hesiodus,
1858 3366 1984 3412 non
2041 3345 2355 3413 Pindarus
2377 3393 2392 3423 ‚
2457 3347 2624 3432 apud

239 3478 428 3542 quem
490 3456 733 3545 legitur
780 3453 1042 3542 Olymp.
1096 3453 1153 3519 6.
1206 3451 1328 3519 29:
1380 3453 1747 3519 Ποσειδάωνι
1794 3458 2090 3531 μιγεῖσα,
2141 3452 2334 3539 Pyth.
2389 3450 2448 3516 9.
2501 3451 2624 3518 84:

244 3566 383 3639 Ζηνὶ
437 3573 705 3644 μιγεῖσα
754 3568 818 3629 et
849 3560 1050 3649 Pyth.
1088 3560 1149 3627 3.
1198 3561 1316 3626 14:
1361 3557 1627 3639 πρόσθεν
1666 3559 2034 3643 ἄκειροκόμᾳ
2074 3560 2376 3640 μιχθεῖσα
2403 3559 2627 3640 Φοίβῳ,

240 3671 351 3737 sed
415 3672 647 3759 tragici
701 3674 923 3755 poetae
970 3672 1282 3753 quantum
1332 3668 1482 3732 novi
1529 3665 1878 3750 loquuntur
1924 3686 2069 3731 cum
2119 3665 2367 3733 civibus
2413 3671 2477 3731 et
2524 3685 2630 3730 ae-

240 3777 558 3863 qualibus.
655 3774 837 3856 Quod
898 3773 1355 3859 Aristophanes
1418 3774 1674 3857 scripsit
1727 3778 1876 3837 noto
1921 3771 2094 3837 loco:
2145 3772 2250 3836 καὶ
2298 3769 2627 3844 τικτούσας

242 3887 300 3950 ἐν
365 3893 490 3955 τοῖς
539 3884 710 3962 ἱεροῖς
769 3881 873 3946 καὶ
924 3878 1312 3959 μιγνυμένας
1363 3886 1551 3944 τοῖσιν
1602 3878 1940 3962 ἀδελφοῖς,
1988 3883 2156 3943 recte
2202 3877 2449 3943 dictum
2496 3881 2629 3961 est,

241 4011 366 4077 quo
427 3990 679 4075 turpius
725 3986 1046 4074 flagitium
1100 3987 1397 4052 videatur
1444 4005 1579 4051 esse
1629 3990 1694 4050 et
1738 3984 2062 4049 interdum
2109 3983 2413 4049 mulieres
2458 3983 2632 4069 ipsae

239 4099 542 4164 dicuntur
588 4091 978 4173 μίγνυσθαι,
1028 4111 1189 4178 quae
1233 4094 1431 4158 etiam
1473 4095 1787 4168 γαμοῦσι,
1823 4090 1980 4155 dum
2016 4090 2284 4155 maritus
2319 4097 2628 4168 γαμεῖται

240 4212 307 4270 et
354 4204 541 4269 nubit
578 4222 694 4267 nec
733 4200 949 4275 ducit,
990 4198 1100 4264 sed
1140 4201 1276 4284 ipse
1319 4198 1596 4264 ducitur.
1645 4196 1835 4282 Apud
1871 4194 2233 4282 Aegyptios
2272 4195 2631 4284 aliquando,

242 4309 410 4394 quod
457 4307 822 4372 Herodotus
870 4304 1136 4371 tradidit
1184 4303 1244 4368 2.
1289 4303 1397 4381 42,
1440 4302 1688 4380 γυναικὶ
1738 4300 1968 4380 τράγος
2013 4302 2309 4380 ἐμίσγετο
2349 4304 2632 4381 ἀναφαν-

242 4416 375 4481 δόν·
438 4414 774 4499 prodiqium
832 4411 900 4475 id
946 4418 1115 4488 erat,
1166 4430 1313 4476 nam
1363 4411 1480 4475 sub
1528 4410 1692 4474 hirci
1739 4410 1945 4493 specie
1992 4407 2126 4473 Pan
2178 4409 2371 4476 latere
2419 4410 2633 4476 crede-
