3192 5017
533 249 619 324 68
1616 279 1852 329 comm.

900 454 1010 520 σὺν
1056 451 1219 534 ἀνδρὶ
1269 450 1416 533 θείῳ
1466 452 1573 518 καὶ
1621 451 2098 534 Φιλοξενωτοὶτῳ

897 559 1002 628 καὶ
1054 559 1296 627 πάντ’
1342 559 1590 639 cipis-qo
1637 566 1754 645 τῶν
1800 562 2209 636 Πανελλήνων
2258 568 2608 625 ΠΡΩΤΩΙ

901 668 1131 745 Κίμωνι
1179 668 1436 746 λιπαρὸν
1483 673 1681 746 γῆρας
1733 666 2151 747 εὐωχούμενος

898 777 1153 840 αἰῶνα
1200 773 1474 839 πάντα
1522 773 1996 855 συνδιατρίψειν.

534 880 845 967 Tragious
905 881 1135 947 horum
1182 902 1483 946 versuum
1533 879 1736 958 color,
1788 902 1979 965 quem
2027 889 2277 966 praeter
2323 901 2622 945 numeros
2669 882 2723 945 ei
2776 899 2935 945 con-

534 986 756 1053 ciliant
800 1008 875 1053 ea
921 990 1290 1073 praesertim
1345 1007 1505 1072 quae
1550 987 1829 1052 diductis
1877 985 2112 1052 litteris
2160 985 2518 1075 significavi
2540 1036 2558 1070 ,
2608 986 2933 1052 deterrere

533 1092 880 1158 debuerant
921 1094 1228 1160 editorem
1275 1114 1312 1158 a
1373 1091 1821 1177 vilipendenda
1885 1093 2151 1178 pulchra
2214 1093 2459 1159 Mureti
2519 1094 2921 1168 coniectura,

533 1198 745 1278 πρόμῳ
791 1221 905 1285 pro
953 1201 1162 1281 πρώτῳ
1210 1220 1358 1285 prae
1405 1202 1597 1265 inerti
1643 1220 1758 1266 suo
1804 1200 2004 1280 βρότῳ
2029 1248 2044 1275 ,
2095 1200 2261 1284 quod
2301 1205 2549 1284 praeter
2588 1199 2927 1264 Koskium

530 1309 643 1371 vix
707 1306 1006 1391 cuiquam
1072 1306 1369 1392 placebit.
1463 1305 1634 1371 Mire
1696 1313 1912 1371 autem
1977 1308 2034 1372 is
2094 1309 2206 1391 qui
2269 1306 2423 1371 haec
2479 1306 2638 1371 dicit
2683 1326 2925 1370 nomen

531 1433 720 1477 suum
772 1412 1119 1498 profitetur.
1214 1411 1320 1478 An
1367 1412 1492 1477 fuit
1542 1412 1892 1492 Μητρόβιός
1941 1411 2061 1500 (θ’)
2111 1414 2138 1478 ὁ
2188 1409 2654 1493 γραμματεύςῖ
2701 1410 2929 1478 Facile

483 1541 498 1560 ·
531 1524 678 1585 ante
729 1527 783 1583 Ο
833 1518 1002 1585 elabi
1048 1520 1260 1605 potuit
1310 1528 1386 1584 Θ.

621 1729 896 1798 Cannu
941 1730 1172 1818 fragm.
1231 1729 1339 1808 58,
1390 1731 1432 1795 4

752 1836 965 1915 βρύκει
1016 1837 1141 1917 γὰρ
1189 1835 1362 1903 ἅπαν
1410 1839 1480 1903 τὸ
1531 1839 1762 1917 παρόν,
1809 1839 2109 1919 τρίγλῃ
2156 1837 2218 1903 δὲ
2268 1837 2385 1903 κᾶν
2432 1839 2723 1919 μάχοιτο.

425 2015 430 2020 ,
530 1944 673 2009 Iure
744 1943 949 2009 editor
1009 1944 1216 2010 haesit
1285 1948 1350 2008 in
1413 1944 1531 2010 hoe
1609 1966 1836 2019 versu,
1909 1944 2084 2011 aliud
2155 1966 2288 2010 esse
2360 1943 2693 2025 μάχεσθαι’
2762 1969 2921 2022 τινι,

530 2051 703 2116 aliud
769 2052 907 2130 περί
967 2076 1122 2124 τινος
1193 2053 1434 2137 optime
1496 2072 1778 2116 monens.
1875 2051 2186 2131 Quoniam
2257 2073 2402 2117 vero
2469 2052 2714 2137 Lampo
2782 2073 2923 2118 ma-

531 2158 761 2224 nifesto
832 2179 869 2222 a
937 2164 1121 2243 poeta
1193 2157 1477 2241 dicatur,
1542 2160 1597 2221 si
1661 2157 1940 2222 mullum
2008 2160 2067 2223 ei
2138 2161 2494 2243 praemium
2567 2178 2917 2244 proponas,

529 2265 683 2332 adeo
727 2285 1013 2352 pugnare
1060 2271 1318 2349 paratus
1365 2284 1534 2339 esse,
1584 2284 1709 2348 quo
1756 2266 1893 2329 ioco
1940 2270 2199 2330 notatur
2244 2265 2526 2331 hominis
2573 2286 2700 2330 una
2760 2287 2918 2330 eum

526 2374 790 2460 ignavia
849 2372 1196 2448 voracitas,
1263 2391 1423 2455 quae
1481 2375 1662 2435 tanta
1725 2373 1847 2448 sit,
1911 2377 1988 2435 ut
2052 2370 2238 2437 illam
2302 2375 2403 2436 vel
2451 2377 2736 2456 superet,
2789 2370 2921 2437 for-

527 2486 692 2545 tasse
754 2479 1034 2565 cogitare
1093 2475 1317 2542 licebit
1377 2476 1454 2541 de
1500 2476 1945 2544 substituendo
1992 2479 2375 2557 τρίγλης,
2423 2480 2533 2562 qui
2581 2480 2670 2543 sit
2716 2498 2919 2565 gene-

527 2589 703 2652 tivus
742 2586 967 2670 pretii,
1012 2604 1201 2668 quem
1250 2602 1373 2647 non
1423 2590 1674 2648 tautum
1725 2584 1936 2649 verbis
1983 2585 2269 2669 emendi,
2316 2585 2669 2668 vendendi,
2718 2587 2920 2651 aesti-

527 2692 872 2777 mandique
919 2712 955 2756 a
999 2686 1260 2756 Graecis
1306 2691 1492 2777 iungi
1531 2695 1798 2755 constat.
1838 2690 2007 2756 Nota
2047 2697 2195 2756 sunt
2233 2690 2678 2756 Demosthenis
2720 2691 2923 2757 verba

527 2804 597 2865 in
661 2796 756 2863 III
818 2802 975 2862 orat.
1040 2793 1457 2881 Olynthiaca:
1511 2797 1894 2875 προπέποται
1942 2802 2053 2870 τῆς
2104 2797 2467 2877 παραυτίκα
2515 2796 2771 2879 χάριτος
2826 2796 2919 2862 τοὶ

530 2910 640 2979 τῆς
704 2902 940 2973 πόλεως
1002 2900 1369 2979 πράγματα
1438 2910 1505 2966 et
1573 2902 2018 2987 Aristophanis
2078 2902 2233 2968 th.
2312 2901 2487 2968 1055
2552 2905 2629 2976 ὥς
2681 2904 2786 2968 οὐκ
2836 2901 2923 2968 ἂν

532 3009 838 3094 ἐγχέαιμι
887 3007 1108 3089 χιλίων
1155 3006 1476 3088 δραχμῶν.

624 3222 896 3292 Ourna
940 3221 1173 3310 fragm.
1227 3219 1380 3308 142,
1429 3220 1470 3286 2

896 3328 1091 3395 πυὸν
1139 3327 1481 3406 δαινύμενοι
1532 3328 2107 3407 καμπιμπλοὶμενοι
2155 3355 2255 3395 πυ
2272 3329 2530 3410 peda-n.

532 3437 630 3507 Of.
679 3436 873 3505 Arist.
925 3433 1110 3520 Vesp.
1163 3432 1294 3501 ’710
1344 3457 1436 3521 sq.

714 3541 821 3608 δύο
868 3540 1112 3621 μυριάδ’
1164 3540 1238 3607 ἂν
1286 3548 1401 3606 τῶν
1448 3542 1783 3618 δημοτικῶν
1834 3539 1977 3620 ἔζων
2025 3544 2086 3607 ἐν
2134 3547 2293 3608 πᾶσι
2344 3542 2627 3626 λαγῴοις-

715 3650 820 3714 καὶ
870 3649 1223 3730 ςεΦανοισιν
1270 3648 1755 3714 παντοδαποῖσιν
1804 3649 1939 3713 καὶ
1990 3650 2152 3730 πυῷ
2202 3650 2338 3714 καὶ
2388 3651 2760 3731 πυριάτῃ.

531 3759 795 3826 Frustra
840 3758 1046 3845 igitur
1092 3757 1428 3821 sanissima
1474 3756 1667 3821 verba
1715 3757 1989 3822 tentavit
2040 3756 2261 3823 editor.

622 3970 896 4039 Cannu
941 3970 1172 4058 stag-m.
1224 3968 1377 4048 181,
1431 3968 1464 4034 1

890 4076 1043 4141 ἀλλ’
1094 4076 1667 4156 ἕπανατρέψαι
1715 4074 2035 4153 βούλομαί
2080 4098 2186 4139 σου
2233 4076 2336 4139 τὸν
2383 4073 2592 4153 λόγον.

525 4186 783 4252 Leniter
855 4183 1087 4260 editor,
1159 4181 1237 4247 cl.
1303 4183 1454 4247 Eur.
1519 4180 1672 4248 Hel.
1750 4180 1945 4259 1429,
2012 4184 2281 4248 coniecit
2344 4184 2490 4247 ἀλλ’
2557 4208 2586 4246 ε
2607 4176 2682 4265 5‘,
2731 4183 2777 4246 οὶ
2796 4208 2825 4247 ν
2844 4206 2919 4247 α-

527 4316 566 4356 τ
584 4315 615 4373 ρ
633 4290 660 4356 b
679 4297 732 4371 ψ
752 4313 795 4354 α
815 4312 853 4355 ι.

608 4396 748 4464 Aut
805 4396 925 4463 hoe
986 4416 1210 4462 verum
1278 4396 1536 4462 videtur
1597 4401 1711 4461 aut
1760 4394 1839 4471 ἐξ
1858 4420 2109 4478 ανατρ
2129 4395 2288 4478 έψα
2309 4421 2327 4460 ι
2348 4445 2364 4475 ,
2416 4398 2460 4462 i.
2511 4409 2585 4463 e.'
2599 4397 2915 4481 fundibus
