3192 5017
498 273 636 341 352*
1538 281 1871 350 mus-rum‘

587 466 757 548 Quid
817 488 943 533 nou
988 468 1411 536 lamentantes
1428 519 1446 552 ‚
1492 470 1741 537 nullam
1791 472 1917 537 diei
1965 476 2212 556 partem
2263 476 2698 552 remittentes,
2748 477 2889 543 sive

497 574 652 658 quid
710 595 833 640 non
893 575 1254 661 lamentati,
1311 580 1384 640 ut
1428 596 1578 641 cum
1627 584 1813 662 poeta
1858 577 2146 644 Romano
2194 578 2545 657 faciamus,
2599 602 2801 667 usque
2848 603 2889 648 a

494 679 783 746 Lucifero
830 680 1025 746 donec
1071 679 1184 745 lux
1227 682 1491 748 occidat.

583 784 824 851 Eodem
891 786 1018 851 fere
1083 787 1274 853 modo
1334 793 1558 869 χαλᾶν
1625 792 1693 854 in
1752 790 1985 857 Aesch.
2033 791 2363 858 Prometh.
2412 815 2473 859 v.
2528 793 2660 858 256
2706 814 2885 860 usur·

493 897 714 975 patum
762 898 893 957 est:

1036 1000 1310 1066 Τοιοῒσδε
1360 1000 1432 1075 δή
1480 1027 1547 1067 σε
1601 1004 1754 1075 Ζεὺς
1806 1006 1904 1068 ἐπ’
1950 1003 2321 1081 αἰτιάμασιν

1041 1107 1367 1188 Αἶκίζετοιί
1410 1132 1478 1173 τε
1528 1108 1806 1187 κούδαμῆ
1854 1118 2042 1194 χαλᾷ
2091 1118 2327 1189 κακῶν;

587 1212 709 1280 Vv.
761 1212 1120 1279 901-903
1160 1216 1252 1279 sic
1290 1214 1597 1302 leguntur
1638 1218 1706 1280 in
1731 1216 2026 1294 editione,
2055 1238 2249 1302 quam
2276 1217 2467 1284 modo
2490 1220 2880 1285 memoravi:

1403 1321 1661 1399 ὀλβίσαι
1711 1323 1772 1388 δὲ
1818 1324 1941 1404 χρὴ

945 1427 1083 1505 βίον
1131 1429 1572 1503 τελευτήσαντ’
1624 1430 1683 1493 ἐν
1729 1433 1973 1496 εὐεστοῖ
2015 1431 2192 1511 φίλῃ.

947 1536 998 1599 εἰ
1048 1536 1260 1600 πάντα
1307 1536 1360 1600 δ’
1405 1532 1478 1608 ὣς
1531 1540 1944 1617 πράσσοιμεν,
1996 1537 2287 1616 εὐθαρσὴς·
2335 1537 2475 1614 ἐγώ.

583 1641 761 1707 Haeo
806 1640 996 1707 lectio
1041 1649 1259 1707 autem
1307 1643 1736 1709 emendationi
1784 1645 2098 1730 originem
2148 1644 2349 1709 debet.

584 1746 920 1812 Traditum
970 1747 1140 1812 enim
1190 1753 1284 1814 est
1336 1748 1671 1827 πράσσοιμ’
1719 1748 1817 1813 ἄν.
1913 1746 2078 1814 Cum
2130 1770 2279 1815 vero
2325 1755 2390 1814 et
2443 1747 2519 1814 ἂν
2566 1748 2692 1823 εἵην
2741 1752 2884 1815 iure

493 1853 918 1920 desiderarent
966 1861 1030 1919 et
1075 1876 1300 1939 parum
1347 1855 1500 1940 quid
1545 1857 1735 1920 verba
1775 1856 1898 1919 sibi
1939 1854 2174 1920 vellent
2214 1854 2682 1942 intellegerent,
2709 1855 2881 1921 Weil

496 1967 562 2024 et
608 1958 791 2025 Keck
838 1960 1243 2026 scribendum
1293 1964 1416 2026 rati
1465 1967 1632 2027 suut.

946 2062 1114 2130 εἶπον
1164 2066 1301 2132 τάδ’
1347 2071 1421 2139 ὥς
1473 2068 1811 2146 πράσσοιμ’
1859 2067 1936 2132 ἂν
1982 2069 2274 2146 εὐθαρσὴς
2325 2068 2465 2145 ἐγώ.

582 2174 793 2256 Atque
836 2171 939 2237 his
984 2174 1063 2238 ab
1104 2176 1583 2261 Agamemnone
1618 2196 1763 2239 cum
1807 2194 2001 2240 uxore
2040 2176 2585 2239 communicatum
2628 2171 2877 2258 volunt,

494 2278 605 2361 qui
667 2278 829 2342 bono
889 2278 1102 2343 animo
1171 2316 1250 2327 —
1314 2282 1449 2345 sive
1508 2279 1689 2345 nulla
1748 2281 1983 2345 iniuria
2044 2287 2354 2364 quantum
2417 2280 2649 2344 sentiat
2710 2298 2883 2344 com-

490 2384 685 2448 missa
732 2420 813 2430 —
866 2385 929 2447 in
977 2383 1096 2449 hac
1144 2406 1210 2449 re
1257 2405 1444 2472 agere
1489 2382 1723 2471 possit!

581 2487 916 2553 Eiusmodi
960 2493 1306 2555 sententiae
1354 2512 1431 2556 ex
1479 2491 1717 2557 talibus
1765 2492 1973 2556 verbis
2018 2490 2363 2557 eliciendae
2411 2491 2514 2557 vel
2563 2491 2713 2555 τάδε
2753 2490 2878 2557 hoc

488 2591 628 2660 loco
675 2597 954 2680 positum
1004 2596 1254 2681 obesse,
1302 2601 1431 2662 iam
1482 2596 1812 2663 Gilbertus
1857 2597 2193 2663 intellexit.
2261 2597 2332 2662 Id
2381 2617 2585 2685 genus
2633 2599 2878 2662 coniec-

488 2703 652 2764 turis
713 2722 1113 2786 nequaquam
1176 2703 1576 2788 adiuvamur.
1673 2704 1844 2768 Mihi
1893 2724 2004 2768 cur
2051 2725 2088 2768 a
2141 2704 2377 2768 tradita
2421 2702 2692 2769 lectione
2737 2722 2879 2767 om-

486 2808 637 2872 nino
684 2807 1021 2873 decedatur
1068 2810 1230 2874 ratio
1276 2810 1502 2874 idonea
1550 2817 1764 2875 extare
1811 2830 1935 2875 non
1981 2810 2251 2875 videtur.
2305 2809 2572 2874 Duabus
2619 2814 2873 2873 tantum

484 2911 791 2979 litterulis
839 2917 1105 2980 mutatis
1150 2915 1283 3002 legi
1332 2919 1564 3000 possit:

861 3022 913 3084 εἶ
964 3020 1174 3085 πάντα
1224 3021 1277 3085 δ’
1327 3018 1402 3093 ὦς
1454 3020 1785 3101 πράσσοιμ’
1836 3022 1910 3087 ἂν
1960 3023 2280 3102 εὖθοὶρσουν
2330 3021 2476 3097 ἐγώ.

579 3128 910 3207 Εὐθοιρσεῖν
974 3130 1402 3211 compositum
1467 3135 1560 3192 est
1622 3128 1930 3202 verbum,
1998 3127 2167 3213 quod
2228 3128 2396 3211 apud
2466 3126 2872 3213 Aeschylum

483 3233 731 3298 duobus
780 3233 924 3297 aliis
970 3231 1127 3298 locis
1175 3236 1532 3298 invenitur:
1583 3232 1806 3319 Suppl.
1853 3256 1911 3298 v.
1963 3232 2137 3298 1028
2177 3233 2288 3299 ubi
2329 3254 2366 3298 a
2410 3233 2875 3301 Valckenaerio

483 3345 581 3403 est
628 3341 999 3403 restitutum
1050 3339 1205 3424 (vid.
1256 3338 1544 3425 Schultz)
1592 3347 1657 3405 et
1704 3339 1962 3424 Septem
2010 3340 2153 3405 adv.
2204 3338 2322 3404 Th.
2374 3362 2435 3403 v.
2488 3339 2575 3404 34
2621 3347 2797 3423 puto.

576 3444 716 3509 Iam
785 3465 933 3509 vero
1000 3441 1407 3531 Agamemno
1477 3456 1797 3511 asseverat
1864 3467 1959 3523 se,
2024 3447 2077 3511 si
2142 3450 2401 3511 omuino
2454 3446 2566 3511 tali
2614 3446 2877 3514 fortuna

482 3556 705 3616 utatur
773 3552 909 3615 sive
978 3553 1178 3616 vitam
1253 3551 1446 3617 talem
1514 3559 1701 3639 agat,
1769 3552 2021 3636 qualem
2087 3553 2375 3618 versibus
2420 3555 2531 3637 qui
2577 3556 2875 3637 proxime

483 3655 865 3721 antecedunt
912 3656 1257 3721 delineavit
1309 3695 1380 3704 —
1440 3658 1605 3742 quod
1656 3658 1778 3722 sihi
1825 3661 1892 3723 in
1943 3661 2107 3723 votis
2155 3678 2287 3722 esse
2334 3657 2533 3722 simul
2578 3662 2875 3742 optativo

479 3760 802 3849 significat
847 3799 929 3810 —-
981 3761 1143 3826 bono
1213 3763 1504 3827 futurum
1570 3766 1820 3836 animo.
1885 3785 2027 3828 cum
2084 3763 2359 3828 fractum
2425 3771 2489 3828 et
2550 3763 2873 3831 deiectum

480 3890 616 3936 esse
663 3890 741 3933 ex
789 3867 979 3933 modo
1027 3868 1239 3933 irreali
1284 3875 1520 3953 pateat.

573 3974 750 4041 Duos
796 3994 873 4038 ex
920 3972 1249 4057 Sophoclis
1294 3973 1549 4051 fabula,
1591 3996 1752 4060 quae
1792 3974 2071 4060 Oedipus
2119 3982 2429 4061 tyrannus
2474 3976 2876 4053 inscribitur,

480 4080 650 4146 locos
697 4082 752 4144 si
800 4087 1152 4145 tractavero
1173 4127 1190 4155 ‚
1238 4101 1362 4166 quo
1410 4082 1853 4147 contenderem
1901 4083 2260 4166 pervenisse
2306 4103 2463 4146 reor.

573 4185 646 4250 V.
702 4185 829 4250 198
876 4185 1076 4271 vulgo
1126 4185 1462 4251 edebatur:

1204 4292 1393 4357 Τέλει
1443 4295 1569 4375 γὰρ
1617 4292 1675 4358 εἴ
1718 4318 1777 4357 τι
1827 4292 1933 4369 νὺξ
1979 4295 2157 4376 ἁφῇ,

1204 4400 1373 4464 τοῦτ’
1420 4400 1518 4463 ἐπ’
1568 4396 1734 4481 ἦμαρ
1782 4397 2072 4481 ἔρχεται·
