3192 5017
1264 270 1503 335 otono.
2439 250 2573 328 24¹7

210 455 454 523 fundum
509 459 789 544 pooeedit
849 463 918 525 et
974 456 1230 524 loeavff’
1290 457 1461 542 quod
1518 458 1631 523 vix
1677 455 1815 522 fieri
1860 458 2073 541 potuit
2118 456 2197 523 ab
2244 476 2319 523 ea
2342 504 2358 532 ,
2409 476 2571 542 quae

208 583 377 628 usum
422 564 700 630 fructum
747 570 1003 632 tantum
1047 564 1330 631 haberet.
1392 561 1521 629 Sed
1567 563 1851 629 conferas
1893 565 1963 627 in
2008 565 2388 629 contrariam
2423 583 2567 649 par-

209 674 323 734 tem
376 673 413 755 g
462 669 565 747 18,
626 671 743 737 ubi
788 672 1029 737 fatetur
1069 675 1279 737 orator
1294 719 1312 754 ‚
1360 667 1702 735 Caecinam
1747 668 2026 735 Aebutio
2071 676 2320 754 partem
2366 669 2564 734 bono·

206 796 334 840 rum
393 779 613 843 statim
672 779 1085 843 conoemsse:
1153 778 1532 855 „concessit‚
1602 776 1790 842 credo
1809 825 1825 850 ‚
1887 776 2166 841 Aebutio
2184 821 2201 852 ‚
2251 779 2566 860 quantum

209 881 381 948 vellet
424 884 502 949 de
546 881 931 950 Caesenniae
976 884 1158 949 bonis
1203 887 1279 947 ut
1323 883 1585 948 haberet
1606 881 1657 959 ‚³¹
1694 882 1862 947 unde
1900 886 2161 968 apparet
2194 880 2566 947 Ciceronem

207 1008 437 1054 causam
483 1010 785 1076 quaerere
825 991 1237 1076 possessionis
1282 989 1546 1055 Aebutii
1590 1007 1718 1054 non
1765 991 1919 1054 satis
1966 987 2338 1073 explicatae.
2398 983 2567 1051 Con-

207 1094 387 1159 tendit
444 1116 631 1181 porro
678 1093 900 1164 Cicero
945 1099 1012 1160 in
1062 1097 1473 1181 possessionis
1515 1097 1886 1180 quaestione
1931 1093 2114 1160 litem
2162 1112 2289 1159 non
2332 1090 2570 1160 versari

204 1204 259 1263 et
312 1202 756 1268 tantummodo
812 1201 881 1267 id
930 1204 1040 1290 agi
1085 1208 1162 1266 ut
1206 1203 1670 1277 constituatur,
1721 1220 1880 1264 num
1928 1207 2176 1265 armata
2220 1201 2322 1265 vis
2342 1246 2359 1275 ,
2407 1218 2570 1263 sem-

202 1325 298 1390 per
334 1306 750 1393 improbanda
795 1312 861 1373 st
897 1306 1251 1394 punienda,
1291 1305 1582 1372 adhibita
1621 1311 1785 1371 esset
1823 1303 1972 1390 §92
1989 1327 2006 1383 ;
2048 1306 2312 1372 Aebutii
2355 1310 2568 1368 tamen

200 1410 488 1478 delictum
549 1413 761 1481 multo
820 1415 1084 1502 gravius
1141 1418 1277 1479 erat
1298 1462 1315 1490 ,
1365 1415 1423 1478 si
1468 1413 1548 1478 de
1594 1414 1769 1478 iusta
1811 1415 2199 1498 possessione
2246 1412 2567 1479 deiectum

200 1537 317 1583 esse
372 1518 709 1585 Caecinam
772 1521 1136 1606 apparebat.
1228 1518 1302 1584 ld
1362 1521 1418 1583 si
1479 1518 1676 1583 dubio
1736 1520 1947 1584 maius
1992 1519 2219 1585 fuisset
2235 1565 2252 1595 ,
2301 1519 2566 1606 gravius

199 1629 257 1687 et
295 1627 602 1709 copiosius
647 1624 870 1693 Cicero
915 1625 1100 1691 illam
1143 1630 1393 1711 partem
1440 1612 1792 1689 tractasset.
1854 1624 2034 1704 Quae
2077 1645 2223 1690 cum
2269 1626 2364 1690 ita
2401 1625 2564 1708 sint,

199 1731 587 1796 statuendum
646 1732 833 1798 nobis
879 1732 1135 1798 videtur
1180 1751 1329 1796 cum
1376 1737 1633 1795 auctore
1648 1777 1667 1805 ,
1714 1749 1968 1795 causam
2019 1728 2328 1796 Caecinae
2373 1732 2440 1794 in
2489 1749 2566 1795 ea

199 1843 358 1918 parte
410 1837 817 1906 claudicasse.
912 1835 1214 1903 Ceterum
1261 1857 1386 1903 non
1433 1842 1530 1901 est
1572 1855 1828 1901 merum
1875 1837 2015 1911 ius,
2066 1838 2136 1900 in
2182 1856 2312 1921 quo
2354 1855 2563 1901 versa-

199 1961 331 2007 mur
346 1993 365 2017 ‚
425 1944 535 2018 sed
591 1965 673 2010 ex
715 1943 834 2010 illa
880 1946 1244 2030 quaestione
1291 1941 1522 2028 pendet
1567 1938 1911 2007 artificium
1961 1943 2228 2008 oratoris
2247 1991 2267 2019 ,
2314 1941 2393 2006 de
2438 1960 2563 2027 quo

199 2052 470 2134 exposuit
512 2050 597 2115 K.
645 2072 710 2136 p.
754 2049 866 2116 20.

274 2157 479 2241 Atque
522 2157 687 2222 hanc
730 2158 1042 2223 incertam
1091 2158 1400 2221 rationem
1446 2155 1857 2238 possessionis
1901 2154 2100 2220 fuisse
2140 2152 2338 2238 „iuris
2375 2155 2563 2220 dubi-

200 2260 555 2340 tationem,'’
616 2282 779 2347 quae
837 2261 1082 2327 iudices
1141 2264 1418 2327 moverit
1473 2267 1548 2324 ut
1591 2260 1942 2325 identidem
1992 2259 2407 2344 ampliarent,
2456 2281 2562 2326 su-

200 2367 372 2448 spitio
434 2373 691 2433 tantum
760 2370 1036 2433 auctoris
1103 2375 1202 2433 est
1218 2416 1236 2451 ‚
1308 2364 1698 2450 probabilior
1763 2372 1977 2430 tamen
2046 2367 2430 2451 propiusque
2475 2366 2555 2431 ab

200 2471 496 2538 evidentia
534 2482 780 2539 remota
797 2520 815 2552 ‚
858 2493 1049 2559 quam
1089 2473 1330 2539 incerta
1365 2473 1757 2548 coniectura,
1803 2491 1955 2537 cum
1988 2473 2147 2536 dicit
2165 2517 2182 2548 ‚
2206 2492 2562 2557 numquam

199 2576 382 2642 videri
443 2576 783 2645 Caecinam
843 2579 1183 2645 interdicto
1243 2595 1353 2643 lm
1411 2593 1780 2644 Possumus
1841 2577 2215 2643 contendere
2259 2577 2557 2644 voluisse.

199 2679 313 2760 Its,
358 2684 575 2770 opinor
595 2734 612 2760 ‚
661 2684 981 2751 malitiose
1025 2683 1297 2751 Caecina
1343 2683 1791 2750 deductionem
1834 2683 2122 2748 moribus
2166 2686 2564 2768 proposuisse

199 2791 520 2856 censendus
580 2793 702 2856 erit
718 2838 736 2868 ,
799 2797 876 2855 ut
936 2793 1071 2876 ipse
1128 2811 1242 2875 per
1299 2791 1580 2874 speciem
1637 2770 1919 2876 legitimi
1980 2790 2135 2854 iacti
2181 2789 2561 2856 subitarium

199 2895 316 2960 vim
358 2898 665 2962 iniustam
712 2902 1081 2982 provocaret
1127 2901 1241 2962 aut
1285 2897 1425 2979 ipse
1467 2894 1750 2959 inferret.
1842 2893 2067 2978 Neque
2115 2896 2287 2959 enim
2335 2896 2524 2965 video
2540 2943 2558 2975 ‚

201 3002 492 3083 quomodo
535 3003 701 3069 hanc
746 3003 1129 3069 sententiam
1178 3001 1367 3068 aliter
1411 3002 1747 3085 accipiam.
1797 3002 1888 3065 At
1931 3000 2248 3084 quomodo
2294 3000 2568 3067 Caecina

200 3108 542 3189 praevidere
603 3108 816 3194 potuit
874 3128 943 3174 se
1006 3109 1076 3174 vi
1137 3107 1372 3172 coactis
1436 3105 1802 3171 hominibus
1858 3103 2122 3189 pulsum
2180 3102 2305 3170 iri?
2351 3106 2567 3195 Magis

202 3219 423 3294 poterat
488 3213 627 3280 vim
685 3215 997 3280 iniustam
1058 3218 1389 3298 expectare
1405 3260 1422 3287 ,
1480 3213 1538 3276 si
1582 3210 1947 3298 legitimam
1995 3209 2179 3275 illam
2227 3218 2290 3278 et
2337 3214 2568 3278 mitem

203 3318 322 3383 vim
372 3339 493 3386 non
553 3322 1050 3405 praetexuisset,
1113 3321 1181 3384 in
1241 3338 1367 3402 qua
1413 3319 1844 3394 adversarius,
1895 3337 2045 3381 cum
2091 3317 2293 3383 semel
2338 3318 2418 3383 de
2464 3319 2569 3385 de-

206 3420 475 3491 ductione
537 3424 932 3491 convenisset
948 3474 967 3498 ,
1033 3444 1159 3489 non
1206 3430 1370 3489 esset
1416 3428 1696 3488 armatos
1742 3421 2167 3488 adhibiturus.
2261 3422 2326 3488 N
2328 3444 2407 3490 on
2454 3445 2568 3510 ap-

205 3536 360 3610 paret
420 3536 638 3596 autem
656 3577 673 3607 ,
738 3551 852 3596 cur
911 3550 1129 3596 veram
1192 3531 1327 3596 vim
1373 3531 1510 3614 ipse
1558 3526 1907 3593 meditatus
1954 3529 2041 3592 sit
2084 3525 2389 3608 Caecina,
2443 3549 2568 3616 quo

205 3634 347 3700 nihil
389 3636 693 3702 effecisset
734 3638 862 3701 nisi
909 3644 984 3701 ut
1034 3637 1101 3700 in
1155 3656 1223 3702 se
1255 3636 1672 3700 interdictum
1712 3650 1883 3698 mum
1922 3651 1990 3698 vl
2028 3638 2564 3719 pronuntiaretur.

205 3737 455 3807 Videtur
534 3762 686 3808 sane
770 3741 851 3807 ab
919 3742 1105 3807 initio
1173 3742 1515 3807 interdicto
1581 3758 1693 3805 UTI
1757 3755 2125 3806 Possumne
2196 3742 2569 3807 contendere

205 3846 489 3925 voluiss03
556 3847 985 3914 intercedente
1054 3862 1269 3914 autem
1334 3868 1444 3932 per
1506 3846 1852 3912 adversarii
1914 3846 2335 3931 petulantiam
2403 3866 2571 3913 nova

205 3949 303 4019 lite
358 3956 431 4019 dc
489 3959 554 4019 vi
607 3954 858 4018 amatio
899 3954 1232 4019 hominibus
1251 4002 1267 4028 ,
1317 3956 1374 4018 si
1421 3952 1772 4018 secundum
1818 3949 2156 4018 Caecinam
2201 3953 2571 4038 pronuntia-

204 4061 328 4124 tum
372 4064 538 4126 esset
559 4108 577 4136 ,
600 4079 790 4140 ,nova
835 4061 1157 4126 contentio
1202 4079 1668 4145 supervacanea
1713 4065 1850 4124 erat
1894 4058 2135 4124 futura.

279 4164 348 4230 In
391 4165 772 4233 Caeciniana
818 4164 1204 4232 vocabulum
1252 4167 1345 4231 vie
1391 4171 1456 4231 st
1501 4163 1850 4230 formulam
1897 4169 2013 4228 vim
2051 4165 2268 4251 facere
2327 4163 2570 4250 duplici

205 4273 425 4338 ratione
442 4320 460 4352 ‚
523 4272 715 4340 modo
762 4273 840 4339 de
886 4270 1039 4339 ficta
1055 4319 1077 4351 ,
1121 4272 1312 4339 modo
1359 4272 1441 4337 de
1483 4291 1638 4338 vera
1682 4272 1754 4336 vi
1795 4272 2090 4355 usurpari
2133 4289 2260 4335 non
2305 4277 2404 4336 est
2447 4274 2572 4336 mi-

209 4395 334 4442 rum
389 4381 481 4464 (p.
526 4377 666 4463 27).
735 4379 1025 4445 Pertinet
1083 4380 1210 4445 huc
1269 4382 1307 4464 ξ
1354 4379 1465 4463 45,
1512 4379 1591 4443 de
1639 4396 1765 4462 qua
1810 4376 1976 4441 mihi
2018 4396 2145 4442 non
2191 4375 2378 4463 plane
2423 4399 2576 4447 cum
