3192 5017
575 288 709 357 256
1664 304 1905 359 mosao.

578 483 859 572 bellica),
931 483 1042 548 sed
1109 502 1258 548 cum
1322 484 1392 547 in
1448 482 1595 571 lege
1655 482 1788 549 XII
1849 483 1979 550 tab.
2041 480 2367 570 legeretur
2430 483 2531 560 „si
2574 483 2689 568 qui
2733 486 2798 546 in
2839 480 2966 546 iure

579 611 848 658 manum
896 589 1301 672 conserunt’',
1348 590 1411 655 ei
1457 592 1854 655 contrarium
1901 609 2036 656 esse
2081 588 2392 656 docebant
2436 611 2511 653 at
2553 593 2709 653 iure.
2811 586 2964 671 ,Sed

579 703 917 784 postquam
939 746 958 780 ,
1028 695 1241 781 inquit
1254 743 1272 774 ,
1343 702 1665 781 praetores
1735 694 2103 784 propagatis
2170 693 2402 761 Italiae
2469 692 2704 761 finibus
2720 744 2740 780 ,
2809 693 2965 759 datis

579 806 740 869 iuris
785 801 1174 868 dictionibus
1220 802 1501 888 negotiis
1547 804 1878 887 occupati,
1925 800 2242 887 proficisci
2286 801 2718 868 vindiciarum
2762 800 2962 866 dioen-

580 909 810 976 darum
869 928 1062 975 causa
1122 909 1191 973 in
1256 907 1641 994 longinquas
1704 928 1806 974 res
1851 904 2214 995 (reg-iones?
2267 904 2315 992 ¹)
2361 907 2799 994 gravabantur
2814 954 2832 983 ,
2876 907 2963 969 in·

580 1018 883 1082 stitutum
947 1017 1044 1080 est
1104 1020 1322 1080 contra
1383 1013 1721 1080 duodecim
1786 1013 2039 1079 tabulas
2085 1015 2284 1079 tacito
2329 1033 2637 1079 consensu
2654 1063 2673 1097 ,
2721 1019 2797 1077 nt
2839 1011 2963 1077 liti·

581 1125 809 1210 gantes
853 1140 979 1187 non
1026 1122 1095 1186 in
1143 1120 1283 1185 iure
1329 1119 1498 1205 apud
1545 1125 1904 1205 praetorem
1951 1140 2218 1187 manum
2265 1125 2661 1186 consererent
2675 1167 2695 1196 ‚
2744 1118 2852 1185 sed
2889 1135 2962 1185 ex

576 1230 719 1293 iure
781 1247 1048 1292 manum
1110 1229 1469 1292 consertum
1530 1231 1860 1310 vocarent,
1924 1226 1992 1292 id
2038 1232 2135 1292 est
2179 1224 2342 1292 alter
2389 1225 2667 1292 alterum
2710 1246 2792 1291 ex
2832 1226 2962 1290 iure

580 1333 663 1400 ad
731 1331 1179 1399 conserendam
1249 1351 1515 1396 manum
1583 1334 1653 1395 in
1724 1352 1861 1398 rem
1877 1381 1898 1408 ‚
1961 1331 2040 1397 de
2102 1352 2227 1417 qua
2289 1339 2617 1419 ageretur,
2673 1329 2959 1399 vocaret’'

582 1459 638 1505 e.
663 1460 720 1525 q.
749 1459 800 1505 s.
864 1437 1023 1504 Pto:
1077 1439 1484 1525 „propagatis
1529 1436 1755 1504 Italiae
1801 1435 2034 1503 finibus
2082 1436 2326 1503 datis.''
2372 1436 2730 1525 Kappeyne
2772 1439 2961 1504 conii·

583 1547 676 1611 cit
726 1548 1074 1629 propaqata‘s
1134 1543 1368 1608 stabiae
1426 1544 1528 1630 (=
1558 1564 1671 1629 per
1732 1542 1991 1610 Italiam
2007 1545 2067 1629 Ρ)
2111 1544 2352 1628 finibus
2411 1543 2700 1609 civitatis.
2800 1543 2964 1610 Haec

581 1652 899 1718 sententia
941 1668 1091 1716 sane
1136 1651 1484 1735 requiritur
1499 1697 1518 1734 ,
1554 1649 1666 1715 sed
1714 1670 1819 1716 me
1863 1650 2075 1716 iudice
2113 1651 2281 1716 inest
2317 1652 2387 1716 in
2423 1650 2639 1717 verbis
2681 1651 2959 1727 traditis,

579 1776 851 1843 quorum
896 1777 1019 1821 non
1063 1754 1259 1821 dubia
1306 1761 1402 1820 est
1449 1756 1856 1822 constructio.
1954 1752 2154 1822 Gellii
2204 1753 2412 1822 aetate
2457 1756 2686 1824 Italiae
2728 1757 2962 1824 incolae

577 1884 798 1931 omnes
861 1883 1014 1929 cum
1076 1867 1285 1927 essent
1346 1861 1518 1928 cives
1580 1861 1894 1939 Romani,
1954 1860 2211 1927 Italiam
2257 1865 2472 1949 posuit
2517 1883 2631 1949 pro
2677 1866 2957 1953 reg-ione,

580 1972 649 2034 in
697 1989 823 2054 qua
867 1967 1147 2035 Romani
1192 1968 1367 2033 cives
1428 1966 1727 2033 habitant
1788 1973 1902 2033 aut
1964 1987 2039 2032 ea
2102 1972 2283 2053 parte
2344 1967 2719 2053 peninsulae
2737 2020 2756 2054 ,
2812 1990 2958 2056 quae

578 2076 737 2142 olim
799 2077 868 2140 in
914 2074 1228 2140 dicionem
1276 2079 1537 2140 venerat
1581 2072 1940 2140 Romanam
1988 2080 2055 2138 et
2102 2076 2167 2138 in
2217 2094 2342 2159 qua
2390 2094 2543 2162 ager
2587 2075 2884 2161 publicus
2926 2095 2960 2141 a

576 2180 885 2247 Romanis
930 2177 1404 2265 possidebatur,
1453 2178 1531 2244 de
1576 2199 1702 2265 quo
1747 2181 1805 2245 si
1851 2200 2011 2265 quae
2057 2183 2524 2248 controversiae
2569 2187 2784 2261 erant,
2844 2181 2956 2247 Bo-

576 2308 721 2353 mae
781 2286 1267 2387 dirimebantur.
1362 2285 1462 2351 Ad
1521 2285 1685 2351 dats}
1729 2287 2020 2371 proxime
2064 2286 2308 2409 accedit
2351 2293 2562 2366 stabim
2613 2290 2832 2374 itaque
2875 2290 2956 2353 sic

573 2501 686 2565 tiis
754 2498 1258 2574 distinebantur,
1347 2516 1620 2582 quorum
1692 2497 1864 2563 diem
1936 2501 2352 2564 constitutam
2419 2519 2546 2564 non
2614 2500 2952 2567 identidem

573 2610 865 2692 poterant
929 2609 1201 2670 mutare.
1294 2602 1428 2669 Alii
1486 2603 1638 2667 aazia
1695 2609 1810 2669 ant
1869 2606 2086 2668 auctis.
2179 2603 2373 2669 Ennii
2431 2607 2691 2684 verba,
2688 2627 2842 2684 ‚non
2884 2627 2954 2672 ex

571 2716 711 2778 iure
774 2731 1040 2777 manum
1089 2713 1451 2776 consertum
1500 2709 1612 2775 sed
1659 2730 1851 2797 mage
1896 2711 2061 2776 ferro
2108 2732 2244 2777 rem
2291 2713 2634 2797 repetunt''
2680 2714 2764 2781 ad
2807 2733 2953 2799 quae

571 2820 697 2885 ista
758 2816 1082 2883 annotatio
1144 2816 1452 2901 pertinet,
1520 2817 2006 2901 interpretantes
2056 2817 2343 2882 cedimus
2387 2839 2556 2884 nunc
2600 2819 2774 2886 male
2817 2840 2951 2886 auc-

570 2925 817 2992 toritati
865 2920 1311 2990 Gellianorum
1355 2920 1953 2987 iurisconsultorum
1992 2928 2057 2988 et
2101 2924 2783 3006 „commentariorum”
2805 2944 2949 3010 quos

522 3086 531 3093 .
572 3027 826 3097 Gellius
848 3028 1113 3116 leg-erat.
1139 3027 1245 3093 An
1269 3026 1546 3092 latinum
1572 3027 1913 3105 videretur,
1938 3028 2062 3093 nisi
2078 3029 2424 3095 auctoritas
2439 3026 2639 3096 Gellii
2659 3032 2947 3115 obstaret,

570 3135 777 3204 veluti
823 3135 979 3201 hoc:
1036 3154 1153 3217 „ex
1198 3132 1354 3198 urbe
1399 3131 1714 3217 proelium
1758 3132 2055 3199 ineunt”?
2121 3133 2429 3200 Formula
2466 3135 2718 3221 plenius
2754 3141 2948 3203 exstat

569 3244 637 3308 in
683 3248 841 3308 orat.
887 3260 1000 3327 pro
1045 3238 1213 3305 Mur.
1263 3260 1318 3303 c.
1375 3236 1490 3303 12:
1533 3256 1672 3304 mm
1710 3256 1832 3305 mo
1873 3258 1960 3305 nx
2000 3259 2150 3306 mna
2188 3239 2542 3321 Qmmrmu
2580 3260 2769 3308 nou
2805 3260 2947 3309 sess

567 3364 699 3415 uo.
792 3346 951 3412 Inna
996 3365 1087 3411 lm
1132 3362 1256 3411 seo
1304 3362 1386 3410 ms
1431 3362 1519 3410 nx
1564 3363 1717 3411 man
1761 3364 1994 3411 mmm
2040 3363 2419 3413 conensmtm
2464 3364 2647 3413 voco.
2742 3349 2852 3415 Bis
2883 3351 2946 3413 in

571 3474 647 3521 ea
708 3459 806 3519 est
860 3470 947 3517 nx
990 3468 1170 3528 mam
1220 3453 1428 3536 priore
1475 3449 1615 3516 loco
1661 3471 1737 3517 ea
1782 3450 2143 3539 significare
2188 3454 2506 3517 seeundum
2551 3459 2651 3519 ius
2695 3476 2944 3522 consen·

570 3562 744 3625 tiunt
789 3578 1043 3643 omnes;
1091 3576 1216 3621 non
1266 3557 1438 3623 credi
1484 3557 1670 3623 debet
1719 3560 1941 3623 statim
1988 3558 2188 3625 altero
2234 3561 2485 3628 diversa
2532 3544 2683 3647 poni
2717 3560 2942 3650 sig-nifi-

572 3667 840 3732 catione.
933 3661 1105 3728 Male
1164 3663 1516 3749 iungebant
1573 3685 1709 3728 voco
1768 3686 1840 3727 ea·
1885 3665 2047 3741 iure,
2097 3686 2248 3731 cum
2294 3668 2660 3734 cohaerant.
2711 3691 2784 3733 ex
2825 3673 2945 3731 iuro

568 3793 805 3836 manum
849 3776 1194 3835 consertum.

658 3878 738 3943 In
802 3873 1078 3941 formula
1142 3894 1304 3959 quae
1367 3872 1502 3941 Cic.
1548 3874 1662 3941 1.1.
1717 3874 1994 3964 legitur.
2045 3878 2125 3943 ad
2172 3898 2365 3963 quam
2414 3883 2825 3967 respondetur
2867 3881 2938 3945 ab

568 3982 768 4049 altero
817 3980 1258 4069 litigantium:
1316 3998 1526 4064 „unna
1573 3998 1657 4045 'ru
1702 3999 1794 4047 ΜΒ
1839 4000 1926 4048 nx
1972 4001 2123 4048 man
2167 4002 2401 4051 mmm
2432 4004 2804 4055 oonsm'rtm
2839 4003 2940 4052 vo·

566 4105 752 4156 casn
770 4137 790 4173 ,
835 4104 989 4153 mm
1033 4103 1124 4152 1131
1168 4102 1292 4153 neo
1340 4104 1423 4152 'ra
1465 4086 1759 4153 asvooo''
1809 4087 2198 4156 abundantia
2243 4091 2554 4175 quaedam
2601 4100 2697 4160 est
2732 4094 2936 4160 adver·

638 4422 693 4488 1)
727 4420 874 4471 codd.
908 4420 959 4470 in
994 4420 1085 4470 hoc
1115 4420 1272 4487 capite
1304 4419 1480 4487 pmim
1513 4419 1725 4470 lacunosi
1759 4423 1889 4473 sunt·
