<?xml version="1.0" encoding="UTF-8"?>
<!DOCTYPE html PUBLIC "-//W3C//DTD XHTML 1.0 Transitional//EN"
    "http://www.w3.org/TR/xhtml1/DTD/xhtml1-transitional.dtd">
<html xmlns="http://www.w3.org/1999/xhtml" xml:lang="en" lang="en">
 <head>
  <title>
</title>
<meta http-equiv="Content-Type" content="text/html;charset=utf-8" />
  <meta name='ocr-system' content='tesseract 3.04.00' />
  <meta name='ocr-capabilities' content='ocr_page ocr_carea ocr_par ocr_line ocrx_word'/>
</head>
<body>
  <div class='ocr_page' id='page_1' title='image "./mnemosynebiblio14servgoog_0703.png"; bbox 0 0 3192 5017; ppageno 0'>
   <div class='ocr_carea' id='block_1_1' title="bbox 824 1010 2235 1307">
    <p class='ocr_par' dir='ltr' id='par_1_1' title="bbox 824 1010 2235 1307">
     <span class='ocr_line' id='line_1_1' title="bbox 1478 1010 1594 1085; baseline 0 0"><span class='ocrx_word' id='word_1_1' title='bbox 1478 1010 1594 1085; x_wconf 87' lang='lat' dir='ltr'>AD</span> 
     </span>
     <span class='ocr_line' id='line_1_2' title="bbox 824 1160 2235 1307; baseline 0.001 -57"><span class='ocrx_word' id='word_1_2' title='bbox 824 1160 1393 1307; x_wconf 66' lang='lat' dir='ltr'><strong>RLATONEM</strong></span> <span class='ocrx_word' id='word_1_3' title='bbox 1449 1162 1581 1252; x_wconf 86' lang='grc' dir='ltr'>ΕΤ</span> <span class='ocrx_word' id='word_1_4' title='bbox 1637 1161 2235 1254; x_wconf 87' lang='lat' dir='ltr'><strong>LUCIANUM.</strong></span> 
     </span>
    </p>
   </div>
   <div class='ocr_carea' id='block_1_2' title="bbox 1362 1476 1731 1515">
    <p class='ocr_par' dir='ltr' id='par_1_2' title="bbox 1362 1476 1731 1515">
     <span class='ocr_line' id='line_1_3' title="bbox 1362 1476 1731 1515; baseline 0 3502"><span class='ocrx_word' id='word_1_5' title='bbox 1362 1476 1731 1515; x_wconf 95' lang='lat' dir='ltr'> </span> 
     </span>
    </p>
   </div>
   <div class='ocr_carea' id='block_1_3' title="bbox 843 1732 2239 1816">
    <p class='ocr_par' dir='ltr' id='par_1_3' title="bbox 843 1732 2239 1816">
     <span class='ocr_line' id='line_1_4' title="bbox 843 1732 2239 1816; baseline 0.001 -19"><span class='ocrx_word' id='word_1_6' title='bbox 843 1732 1036 1800; x_wconf 76' lang='lat' dir='ltr'>Locus</span> <span class='ocrx_word' id='word_1_7' title='bbox 1081 1733 1419 1798; x_wconf 69' lang='lat' dir='ltr'>Phaedonic</span> <span class='ocrx_word' id='word_1_8' title='bbox 1461 1739 1526 1797; x_wconf 72' lang='lat' dir='ltr'>v’n</span> <span class='ocrx_word' id='word_1_9' title='bbox 1571 1740 1863 1816; x_wconf 59' lang='lat' dir='ltr'>inceptum</span> <span class='ocrx_word' id='word_1_10' title='bbox 1908 1734 2239 1799; x_wconf 70' lang='lat' dir='ltr'>restitutus.</span> 
     </span>
    </p>
   </div>
   <div class='ocr_carea' id='block_1_4' title="bbox 336 1942 2744 3622">
    <p class='ocr_par' dir='ltr' id='par_1_4' title="bbox 336 1942 2744 3622">
     <span class='ocr_line' id='line_1_5' title="bbox 442 1942 2734 2033; baseline 0.001 -26"><span class='ocrx_word' id='word_1_11' title='bbox 442 1942 641 2009; x_wconf 89' lang='lat' dir='ltr'>Nullo</span> <span class='ocrx_word' id='word_1_12' title='bbox 715 1944 908 2010; x_wconf 89' lang='lat' dir='ltr'>modo</span> <span class='ocrx_word' id='word_1_13' title='bbox 968 1950 1176 2030; x_wconf 89' lang='lat' dir='ltr'>potest</span> <span class='ocrx_word' id='word_1_14' title='bbox 1222 1943 1503 2033; x_wconf 82' lang='lat' dir='ltr'>intelligi</span> <span class='ocrx_word' id='word_1_15' title='bbox 1551 1944 1717 2030; x_wconf 90' lang='lat' dir='ltr'>quod</span> <span class='ocrx_word' id='word_1_16' title='bbox 1764 1943 1952 2010; x_wconf 90' lang='lat' dir='ltr'>Plato</span> <span class='ocrx_word' id='word_1_17' title='bbox 1997 1947 2317 2031; x_wconf 77' lang='lat' dir='ltr'>scripsisse</span> <span class='ocrx_word' id='word_1_18' title='bbox 2361 1952 2625 2031; x_wconf 87' lang='lat' dir='ltr'>putatur</span> <span class='ocrx_word' id='word_1_19' title='bbox 2667 1949 2734 2010; x_wconf 91' lang='lat' dir='ltr'>in</span> 
     </span>
     <span class='ocr_line' id='line_1_6' title="bbox 336 2048 2736 2135; baseline 0.001 -21"><span class='ocrx_word' id='word_1_20' title='bbox 336 2048 688 2116; x_wconf 77' lang='lat' dir='ltr'><strong>Phaedone</strong></span> <span class='ocrx_word' id='word_1_21' title='bbox 732 2072 798 2135; x_wconf 88' lang='lat' dir='ltr'>p.</span> <span class='ocrx_word' id='word_1_22' title='bbox 850 2048 935 2115; x_wconf 82' lang='grc'>62</span> <span class='ocrx_word' id='word_1_23' title='bbox 984 2053 1041 2116; x_wconf 89' lang='grc' dir='ltr'><strong>Α</strong></span> <span class='ocrx_word' id='word_1_24' title='bbox 1089 2051 1230 2124; x_wconf 78' lang='grc' dir='ltr'><strong><em>ἴσως</em></strong></span> <span class='ocrx_word' id='word_1_25' title='bbox 1279 2051 1485 2129; x_wconf 80' lang='grc' dir='ltr'><strong><em>μέντοι</em></strong></span> <span class='ocrx_word' id='word_1_26' title='bbox 1534 2050 1895 2129; x_wconf 71' lang='grc' dir='ltr'><strong><em>θαυμαστόν</em></strong></span> <span class='ocrx_word' id='word_1_27' title='bbox 1940 2074 2031 2115; x_wconf 80' lang='grc' dir='ltr'>σοι</span> <span class='ocrx_word' id='word_1_28' title='bbox 2080 2057 2413 2133; x_wconf 69' lang='grc' dir='ltr'><strong><em>φωνεῖται,</em></strong></span> <span class='ocrx_word' id='word_1_29' title='bbox 2464 2055 2514 2118; x_wconf 77' lang='grc' dir='ltr'>εἰ</span> <span class='ocrx_word' id='word_1_30' title='bbox 2556 2058 2736 2116; x_wconf 80' lang='grc' dir='ltr'><strong><em>τοῦτο</em></strong></span> 
     </span>
     <span class='ocr_line' id='line_1_7' title="bbox 339 2155 2737 2243; baseline -0 -21"><span class='ocrx_word' id='word_1_31' title='bbox 339 2155 467 2243; x_wconf 78' lang='lat' dir='ltr'>(se.</span> <span class='ocrx_word' id='word_1_32' title='bbox 541 2156 612 2220; x_wconf 85' lang='grc' dir='ltr'>τὸ</span> <span class='ocrx_word' id='word_1_33' title='bbox 686 2158 875 2222; x_wconf 77' lang='grc' dir='ltr'><strong><em>αὐτὸν</em></strong></span> <span class='ocrx_word' id='word_1_34' title='bbox 946 2158 1163 2222; x_wconf 76' lang='grc' dir='ltr'><strong><em>ἑαυτὸν</em></strong></span> <span class='ocrx_word' id='word_1_35' title='bbox 1233 2158 1692 2243; x_wconf 75' lang='grc' dir='ltr'><strong><em>ἀποκτιννύναι)</em></strong></span> <span class='ocrx_word' id='word_1_36' title='bbox 1757 2156 1936 2237; x_wconf 79' lang='grc' dir='ltr'><strong><em>μόνον</em></strong></span> <span class='ocrx_word' id='word_1_37' title='bbox 1996 2165 2113 2223; x_wconf 85' lang='grc' dir='ltr'>τῶν</span> <span class='ocrx_word' id='word_1_38' title='bbox 2174 2157 2382 2224; x_wconf 78' lang='grc' dir='ltr'><strong><em>ἀλλων</em></strong></span> <span class='ocrx_word' id='word_1_39' title='bbox 2443 2159 2737 2224; x_wconf 74' lang='grc' dir='ltr'><strong><em>ἀπάντων</em></strong></span> 
     </span>
     <span class='ocr_line' id='line_1_8' title="bbox 344 2260 2739 2346; baseline 0.001 -17"><span class='ocrx_word' id='word_1_40' title='bbox 344 2264 592 2329; x_wconf 80' lang='grc' dir='ltr'><strong><em>ἀπλοῦν</em></strong></span> <span class='ocrx_word' id='word_1_41' title='bbox 634 2263 766 2329; x_wconf 73' lang='grc' dir='ltr'>ἐστὶ</span> <span class='ocrx_word' id='word_1_42' title='bbox 812 2264 917 2330; x_wconf 76' lang='grc' dir='ltr'>καὶ</span> <span class='ocrx_word' id='word_1_43' title='bbox 961 2263 1251 2330; x_wconf 78' lang='grc' dir='ltr'><strong><em>οὐδέποτε</em></strong></span> <span class='ocrx_word' id='word_1_44' title='bbox 1290 2264 1608 2344; x_wconf 72' lang='grc' dir='ltr'><strong><em>τυςνχάνει</em></strong></span> <span class='ocrx_word' id='word_1_45' title='bbox 1645 2268 1729 2344; x_wconf 75' lang='grc' dir='ltr'>τῷ</span> <span class='ocrx_word' id='word_1_46' title='bbox 1770 2265 2077 2345; x_wconf 73' lang='grc' dir='ltr'><strong><em>ἀνθρώπῳ,</em></strong></span> <span class='ocrx_word' id='word_1_47' title='bbox 2115 2263 2314 2346; x_wconf 75' lang='grc' dir='ltr'><strong><em>ὥσπερ</em></strong></span> <span class='ocrx_word' id='word_1_48' title='bbox 2354 2268 2456 2330; x_wconf 77' lang='grc' dir='ltr'>καὶ</span> <span class='ocrx_word' id='word_1_49' title='bbox 2497 2260 2739 2341; x_wconf 72' lang='grc' dir='ltr'><strong><em>τᾶλλα,</em></strong></span> 
     </span>
     <span class='ocr_line' id='line_1_9' title="bbox 343 2366 2740 2457; baseline 0 -22"><span class='ocrx_word' id='word_1_50' title='bbox 343 2370 513 2436; x_wconf 83' lang='grc' dir='ltr'><strong><em>ἔστιν</em></strong></span> <span class='ocrx_word' id='word_1_51' title='bbox 564 2366 666 2435; x_wconf 76' lang='grc' dir='ltr'>ὅτε</span> <span class='ocrx_word' id='word_1_52' title='bbox 708 2371 811 2435; x_wconf 78' lang='grc' dir='ltr'>κά)</span> <span class='ocrx_word' id='word_1_53' title='bbox 860 2366 944 2442; x_wconf 75' lang='grc' dir='ltr'>οἷς</span> <span class='ocrx_word' id='word_1_54' title='bbox 996 2370 1245 2449; x_wconf 78' lang='grc' dir='ltr'><strong><em>βέλτιον</em></strong></span> <span class='ocrx_word' id='word_1_55' title='bbox 1293 2370 1576 2436; x_wconf 78' lang='grc' dir='ltr'><strong><em>τεθνάνάι</em></strong></span> <span class='ocrx_word' id='word_1_56' title='bbox 1629 2371 1661 2447; x_wconf 75' lang='grc' dir='ltr'>ἢ</span> <span class='ocrx_word' id='word_1_57' title='bbox 1707 2368 1830 2450; x_wconf 77' lang='grc' dir='ltr'><strong><em>ζῆν.</em></strong></span> <span class='ocrx_word' id='word_1_58' title='bbox 1926 2371 2147 2457; x_wconf 87' lang='lat' dir='ltr'>Neque</span> <span class='ocrx_word' id='word_1_59' title='bbox 2185 2372 2356 2437; x_wconf 88' lang='lat' dir='ltr'>enim</span> <span class='ocrx_word' id='word_1_60' title='bbox 2396 2372 2551 2438; x_wconf 86' lang='lat' dir='ltr'>haec</span> <span class='ocrx_word' id='word_1_61' title='bbox 2594 2380 2740 2457; x_wconf 78' lang='lat' dir='ltr'>apte</span> 
     </span>
     <span class='ocr_line' id='line_1_10' title="bbox 343 2476 2729 2563; baseline 0 -22"><span class='ocrx_word' id='word_1_62' title='bbox 343 2479 514 2542; x_wconf 86' lang='lat' dir='ltr'>inter</span> <span class='ocrx_word' id='word_1_63' title='bbox 565 2497 631 2542; x_wconf 90' lang='lat' dir='ltr'>se</span> <span class='ocrx_word' id='word_1_64' title='bbox 680 2476 1015 2542; x_wconf 79' lang='lat' dir='ltr'>cohaerent</span> <span class='ocrx_word' id='word_1_65' title='bbox 1061 2498 1262 2563; x_wconf 88' lang='lat' dir='ltr'>neque</span> <span class='ocrx_word' id='word_1_66' title='bbox 1310 2476 1594 2543; x_wconf 78' lang='lat' dir='ltr'>Socrates</span> <span class='ocrx_word' id='word_1_67' title='bbox 1641 2476 1777 2542; x_wconf 91' lang='lat' dir='ltr'>ullo</span> <span class='ocrx_word' id='word_1_68' title='bbox 1822 2477 2013 2543; x_wconf 89' lang='lat' dir='ltr'>modo</span> <span class='ocrx_word' id='word_1_69' title='bbox 2058 2477 2264 2543; x_wconf 88' lang='lat' dir='ltr'>dicere</span> <span class='ocrx_word' id='word_1_70' title='bbox 2310 2485 2518 2563; x_wconf 90' lang='lat' dir='ltr'>potest</span> <span class='ocrx_word' id='word_1_71' title='bbox 2563 2499 2729 2543; x_wconf 91' lang='lat' dir='ltr'>mor-</span> 
     </span>
     <span class='ocr_line' id='line_1_11' title="bbox 343 2582 2737 2669; baseline -0 -20"><span class='ocrx_word' id='word_1_72' title='bbox 343 2590 477 2649; x_wconf 89' lang='lat' dir='ltr'>tem</span> <span class='ocrx_word' id='word_1_73' title='bbox 529 2603 855 2667; x_wconf 89' lang='lat' dir='ltr'>nunquam</span> <span class='ocrx_word' id='word_1_74' title='bbox 906 2585 1080 2648; x_wconf 85' lang='lat' dir='ltr'>vitae</span> <span class='ocrx_word' id='word_1_75' title='bbox 1127 2604 1260 2648; x_wconf 88' lang='lat' dir='ltr'>esse</span> <span class='ocrx_word' id='word_1_76' title='bbox 1309 2583 1804 2667; x_wconf 78' lang='lat' dir='ltr'>praeferendam.</span> <span class='ocrx_word' id='word_1_77' title='bbox 1895 2582 2122 2669; x_wconf 89' lang='lat' dir='ltr'>Itaque</span> <span class='ocrx_word' id='word_1_78' title='bbox 2168 2586 2235 2648; x_wconf 92' lang='lat' dir='ltr'>in</span> <span class='ocrx_word' id='word_1_79' title='bbox 2283 2587 2495 2649; x_wconf 92' lang='lat' dir='ltr'>omnia</span> <span class='ocrx_word' id='word_1_80' title='bbox 2531 2585 2737 2651; x_wconf 84' lang='lat' dir='ltr'>diver-</span> 
     </span>
     <span class='ocr_line' id='line_1_12' title="bbox 341 2687 2736 2775; baseline -0 -20"><span class='ocrx_word' id='word_1_81' title='bbox 341 2692 602 2755; x_wconf 91' lang='lat' dir='ltr'>sissima</span> <span class='ocrx_word' id='word_1_82' title='bbox 672 2689 908 2754; x_wconf 90' lang='lat' dir='ltr'>abeunt</span> <span class='ocrx_word' id='word_1_83' title='bbox 968 2689 1365 2773; x_wconf 73' lang='lat' dir='ltr'>interpretes.</span> <span class='ocrx_word' id='word_1_84' title='bbox 1463 2687 1880 2752; x_wconf 79' lang='lat' dir='ltr'>Manifestum</span> <span class='ocrx_word' id='word_1_85' title='bbox 1945 2696 2039 2753; x_wconf 86' lang='lat' dir='ltr'>est</span> <span class='ocrx_word' id='word_1_86' title='bbox 2099 2700 2314 2754; x_wconf 90' lang='lat' dir='ltr'>autem</span> <span class='ocrx_word' id='word_1_87' title='bbox 2378 2688 2622 2775; x_wconf 91' lang='lat' dir='ltr'>aliquid</span> <span class='ocrx_word' id='word_1_88' title='bbox 2669 2691 2736 2754; x_wconf 92' lang='lat' dir='ltr'>in</span> 
     </span>
     <span class='ocr_line' id='line_1_13' title="bbox 346 2793 2737 2879; baseline 0 -19"><span class='ocrx_word' id='word_1_89' title='bbox 346 2795 516 2861; x_wconf 90' lang='lat' dir='ltr'>hanc</span> <span class='ocrx_word' id='word_1_90' title='bbox 563 2795 944 2861; x_wconf 87' lang='lat' dir='ltr'>sententiam</span> <span class='ocrx_word' id='word_1_91' title='bbox 996 2794 1273 2860; x_wconf 86' lang='lat' dir='ltr'>voluisse</span> <span class='ocrx_word' id='word_1_92' title='bbox 1320 2793 1812 2879; x_wconf 88' lang='lat' dir='ltr'>philosophum:</span> <span class='ocrx_word' id='word_1_93' title='bbox 1862 2794 2101 2859; x_wconf 91' lang='lat' dir='ltr'>mirum</span> <span class='ocrx_word' id='word_1_94' title='bbox 2149 2796 2414 2860; x_wconf 86' lang='lat' dir='ltr'>fortasse</span> <span class='ocrx_word' id='word_1_95' title='bbox 2460 2797 2582 2860; x_wconf 90' lang='lat' dir='ltr'>tibi</span> <span class='ocrx_word' id='word_1_96' title='bbox 2647 2798 2737 2861; x_wconf 86' lang='lat' dir='ltr'>vi-</span> 
     </span>
     <span class='ocr_line' id='line_1_14' title="bbox 345 2898 2737 2986; baseline 0 -21"><span class='ocrx_word' id='word_1_97' title='bbox 345 2903 606 2968; x_wconf 88' lang='lat' dir='ltr'>debitur</span> <span class='ocrx_word' id='word_1_98' title='bbox 673 2902 917 2966; x_wconf 90' lang='lat' dir='ltr'>nemini</span> <span class='ocrx_word' id='word_1_99' title='bbox 988 2921 1269 2985; x_wconf 90' lang='lat' dir='ltr'>unquam</span> <span class='ocrx_word' id='word_1_100' title='bbox 1332 2899 1524 2965; x_wconf 91' lang='lat' dir='ltr'>licere</span> <span class='ocrx_word' id='word_1_101' title='bbox 1591 2920 1657 2964; x_wconf 88' lang='lat' dir='ltr'>se</span> <span class='ocrx_word' id='word_1_102' title='bbox 1719 2898 2066 2966; x_wconf 89' lang='lat' dir='ltr'>interficere</span> <span class='ocrx_word' id='word_1_103' title='bbox 2091 2950 2106 2975; x_wconf 90' lang='lat'>,</span> <span class='ocrx_word' id='word_1_104' title='bbox 2172 2922 2250 2965; x_wconf 89' lang='lat' dir='ltr'>ne</span> <span class='ocrx_word' id='word_1_105' title='bbox 2312 2904 2392 2966; x_wconf 89' lang='lat' dir='ltr'>iis</span> <span class='ocrx_word' id='word_1_106' title='bbox 2438 2902 2695 2986; x_wconf 89' lang='lat' dir='ltr'>quidem</span> <span class='ocrx_word' id='word_1_107' title='bbox 2719 2952 2737 2985; x_wconf 85' lang='lat'>,</span> 
     </span>
     <span class='ocr_line' id='line_1_15' title="bbox 348 3004 2738 3092; baseline -0 -19"><span class='ocrx_word' id='word_1_108' title='bbox 348 3008 588 3092; x_wconf 89' lang='lat' dir='ltr'>quibus</span> <span class='ocrx_word' id='word_1_109' title='bbox 634 3026 807 3072; x_wconf 91' lang='lat' dir='ltr'>mors</span> <span class='ocrx_word' id='word_1_110' title='bbox 853 3008 990 3073; x_wconf 83' lang='lat' dir='ltr'>vita</span> <span class='ocrx_word' id='word_1_111' title='bbox 1031 3007 1239 3090; x_wconf 89' lang='lat' dir='ltr'>potior</span> <span class='ocrx_word' id='word_1_112' title='bbox 1278 3005 1552 3071; x_wconf 86' lang='lat' dir='ltr'>videtur.</span> <span class='ocrx_word' id='word_1_113' title='bbox 1604 3004 2029 3085; x_wconf 84' lang='lat' dir='ltr'>Quamobrem</span> <span class='ocrx_word' id='word_1_114' title='bbox 2074 3006 2476 3072; x_wconf 89' lang='lat' dir='ltr'>scribendum</span> <span class='ocrx_word' id='word_1_115' title='bbox 2519 3027 2738 3073; x_wconf 86' lang='lat' dir='ltr'>censeo</span> 
     </span>
     <span class='ocr_line' id='line_1_16' title="bbox 352 3107 2737 3197; baseline -0.001 -17"><span class='ocrx_word' id='word_1_116' title='bbox 352 3115 457 3180; x_wconf 71' lang='grc' dir='ltr'>καὶ</span> <span class='ocrx_word' id='word_1_117' title='bbox 512 3113 795 3179; x_wconf 75' lang='grc' dir='ltr'><strong><em>οὐδέποτε</em></strong></span> <span class='ocrx_word' id='word_1_118' title='bbox 843 3112 1158 3194; x_wconf 71' lang='grc' dir='ltr'><strong><em>τυγχάνει</em></strong></span> <span class='ocrx_word' id='word_1_119' title='bbox 1205 3114 1290 3193; x_wconf 77' lang='grc' dir='ltr'>τῷ</span> <span class='ocrx_word' id='word_1_120' title='bbox 1336 3111 1659 3192; x_wconf 80' lang='grc' dir='ltr'><strong><em>ἀνθρώπῳ,</em></strong></span> <span class='ocrx_word' id='word_1_121' title='bbox 1709 3108 1907 3192; x_wconf 75' lang='grc' dir='ltr'><strong><em>ὥσπερ</em></strong></span> <span class='ocrx_word' id='word_1_122' title='bbox 1957 3113 2062 3177; x_wconf 71' lang='grc' dir='ltr'>καὶ</span> <span class='ocrx_word' id='word_1_123' title='bbox 2112 3107 2366 3197; x_wconf 71' lang='grc' dir='ltr'><strong>τᾶλλα,</strong></span> <span class='ocrx_word' id='word_1_124' title='bbox 2416 3112 2579 3178; x_wconf 79' lang='grc' dir='ltr'><strong><em>ἔστιν</em></strong></span> <span class='ocrx_word' id='word_1_125' title='bbox 2637 3112 2737 3178; x_wconf 75' lang='grc' dir='ltr'>ὅτε</span> 
     </span>
     <span class='ocr_line' id='line_1_17' title="bbox 358 3213 2736 3298; baseline -0 -12"><span class='ocrx_word' id='word_1_126' title='bbox 358 3221 464 3286; x_wconf 72' lang='grc' dir='ltr'>καὶ</span> <span class='ocrx_word' id='word_1_127' title='bbox 536 3215 619 3291; x_wconf 72' lang='grc' dir='ltr'>οἷς</span> <span class='ocrx_word' id='word_1_128' title='bbox 685 3218 1027 3298; x_wconf 81' lang='grc' dir='ltr'><strong><em>βέλτιον</em></strong></span> <span class='ocrx_word' id='word_1_129' title='bbox 1093 3215 1170 3284; x_wconf 80' lang='grc' dir='ltr'>ὃν</span> <span class='ocrx_word' id='word_1_130' title='bbox 1233 3216 1507 3288; x_wconf 75' lang='grc' dir='ltr'><strong><em>ἄλλως</em></strong></span> <span class='ocrx_word' id='word_1_131' title='bbox 1571 3241 1657 3283; x_wconf 83' lang='grc' dir='ltr'>τε</span> <span class='ocrx_word' id='word_1_132' title='bbox 1697 3218 1860 3283; x_wconf 69' lang='grc' dir='ltr'>’καὶ</span> <span class='ocrx_word' id='word_1_133' title='bbox 1910 3213 2027 3290; x_wconf 74' lang='grc' dir='ltr'>οἷς</span> <span class='ocrx_word' id='word_1_134' title='bbox 2075 3218 2324 3297; x_wconf 79' lang='grc' dir='ltr'><strong><em>βέλτιον</em></strong></span> <span class='ocrx_word' id='word_1_135' title='bbox 2371 3220 2736 3294; x_wconf 79' lang='grc' dir='ltr'><strong><em>τεθνάναιιῆ</em></strong></span> 
     </span>
     <span class='ocr_line' id='line_1_18' title="bbox 350 3323 2743 3411; baseline 0 -21"><span class='ocrx_word' id='word_1_136' title='bbox 350 3326 478 3409; x_wconf 77' lang='grc' dir='ltr'><strong><em>ζῆν.</em></strong></span> <span class='ocrx_word' id='word_1_137' title='bbox 577 3325 744 3408; x_wconf 83' lang='lat' dir='ltr'>Quid</span> <span class='ocrx_word' id='word_1_138' title='bbox 804 3325 1101 3391; x_wconf 80' lang='lat' dir='ltr'>lacunam</span> <span class='ocrx_word' id='word_1_139' title='bbox 1166 3326 1518 3411; x_wconf 86' lang='lat' dir='ltr'>pepererit,</span> <span class='ocrx_word' id='word_1_140' title='bbox 1581 3326 1649 3388; x_wconf 91' lang='lat' dir='ltr'>in</span> <span class='ocrx_word' id='word_1_141' title='bbox 1709 3331 1925 3409; x_wconf 87' lang='lat' dir='ltr'>aperto</span> <span class='ocrx_word' id='word_1_142' title='bbox 1974 3332 2088 3391; x_wconf 90' lang='lat' dir='ltr'>est.</span> <span class='ocrx_word' id='word_1_143' title='bbox 2183 3323 2369 3390; x_wconf 89' lang='lat' dir='ltr'>Oculi</span> <span class='ocrx_word' id='word_1_144' title='bbox 2418 3326 2660 3393; x_wconf 89' lang='lat' dir='ltr'>scribae</span> <span class='ocrx_word' id='word_1_145' title='bbox 2707 3346 2743 3390; x_wconf 89' lang='lat' dir='ltr'>a</span> 
     </span>
     <span class='ocr_line' id='line_1_19' title="bbox 352 3428 2744 3520; baseline -0.001 -21"><span class='ocrx_word' id='word_1_146' title='bbox 352 3437 562 3520; x_wconf 88' lang='lat' dir='ltr'>priore</span> <span class='ocrx_word' id='word_1_147' title='bbox 626 3432 730 3497; x_wconf 70' lang='lat' dir='ltr'>xa)</span> <span class='ocrx_word' id='word_1_148' title='bbox 780 3428 862 3505; x_wconf 73' lang='grc' dir='ltr'>οἷς</span> <span class='ocrx_word' id='word_1_149' title='bbox 913 3431 1163 3511; x_wconf 75' lang='grc' dir='ltr'><strong><em>βέλτιον</em></strong></span> <span class='ocrx_word' id='word_1_150' title='bbox 1213 3431 1289 3498; x_wconf 88' lang='lat' dir='ltr'>ad</span> <span class='ocrx_word' id='word_1_151' title='bbox 1338 3432 1654 3515; x_wconf 84' lang='lat' dir='ltr'>posterius</span> <span class='ocrx_word' id='word_1_152' title='bbox 1705 3432 2190 3507; x_wconf 83' lang='lat' dir='ltr'>aberraverunt,</span> <span class='ocrx_word' id='word_1_153' title='bbox 2241 3434 2352 3516; x_wconf 90' lang='lat' dir='ltr'>qui</span> <span class='ocrx_word' id='word_1_154' title='bbox 2399 3432 2535 3497; x_wconf 86' lang='lat' dir='ltr'>fons</span> <span class='ocrx_word' id='word_1_155' title='bbox 2581 3452 2744 3496; x_wconf 87' lang='lat' dir='ltr'>erro·</span> 
     </span>
     <span class='ocr_line' id='line_1_20' title="bbox 348 3537 2264 3622; baseline -0.002 -17"><span class='ocrx_word' id='word_1_156' title='bbox 348 3560 496 3605; x_wconf 90' lang='lat' dir='ltr'>rum</span> <span class='ocrx_word' id='word_1_157' title='bbox 550 3542 620 3605; x_wconf 90' lang='lat' dir='ltr'>in</span> <span class='ocrx_word' id='word_1_158' title='bbox 668 3541 967 3605; x_wconf 85' lang='lat' dir='ltr'>omnibus</span> <span class='ocrx_word' id='word_1_159' title='bbox 1012 3537 1196 3603; x_wconf 89' lang='lat' dir='ltr'>libris</span> <span class='ocrx_word' id='word_1_160' title='bbox 1242 3538 1693 3622; x_wconf 85' lang='lat' dir='ltr'>manuscriptis</span> <span class='ocrx_word' id='word_1_161' title='bbox 1742 3544 1839 3603; x_wconf 86' lang='lat' dir='ltr'>est</span> <span class='ocrx_word' id='word_1_162' title='bbox 1883 3538 2264 3615; x_wconf 86' lang='lat' dir='ltr'>uberrimus.</span> 
     </span>
    </p>
   </div>
   <div class='ocr_carea' id='block_1_5' title="bbox 1305 3796 1790 3848">
    <p class='ocr_par' dir='ltr' id='par_1_5' title="bbox 1305 3796 1790 3848">
     <span class='ocr_line' id='line_1_21' title="bbox 1305 3796 1790 3848; baseline -0.002 -2"><span class='ocrx_word' id='word_1_163' title='bbox 1305 3797 1392 3846; x_wconf 75' lang='lat' dir='ltr'>n)</span> <span class='ocrx_word' id='word_1_164' title='bbox 1441 3796 1790 3848; x_wconf 69' lang='lat' dir='ltr'>mountm-</span> 
     </span>
    </p>
   </div>
   <div class='ocr_carea' id='block_1_6' title="bbox 356 3989 2744 4398">
    <p class='ocr_par' dir='ltr' id='par_1_6' title="bbox 356 3989 2744 4398">
     <span class='ocr_line' id='line_1_22' title="bbox 446 3989 2744 4072; baseline -0 -13"><span class='ocrx_word' id='word_1_165' title='bbox 446 3995 740 4060; x_wconf 72' lang='lat' dir='ltr'>Somnium</span> <span class='ocrx_word' id='word_1_166' title='bbox 787 4015 841 4059; x_wconf 84' lang='lat' dir='ltr'>c.</span> <span class='ocrx_word' id='word_1_167' title='bbox 895 3992 958 4059; x_wconf 84' lang='grc'>6.</span> <span class='ocrx_word' id='word_1_168' title='bbox 1005 3989 1143 4072; x_wconf 78' lang='grc' dir='ltr'><strong><em>ἀρτι</em></strong></span> <span class='ocrx_word' id='word_1_169' title='bbox 1193 3991 1308 4070; x_wconf 75' lang='grc' dir='ltr'>μὲν</span> <span class='ocrx_word' id='word_1_170' title='bbox 1357 3989 1434 4057; x_wconf 73' lang='grc' dir='ltr'>ἂν</span> <span class='ocrx_word' id='word_1_171' title='bbox 1486 3993 1520 4066; x_wconf 76' lang='grc' dir='ltr'><em>ἡ</em></span> <span class='ocrx_word' id='word_1_172' title='bbox 1570 3989 1751 4070; x_wconf 72' lang='grc' dir='ltr'><strong><em>ἑτέρα</em></strong></span> <span class='ocrx_word' id='word_1_173' title='bbox 1802 3989 2125 4071; x_wconf 76' lang='grc' dir='ltr'><strong><em>ἕπεκράτει</em></strong></span> <span class='ocrx_word' id='word_1_174' title='bbox 2172 3990 2279 4055; x_wconf 71' lang='grc' dir='ltr'>καὶ</span> <span class='ocrx_word' id='word_1_175' title='bbox 2320 3991 2493 4071; x_wconf 71' lang='grc' dir='ltr'>παρὰ</span> <span class='ocrx_word' id='word_1_176' title='bbox 2533 3991 2744 4069; x_wconf 80' lang='grc' dir='ltr'><strong><em>μικρὸν</em></strong></span> 
     </span>
     <span class='ocr_line' id='line_1_23' title="bbox 364 4091 2743 4182; baseline 0.002 -23"><span class='ocrx_word' id='word_1_177' title='bbox 364 4091 497 4163; x_wconf 75' lang='grc' dir='ltr'><strong><em>δ’λον</em></strong></span> <span class='ocrx_word' id='word_1_178' title='bbox 562 4096 701 4182; x_wconf 76' lang='grc' dir='ltr'>εἶχέ</span> <span class='ocrx_word' id='word_1_179' title='bbox 762 4123 886 4178; x_wconf 77' lang='grc' dir='ltr'>με,</span> <span class='ocrx_word' id='word_1_180' title='bbox 949 4096 1092 4179; x_wconf 77' lang='grc' dir='ltr'><strong><em>ἀρτι</em></strong></span> <span class='ocrx_word' id='word_1_181' title='bbox 1161 4096 1214 4162; x_wconf 75' lang='grc' dir='ltr'>δ’</span> <span class='ocrx_word' id='word_1_182' title='bbox 1280 4096 1359 4162; x_wconf 82' lang='grc' dir='ltr'>ἂν</span> <span class='ocrx_word' id='word_1_183' title='bbox 1423 4094 1591 4163; x_wconf 65' lang='grc' dir='ltr'><strong><em>αὖθις</em></strong></span> <span class='ocrx_word' id='word_1_184' title='bbox 1645 4094 1979 4170; x_wconf 76' lang='grc' dir='ltr'><strong><em>ὑπὸτῆς</em></strong></span> <span class='ocrx_word' id='word_1_185' title='bbox 2032 4097 2318 4177; x_wconf 77' lang='grc' dir='ltr'><strong><em>ἑτέραις</em></strong></span> <span class='ocrx_word' id='word_1_186' title='bbox 2369 4096 2743 4178; x_wconf 74' lang='grc' dir='ltr'><strong><em>εἷχόμην.</em></strong></span> 
     </span>
     <span class='ocr_line' id='line_1_24' title="bbox 356 4201 2744 4291; baseline 0.001 -22"><span class='ocrx_word' id='word_1_187' title='bbox 356 4202 684 4273; x_wconf 81' lang='lat' dir='ltr'>Sententia</span> <span class='ocrx_word' id='word_1_188' title='bbox 745 4205 1014 4291; x_wconf 88' lang='lat' dir='ltr'>requirit</span> <span class='ocrx_word' id='word_1_189' title='bbox 1078 4205 1131 4267; x_wconf 82' lang='grc' dir='ltr'>ὑ.</span> <span class='ocrx_word' id='word_1_190' title='bbox 1179 4229 1239 4268; x_wconf 94' lang='grc' dir='ltr'>τ.</span> <span class='ocrx_word' id='word_1_191' title='bbox 1292 4204 1341 4267; x_wconf 81' lang='grc' dir='ltr'>ἓ.</span> <span class='ocrx_word' id='word_1_192' title='bbox 1403 4201 1624 4283; x_wconf 74' lang='grc' dir='ltr'>παρὰ</span> <span class='ocrx_word' id='word_1_193' title='bbox 1691 4204 1979 4281; x_wconf 80' lang='grc' dir='ltr'><strong><em>μικρὸν</em></strong></span> <span class='ocrx_word' id='word_1_194' title='bbox 2042 4203 2403 4282; x_wconf 75' lang='grc' dir='ltr'>εἰχόμην.</span> <span class='ocrx_word' id='word_1_195' title='bbox 2499 4203 2744 4271; x_wconf 86' lang='lat' dir='ltr'>Neutra</span> 
     </span>
     <span class='ocr_line' id='line_1_25' title="bbox 360 4312 1077 4398; baseline 0.004 -26"><span class='ocrx_word' id='word_1_196' title='bbox 360 4312 529 4375; x_wconf 89' lang='lat' dir='ltr'>enim</span> <span class='ocrx_word' id='word_1_197' title='bbox 575 4333 647 4379; x_wconf 86' lang='lat' dir='ltr'>eo</span> <span class='ocrx_word' id='word_1_198' title='bbox 694 4313 1077 4398; x_wconf 87' lang='lat' dir='ltr'>potiebatur.</span> 
     </span>
    </p>
   </div>
  </div>
 </body>
</html>
