3192 5017
1254 291 1650 364 assem-mxi.
2554 279 2641 365 8‘7

249 487 685 572 καλλίμορφος
754 485 907 556 Eur.
978 487 1171 555 Herc.
1235 488 1355 553 fur.
1425 484 1577 550 925.
1673 484 2057 572 Saepissime
2126 492 2344 554 autem
2412 486 2635 564 liberi,

247 600 585 664 carissima
644 599 890 683 capita,
955 597 1219 683 tragicis
1278 596 1480 680 poetis
1525 593 1756 658 νεοσσοί
1801 593 2120 659 dicuntur.
2168 593 2452 681 Choeph.
2501 594 2633 660 256
2753 613 2760 620 ·

248 711 311 770 et
356 702 490 770 501
546 702 802 770 Electra
847 708 913 768 et
959 700 1210 767 Orestes
1255 702 1349 765 ita
1395 699 1730 778 dicuntur,
1780 702 2013 789 Agam.
2065 697 2279 765 825⁶
2246 725 2438 767 ιιι-που
2476 726 2637 767 νεοσ-

249 809 342 877 σοί
403 810 604 876 duces
664 813 816 875 sunt
874 806 1264 875 Graecorum
1325 826 1487 891 equo
1539 805 1803 883 inclusi,
1851 805 2092 872 Alcest.
2146 803 2279 871 403
2325 806 2637 875 Eumelus

247 916 524 983 Admeti
586 914 760 981 filius
815 917 908 982 ita
968 919 1266 991 vocatur,
1331 915 1660 1000 Astyanax
1731 911 2041 978 Androm.
2106 913 2233 979 441
2297 921 2360 980 et
2411 914 2636 983 Troad.

250 1021 415 1107 746,
494 1020 747 1088 Orestes
806 1021 951 1108 Iph.
1014 1020 1165 1087 Aul.
1234 1018 1446 1097 1248,
1508 1017 1809 1085 Herculis
1870 1019 2141 1104 denique
2200 1019 2387 1086 liberi
2443 1020 2639 1087 Herc.

246 1130 369 1194 fur.
439 1127 569 1213 72,
631 1126 765 1193 224
826 1133 891 1193 et
950 1125 1103 1193 982.
1168 1125 1292 1192 Sed
1342 1125 1513 1192 dices
1559 1125 1824 1191 fortasse
1869 1146 2066 1190 unam
2114 1126 2308 1192 fuisse
2356 1125 2641 1193 Helenae

248 1233 455 1301 filiam
512 1234 930 1300 Hermionen.
1024 1232 1258 1298 Verum
1310 1232 1377 1297 id
1425 1236 1521 1297 est
1565 1252 1830 1317 eamque
1875 1232 2116 1299 samam
2163 1254 2312 1297 oum
2361 1232 2642 1300 Homero

245 1344 545 1427 sequitur
604 1340 942 1426 Euripides
1002 1338 1232 1405 Helen.
1283 1335 1440 1411 283,
1493 1336 1631 1423 Iph.
1683 1336 1833 1404 Aul.
1884 1337 2096 1423 1201,
2144 1339 2456 1408 Androm.
2505 1340 2640 1408 898

248 1452 314 1513 et
376 1445 584 1512 Orest.
653 1444 774 1524 653
837 1445 947 1511 sed
1009 1443 1196 1511 aliter
1257 1442 1601 1529 Sophocles
1646 1442 1882 1510 Electr.
1932 1442 2095 1511 529:
2146 1446 2393 1523 πότερον
2438 1449 2640 1532 ἐκείνῳ

246 1553 477 1626 παῖδες
541 1555 646 1618 οὐκ
710 1549 864 1627 ἦσαν
924 1553 1235 1629 διπλοῖς
1288 1548 1365 1615 ad
1416 1570 1607 1636 quem
1655 1549 1866 1616 locum
1917 1551 2309 1638 adscriptum
2355 1553 2638 1642 legimus

248 1658 520 1726 Hesiodi
564 1659 1024 1746 fragmentum.

619 1763 652 1840 ἣ
697 1762 912 1830 τέκεθ’
962 1764 1276 1845 Ἑρμιόνην
1324 1762 1704 1844 δουρικλειτῷ
1753 1763 2090 1844 Μενελάῳ,

618 1871 962 1936 ὁπλότατον
1007 1870 1064 1934 δ’
1116 1867 1319 1934 ἔτεκεν
1368 1868 1779 1949 Νικόςρατον,
1829 1867 1954 1948 όζον
1992 1869 2237 1951 ’'Apnoc.

251 1978 496 2045 Deinde
521 1978 930 2044 vehementer
954 1977 1149 2063 probo
1174 1975 1342 2063 quod
1389 1976 1570 2042 addit
1609 1978 2111 2063 grammaticus:
2150 1978 2217 2043 οὗ
2259 1980 2390 2060 περὶ
2435 1982 2642 2061 μεγά-

254 2102 370 2152 λων
442 2084 508 2150 δὲ
579 2086 647 2149 αἱ
711 2089 999 2149 τοιαῦται
1062 2082 1392 2162 διαφωνίαι
1454 2090 1581 2155 τοῖς
1647 2090 1969 2161 ποιηταῖς,
2036 2080 2152 2152 ὅτε
2216 2088 2280 2151 οὐ
2319 2086 2496 2152 ’πάνυ
2543 2089 2640 2155 δεῖ

256 2194 468 2264 αὐτοῖς
534 2191 637 2256 ἐπὶ
684 2196 802 2254 τῶν
848 2189 1128 2255 τοιούτων
1174 2190 1486 2274 ἐνοχλεῖν,
1534 2190 1888 2267 ἀφεμένους
1935 2194 2052 2254 τῶν
2100 2190 2633 2274 ἀναγκαιοτέρων,

253 2295 410 2377 ὅπερ
483 2297 1113 2377 παρατηρεῖν-’ἐχρῆν
1136 2319 1151 2334 ·
1218 2301 1434 2360 ταῦτα
1493 2293 1558 2360 δέ
1621 2296 1710 2364 ἕςι
1771 2298 1857 2362 τοὶ
1920 2293 2112 2370 ἠθικα
2174 2298 2280 2362 καὶ
2347 2299 2634 2379 χρήσιμα

254 2407 400 2483 ἡμῖν
470 2412 599 2476 τοῖς
670 2401 1175 2485 ἐντυγχάνουσιν.
1272 2400 1607 2468 Menelaus
1676 2402 1812 2468 odit
1873 2401 2106 2469 liberos
2169 2425 2325 2490 quos
2387 2406 2637 2475 Helena

252 2512 534 2598 peperit:
583 2510 906 2592 εὐμόρφων
957 2507 1018 2574 δὲ
1065 2514 1410 2574 νεοσσῶν
1458 2505 1731 2589 ἔχθεται
1779 2506 1966 2591 χάρις
2014 2510 2201 2590 ἀνδρί.

339 2724 703 2791 Pronomen
745 2721 1072 2810 personale
1118 2726 1280 2789 mire
1324 2726 1608 2810 positum
1655 2728 1752 2789 est
1798 2725 1863 2788 in
1910 2722 2452 2812 Clytaemnestrae
2498 2750 2637 2798 ver-

252 2833 349 2897 bis
397 2831 636 2920 Agam.
689 2829 857 2895 496:

710 2934 772 3010 ὃς
821 2937 948 3004 οὔτ’
995 2935 1257 3010 ἄναυδος
1305 2936 1447 3002 οὔτε
1494 2959 1615 3003 σοι
1664 2937 1801 3003 δαί
1815 2961 1908 3003 ων
1955 2938 2184 3018 Φλόγα

708 3041 857 3119 ὕλης
907 3044 1103 3124 όρεΙας
1152 3049 1426 3121 σημανεῖ
1466 3045 1680 3125 καπνῷ
1729 3045 1935 3123 τυρός.

250 3150 489 3218 Scribit
548 3149 956 3216 Hermannus
1018 3149 1158 3215 οὔτε
1222 3173 1357 3215 του
1406 3149 1586 3216 δαίων
1636 3150 1896 3231 φλόγα,
1944 3152 2053 3217 sed
2101 3173 2287 3219 nemo
2336 3176 2485 3222 eum
2533 3180 2632 3224 se-

250 3262 489 3344 quitur.
584 3256 902 3342 Equidem
963 3257 1243 3345 cogitavi
1305 3257 1383 3323 de
1445 3257 1868 3323 desiderativo
1928 3258 2156 3324 verbo:
2220 3260 2555 3331 δαισείω
2574 3293 2626 3333 ν.

253 3365 642 3444 Ἐργασείειν
686 3361 927 3450 legitur
972 3361 1163 3449 Soph.
1215 3362 1435 3428 Trach.
1494 3361 1704 3447 1232,
1749 3363 2046 3444 δρασεΙειν
2090 3364 2360 3434 Philoct.
2420 3371 2630 3451 1245,

251 3471 560 3554 φευξείειν
611 3470 804 3538 Herc.
847 3471 969 3536 fur.
1023 3469 1173 3536 628.
1226 3469 1420 3557 Soph.
1469 3471 1546 3537 fr.
1587 3469 1723 3536 820
1765 3473 2094 3538 οὶκουσεΙων
2127 3474 2299 3541 idem
2341 3483 2637 3566 estquod

249 3579 658 3657 ἀκουσόμενος
720 3584 786 3644 et
844 3577 1122 3643 δαισείων
1169 3578 1275 3643 hic
1320 3576 1489 3643 idem
1543 3583 1640 3643 est
1687 3580 1854 3664 quod
1900 3581 2144 3648 δαίσων.
2242 3583 2490 3651 Vitium
2538 3608 2635 3653 or·

252 3691 388 3751 tum
439 3706 520 3751 ex
568 3686 1055 3770 transpositione
1103 3684 1465 3750 literarum.

336 3899 641 3967 Nondum
688 3899 845 3965 viris
890 3898 1093 3965 doctis
1139 3899 1327 3965 cessit
1372 3899 1733 3967 emendatio
1779 3902 2012 3990 Agam.
2066 3903 2216 3971 539.
2283 3904 2629 3993 Postquam

250 4008 479 4073 chorus
542 4006 736 4070 dixit:
801 4003 985 4087 κήρυξ
1054 4010 1335 4085 Ἀχαιῶν
1396 4013 1585 4089 χαῖρε
1649 4014 1766 4073 τῶν
1812 4008 1938 4073 ἀπὸ
1986 4016 2213 4090 ςρατοῦ
2234 4060 2250 4090 ,
2299 4014 2634 4100 respondet

250 4134 477 4200 praeco
525 4116 593 4178 in
640 4112 930 4179 Mediceo
981 4110 1250 4180 Codice:

694 4220 930 4300 χαίρω·
979 4215 1378 4285 τεθνοῖναι
1430 4221 1482 4285 δ’
1531 4221 1639 4286 οὐκ
1686 4224 1914 4304 ἀντερῶ
1963 4221 2155 4297 θεοῖς.

253 4325 538 4392 Metrum
589 4327 718 4390 ruit
764 4331 828 4390 et
876 4330 1198 4411 praeterea
1242 4328 1475 4392 vitiosa
1523 4326 1728 4393 forma
1767 4335 1864 4395 est
1902 4328 2199 4394 τεθνὰὶναι
2241 4333 2638 4417 paenultima

256 4429 460 4522 longa.
556 4430 646 4496 Ut
690 4430 1028 4518 legitimus
1074 4430 1469 4519 syllabarum
1518 4455 1825 4500 numerus
1874 4439 2280 4522 restituatur,
2319 4442 2448 4524 jam
2495 4444 2640 4512 inde
