3192 5017
594 289 726 358 180
1471 247 1485 259 ’
1684 305 1902 358 mnus

594 483 761 548 actm
828 481 1156 567 infe-ente.
1216 478 1471 556 tenum,
1536 482 1775 547 dedito.
1832 484 1902 546 in
1947 483 2147 569 fldem
2199 482 2427 569 populi
2481 480 2770 546 Romam
2811 480 2969 543 omae
3081 461 3082 556 Ν

590 590 845 654 ultimae
902 587 1281 652 crudelitatis
1336 586 1616 673 exemplo
1675 587 1972 651 laceratos
2029 611 2100 652 ac
2156 588 2377 653 deletos
2421 610 2584 662 esse,·
2635 599 2737 651 tot
2781 585 2968 649 millia

588 698 864 784 capitum
926 697 1322 759 innoxiorum
1340 740 1357 769 ‚
1402 694 1604 780 fidem
1647 694 2055 781 implorantia
2092 696 2322 783 populi
2365 695 2672 772 Romani,
2723 717 2800 757 ne
2844 694 2969 778 quis

588 825 888 888 umquam
955 824 1016 866 se
1068 813 1287 889 postea
1346 801 1558 864 dedere
1619 803 1872 866 auderet
1889 849 1907 878 ,
1966 804 2236 887 pessimo
2286 801 2559 889 exemplo
2605 804 2876 873 venisse,-
2918 809 2970 861 st

587 911 912 973 distractos
967 910 1210 996 passim
1272 908 1452 970 iustis
1511 908 1825 992 quondam
1871 907 2142 971 hostibus
2179 908 2409 995 populi
2453 907 2741 972 Romani
2785 924 2972 991 nuper

578 1016 827 1102 pacatis
871 1016 1116 1078 servire.
1179 1011 1402 1096 Itaque
1448 1011 1692 1077 factum
1739 1020 1836 1078 est
1881 1018 2137 1078 senatus
2178 1014 2544 1079 consultum
2591 1019 2671 1079 ut
2719 1012 2815 1077 M.
2861 1010 2970 1074 Po-

584 1119 784 1205 pilius
841 1118 1060 1186 consul
1112 1118 1384 1206 Ligures
1432 1155 1514 1166 —
1562 1121 1926 1184 restitueret
1986 1122 2054 1183 in
2112 1119 2481 1187 libertatem
2544 1121 2839 1204 bonaque
2904 1121 2969 1180 ut

586 1228 745 1311 ipsis
809 1225 1155 1291 reddantur
1220 1229 1498 1309 curaret,
1568 1225 1679 1290 sed
1749 1225 2103 1291 obstinatus
2162 1225 2384 1292 consul
2445 1228 2703 1292 senatui
2765 1243 2969 1310 parere

589 1331 799 1398 noluit
849 1330 1018 1415 (Liv.
1069 1329 1272 1395 XLII.
1319 1330 1461 1418 21.)
3085 1357 3086 1400 ι

679 1437 1016 1504 Praeterea
1076 1436 1223 1503 vide
1278 1436 1546 1502 Livium
1609 1433 1843 1501 XLIII.
1889 1435 1966 1501 2:
2017 1438 2369 1526 Hispaniae
2413 1442 2746 1527 utriusque
2793 1439 2969 1523 leqati

595 1583 677 1593 —-
725 1547 800 1608 de
858 1546 1340 1628 mayistratuum
1402 1543 1836 1608 Romanorum
1896 1548 2168 1611 avaritia
2219 1546 2621 1633 superbiaque
2665 1546 2971 1632 conquesti

588 1654 727 1715 nixi
788 1652 1038 1736 yenibus
1106 1652 1183 1714 ab
1252 1664 1467 1715 senatu
1518 1653 1870 1738 petierunt,
1931 1674 2006 1716 ne
2065 1675 2126 1717 se
2186 1656 2374 1717 socios
2410 1654 2665 1739 foedius
2713 1651 2970 1740 spoliari

592 1760 918 1844 vexarique
961 1782 1149 1845 quam
1192 1759 1389 1823 hostes
1425 1760 1779 1845 patiantur.
1830 1764 1895 1823 et
1938 1757 2170 1824 XLIII.
2219 1758 2281 1822 4.
2329 1757 2408 1824 8:
2455 1762 2766 1824 invidiam
2811 1757 2968 1841 insa·

595 1867 905 1951 miamque
963 1865 1040 1928 ab
1098 1863 1387 1928 Lucretio
1441 1877 1793 1930 averterunt
1837 1869 1904 1930 in
1949 1865 2357 1931 Hortensium
2400 1888 2803 1930 stwcessonem
2853 1865 2969 1926 eius
3087 1871 3088 1938 ζ

594 1970 931 2034 Abderitae
987 1970 1172 2055 leyati
1214 1972 1437 2057 flentes
1494 1983 1638 2036 ante
1694 1974 1940 2048 curiam,
1978 1984 2404 2058 querentesque
2444 1974 2753 2059 oppidum
2798 1991 2966 2034 suum

593 2077 670 2140 ab
716 2076 1051 2140 Hortensio
1094 2089 1515 2163 etopuqnatum
1560 2101 1631 2141 ac
1669 2081 1982 2165 direptum
2020 2101 2160 2143 esse.
2219 2075 2487 2143 Causam
2522 2080 2752 2143 excidii
2775 2077 2968 2163 fiisse

594 2184 768 2258 urbi,
815 2185 982 2268 quod
1023 2206 1160 2246 cum
1205 2196 1443 2247 centum
1481 2185 1681 2248 millia
1720 2187 2044 2249 denarium
2066 2197 2126 2249 et
2164 2186 2359 2249 tritici
2391 2202 2433 2248 L
2473 2185 2676 2249 millia
2697 2184 2964 2249 modium

595 2293 964 2376 imperaret,
1023 2291 1299 2375 spatium
1349 2292 1644 2376 petierint
1704 2314 1824 2376 quo
1867 2293 1941 2355 de
1985 2314 2056 2354 ea
2101 2313 2168 2355 re
2212 2303 2272 2356 et
2313 2293 2399 2355 ad
2441 2290 2788 2356 Hostilium
2832 2311 2962 2353 con·
3089 2377 3090 2380 Ἴ

594 2396 787 2460 sulem
829 2408 889 2460 et
933 2394 1206 2459 Romam
1252 2398 1562 2460 mitterent
1607 2396 1854 2481 leyatos.
1947 2396 2215 2461 Validam
2259 2400 2346 2462 ad
2385 2397 2689 2462 consulem
2735 2419 2798 2461 se
2833 2416 2961 2482 per·
3089 2383 3090 2394 ἶ

595 2508 818 2567 venisse
876 2514 933 2567 et
993 2503 1235 2566 audisse
1292 2504 1593 2589 oppidum
1639 2516 2059 2590 expuqnatum
2074 2553 2088 2579 ,
2135 2506 2450 2590 principes
2492 2507 2693 2568 securi
2727 2523 2958 2590 percus·

596 2632 729 2684 sos,
817 2610 927 2672 sub
995 2631 1219 2673 corona
1287 2621 1506 2674 ceteros
1575 2612 1823 2675 venisse.
1895 2615 1961 2674 et
2016 2607 2250 2673 XLIII.
2326 2609 2387 2674 5.
2461 2609 2537 2674 3:
2619 2607 2958 2674 Carnorum

596 2715 1086 2802 Histrorumque
1145 2727 1203 2779 et
1266 2715 1587 2802 Iapydum
1634 2716 1820 2799 leqati
1863 2729 2183 2780 venerunt.-
2230 2719 2407 2781 duces
2450 2717 2569 2781 sibi
2612 2716 2691 2779 ab
2739 2710 2958 2780 consule

594 2822 812 2889 Cassio
864 2826 1152 2911 primum
1206 2824 1542 2910 imperatos
1560 2869 1576 2898 ‚
1625 2825 1735 2907 qui
1771 2826 1838 2886 in
1885 2821 2316 2888 Macedoniam
2360 2825 2604 2887 ducenti
2642 2823 2960 2887 exercitum

594 2935 713 2996 iter
758 2941 1175 2994 monstrarent
1189 2954 1212 3003 ,-
1251 2941 1552 3015 pacatum
1596 2929 1674 2991 ab
1719 2950 1782 2993 se
1821 2941 2141 3014 tamquam
2183 2931 2270 2993 ad
2302 2929 2479 2994 aliud
2510 2928 2735 2993 bellum
2769 2945 2957 3013 yeren·

594 3040 745 3102 dwm
792 3038 986 3101 abisse
1002 3083 1020 3113 ,
1068 3038 1209 3100 inde
1250 3058 1324 3098 ea·
1368 3037 1568 3099 medio
1615 3058 1955 3120 reyressum
1999 3038 2214 3101 itinere
2257 3036 2560 3101 hostiliter
2605 3048 2960 3123 perayrasso

582 3149 749 3232 fines
792 3167 970 3217 suos,·
1017 3144 1222 3206 caedes
1262 3144 1502 3228 passim
1547 3145 1924 3228 rapinasque
1967 3155 2026 3206 et
2071 3145 2347 3207 incendia
2381 3143 2564 3229 facta
2579 3167 2604 3218 ,·
2652 3165 2760 3206 nec
2797 3161 2856 3203 se
2885 3132 2959 3197 ad

472 3293 479 3304 ·
595 3254 665 3315 id
725 3251 995 3315 locorum
1041 3252 1191 3313 scire
1227 3261 1495 3336 propter
1539 3271 1729 3334 quam
1775 3271 2025 3312 causam
2070 3249 2303 3313 consuli
2339 3272 2465 3336 pro
2517 3249 2792 3313 hostibus
2825 3244 2956 3330 fue·

596 3360 746 3421 rint.
807 3362 871 3421 et
931 3353 1179 3419 XLIII.
1250 3353 1311 3421 Ι7.
1372 3354 1446 3419 5:
1521 3352 1937 3419 Chalcidenses
1979 3357 2202 3432 vocati,
2258 3379 2522 3442 quorum
2568 3356 2791 3441 leyatio
2834 3354 2954 3437 ipso

594 3465 857 3527 introitu
874 3508 890 3537 ‚
938 3461 1009 3525 ob
1054 3463 1125 3524 id
1168 3462 1334 3547 quod
1379 3461 1609 3525 Micion
1639 3464 1930 3549 princeps
1967 3453 2182 3526 eorum
2211 3463 2473 3549 pedibus
2511 3475 2730 3549 captus
2769 3459 2953 3525 lectica

595 3581 683 3633 est
744 3566 1109 3642 introlatus,
1172 3567 1424 3630 ultimae
1481 3570 1850 3631 necessitatis
1907 3568 2208 3654 extemplo
2255 3572 2385 3633 visa
2430 3582 2550 3642 est,
2601 3572 2666 3633 in
2709 3591 2834 3656 qua
2874 3564 2952 3625 ita

595 3676 812 3760 affecto
852 3674 1158 3737 excusatio
1203 3672 1570 3737 valetudinis
1615 3685 1725 3737 aut
1767 3696 1842 3738 ne
1887 3676 2013 3760 ipsi
2056 3677 2302 3760 quidem
2331 3677 2598 3761 petenda
2634 3676 2767 3739 visa
2797 3672 2953 3759 foret

598 3793 709 3845 aut
769 3782 921 3844 data
973 3782 1211 3866 petenti
1265 3803 1388 3844 non
1443 3791 1612 3844 esset.
1716 3776 1872 3845 Cum
1919 3782 2036 3844 sibi
2078 3779 2235 3845 nihil
2280 3784 2403 3847 vivi
2445 3783 2751 3868 reliquum
2785 3794 2948 3869 prae-

598 3902 879 3974 terquam
940 3886 1217 3971 linquam
1270 3889 1356 3950 ad
1412 3886 1824 3973 deplorandas
1873 3890 2127 3974 patriae
2180 3911 2324 3952 suae
2370 3889 2749 3953 calamitates
2792 3900 2944 3974 prae·

588 3998 775 4083 fatus
834 4006 1009 4069 esset,
1055 3994 1335 4080 exposuit
1379 3995 1644 4058 civitatis
1683 3997 1968 4081 primum
2014 4017 2160 4059 suae
2203 3995 2518 4081 benefacta
2563 4009 2621 4059 et
2669 4008 2861 4059 vetera
2897 3994 2944 4049 et

598 4126 669 4169 ea
687 4151 705 4185 ,
770 4123 924 4188 quae
969 4099 1188 4164 Persei
1229 4099 1378 4164 bello
1414 4102 1869 4187 praestitissent
1911 4102 2162 4165 ducibus
2207 4103 2675 4189 exercitibusque
2729 4103 2938 4166 Roma-

595 4211 729 4284 nis,·
802 4220 934 4270 tum
1003 4228 1157 4292 quae
1213 4207 1424 4292 primo
1492 4206 1562 4270 0.
1629 4205 1954 4271 Lucretius
2012 4210 2078 4271 in
2128 4207 2467 4294 populares
2529 4232 2671 4274 suos
2707 4215 2942 4296 praetor

600 4314 922 4378 Romanus
989 4313 1273 4400 superbe,
1342 4334 1563 4394 avare,
1632 4314 1955 4378 crudeliter
2009 4314 2293 4400 fecisset,·
2355 4316 2570 4379 deinde
2623 4339 2778 4402 quae
2831 4323 2937 4376 tum

596 4445 733 4486 cum
790 4420 1057 4483 maa-ime
1116 4417 1194 4481 L.
1262 4416 1634 4482 Hortensius
1669 4419 1925 4504 faceret.
2027 4417 2555 4498 Quemadmodum
2601 4422 2807 4486 omnia
2846 4410 2940 4480 ,ςῶἱ
