3192 5017
593 231 726 299 168
1418 248 2159 300 mmouomoncnu.

682 420 851 486 Fieri
914 425 1122 505 potest
1186 426 1261 485 ut
1322 420 1496 487 idem
1556 421 1772 487 valeat
1828 422 1906 488 de
1969 443 2063 488 vs.
2133 419 2286 504 195,
2358 420 2472 486 ubi
2516 418 2812 486 Minerva
2853 418 2957 483 diis
3091 508 3092 511 Ἴ

589 547 670 593 ne
717 547 969 614 pugnae
1014 547 1081 592 se
1127 529 1538 594 immisceant
1585 526 1949 594 dissuadet:
3091 520 3092 567 ἶ

961 633 1051 711 μή
1099 657 1166 698 νυ
1212 656 1304 706 τις
1353 633 1579 710 ἡμείων
1619 634 1810 715 τρωθῇ
1856 631 2038 712 βέλει
2086 631 2379 711 ὀξυόεντι.

958 739 1075 805 εἶσὶ
1124 739 1251 821 γὰρ
1298 738 1841 821 ἀγχέμαχοι,
1893 740 1997 805 καὶ
2050 741 2100 806 εἰ
2149 738 2295 813 θεὸς
2343 740 2550 805 ἀντίον
2596 737 2778 806 ἔλθοι.

594 842 735 911 Vox
796 844 1194 927 ἄγχέμωχος
1214 893 1231 924 ,
1277 846 1378 912 nti
1423 847 1636 929 vides,
1687 848 2091 932 primitivam
2137 847 2462 914 notionem
2510 847 2802 932 (cominus
2837 867 2961 928 paq·

592 950 821 1037 nantis)
892 950 1079 1036 plane
1146 954 1362 1036 exuit,
1431 973 1634 1038 neque
1705 952 1882 1019 aliud
1946 953 2297 1039 quidquam
2355 951 2715 1040 significare
2779 954 2964 1036 potest

593 1076 787 1141 quam
832 1057 1067 1140 fortem
1130 1066 1186 1122 et
1232 1063 1511 1123 invictum
1557 1059 1917 1123 bellatorem.
2014 1058 2180 1138 Quia
2228 1065 2443 1125 tamen
2489 1077 2820 1143 nunquam
2865 1074 2965 1120 vo·

594 1161 898 1227 cabulum
959 1165 1051 1228 sic
1097 1169 1475 1248 usurpatum
1532 1185 1666 1230 esse
1713 1164 1901 1231 video
1952 1166 2125 1251 (nam
2179 1185 2258 1230 ex
2305 1164 2426 1230 hoc
2472 1166 2611 1250 ipso
2661 1163 2800 1229 loeo
2845 1179 2964 1247 pro·
3091 1182 3092 1185 ¹

595 1267 702 1334 cul
747 1267 941 1334 dubio
988 1270 1253 1354 profecit
1300 1270 1714 1355 interpolator
1754 1270 2045 1336 codicum
2085 1270 2484 1355 quorundam
2524 1289 2620 1336 vs.
2661 1267 2800 1334 258
2837 1286 2964 1333 cum

597 1395 660 1441 v.
709 1373 753 1439 l.
827 1374 1235 1460 ἕγχέμκχος)
1307 1377 1521 1461 potius
1592 1375 1830 1441 inclino
1901 1377 1968 1440 in
2033 1396 2176 1442 eam
2239 1381 2486 1461 partem
2543 1380 2617 1440 ut
2679 1372 2966 1440 mendum

597 1480 853 1546 subesse
901 1481 1175 1547 credam.
1226 1478 1522 1547 conieci:

1232 1587 1347 1652 εἶσὶ
1394 1588 1522 1667 γὰρ
1572 1585 1721 1667 οἵγ’
1767 1588 2133 1669 ἄμαχοι,
2182 1590 2311 1653 xri.

593 1693 637 1756 i.
688 1714 742 1758 e.
805 1693 1055 1769 invicti,
1113 1694 1576 1777 imperabam,
1624 1692 1729 1760 vel
1795 1693 2039 1760 lenius:
2102 1694 2217 1759 εἶσὶ
2283 1693 2410 1772 γὰρ
2470 1692 2964 1772 dur-laamas,

593 1799 636 1862 i.
689 1819 744 1862 e.
794 1797 1175 1880 ἀξιόμαχοι,
1225 1801 1283 1864 si
1328 1820 1547 1866 revera
1592 1800 1922 1885 Appianus
1971 1800 2088 1866 boc
2134 1819 2246 1887 pro
2291 1798 2408 1866 illo
2453 1801 2668 1885 posuit
2713 1800 2787 1864 in
2829 1796 2963 1862 His·

567 1905 835 1988 'panicis
893 1924 1025 1990 cap.
1095 1902 1136 1968 9
1195 1910 1351 1971 extr.
1424 1907 1488 1970 οὔ
1552 1904 1680 1985 γὰρ
1744 1900 1901 1970 εἶναί
1954 1929 2127 1980 τινας
2176 1903 2572 1986 ἀντιμάχους
2620 1904 2840 1976 αὐτοῖς
2885 1899 2961 1966 ἔτι

598 2009 699 2075 ἐπὶ
755 2012 1099 2089 Ῥωμαίοις.

687 2111 932 2182 Certior
976 2137 1124 2183 vero
1171 2126 1268 2184 est
1315 2118 1675 2184 emendatio
1721 2118 1848 2184 loci
1893 2121 1961 2184 in
2009 2119 2230 2185 eadem
2277 2118 2610 2185 Minervae
2666 2119 2938 2185 oratione
2952 2162 2966 2189 ,

597 2243 757 2308 quae
796 2223 1252 2290 absurdissime
1298 2223 1457 2301 diis,
1507 2227 1619 2309 qui
1668 2225 1951 2291 nondum
2002 2224 2315 2291 auxilium
2372 2222 2654 2292 tulerant
2701 2226 2874 2291 ranis
2916 2226 2970 2286 et

597 2329 889 2395 muribus
934 2329 1215 2394 nondum
1262 2330 1734 2416 pugnantibus,
1784 2331 2041 2397 suadet:

822 2435 975 2500 ἀλλ’
1023 2432 1219 2513 ἄγε,
1278 2434 1874 2522 παυσώμεσθα,
1923 2434 2094 2513 θεοί,
2146 2435 2443 2502 τούτοισιν
2491 2438 2772 2517 ἀρήγειν.

593 2540 1109 2617 Baumeisterus‚
1151 2541 1262 2625 qui
1304 2539 1552 2627 Pigreti
1600 2561 1714 2638 sno
1762 2562 2020 2608 carmen
2058 2542 2421 2619 vindicans,
2462 2541 2702 2608 frustra
2725 2561 2767 2607 a
2790 2538 2968 2606 soloe-

595 2649 781 2713 cismi
823 2648 1091 2713 crimine
1130 2652 1379 2731 poetam
1418 2644 1735 2724 defendit,
1764 2646 1995 2712 melius
2018 2650 2079 2713 ei
2103 2646 2530 2714 consuluisset
2549 2644 2966 2713 emendando:
3091 2684 3092 2709 l

1147 2752 1300 2816 ἀλλ’
1348 2750 1501 2830 ἄγ’,
1551 2752 2206 2832 ὥποσχῶμεσθα,
2257 2753 2383 2818 xri.

599 2879 760 2944 quae
821 2858 1119 2946 legitima
1181 2862 1504 2923 structura
1563 2862 1661 2923 est
1720 2878 1868 2923 cum
1918 2856 2266 2924 Infinitivo.
2358 2857 2573 2935 Novo,
2624 2862 2724 2925 uti
2779 2858 2967 2927 vides,
3091 2856 3092 2859 ’

600 2987 804 3051 neque
871 2965 1085 3051 inepto
1146 2972 1526 3050 argumento
1589 2985 1846 3031 causam
1908 2985 2102 3050 quam
2150 2965 2416 3031 defendo
2463 2967 2667 3031 sciens
2711 2962 2966 3050 privavi.

603 3071 1005 3157 Quamquam
1052 3091 1132 3135 ne
1180 3072 1272 3136 sic
1321 3071 1579 3156 quidem
1628 3070 2089 3156 desperandum
2132 3076 2244 3136 est.

689 3175 1017 3264 Neglectis
1076 3174 1221 3242 aliis
1265 3175 1421 3242 locis
1468 3177 1826 3262 depravatis
1874 3196 2029 3261 quos
2073 3196 2314 3262 nequeo
2362 3175 2722 3254 emendare,
2777 3184 2851 3242 ut
2891 3173 2970 3239 vi·

600 3284 865 3350 deamus
912 3281 1065 3367 quid
1111 3303 1146 3348 e
1194 3282 1482 3348 versibus
1528 3283 1700 3348 sanis
1749 3287 1814 3349 et
1860 3283 2158 3370 genuinis
2204 3282 2366 3349 effici
2412 3284 2646 3367 possit,
2700 3285 2964 3369 primum

603 3390 1001 3475 inquiramus
1064 3389 1127 3452 in
1181 3396 1458 3455 metrum
1477 3437 1494 3467 ‚
1562 3392 1707 3454 tum
1754 3389 1822 3453 in
1870 3388 2225 3474 prosodiam
2248 3438 2265 3472 ‚
2316 3388 2575 3455 tandem
2623 3391 2694 3452 in
2741 3403 2965 3455 sermo·

601 3498 785 3567 nem,
833 3492 1129 3579 qualibus
1176 3493 1281 3560 hic
1327 3500 1511 3580 poeta
1560 3516 1715 3561 usus
1764 3497 1866 3560 sit.

692 3598 1121 3666 Numerorum
1161 3602 1366 3687 igitur
1402 3601 1747 3683 rationem,
1789 3622 1981 3686 quam
2008 3600 2769 3688 Batrachomyomacbiae
2795 3598 2966 3682 scrip·

601 3713 701 3774 tor
744 3711 1001 3772 secutus
1045 3711 1176 3789 eet,
1224 3709 1457 3791 partim
1505 3708 1662 3773 haec
1709 3706 1975 3784 tabella,
2028 3728 2188 3792 quae
2227 3712 2472 3792 spectat
2512 3727 2733 3774 versus
2758 3705 2964 3795 genui·

599 3833 714 3880 nos
760 3831 1027 3877 numero
1073 3810 1227 3889 223,
1282 3812 1577 3880 declarat.

693 3917 769 3982 In
817 3916 974 4003 pede
1019 3919 1227 4002 primo
1342 3919 1648 4006 leguntur
1694 3918 1781 3985 88
1828 3920 2089 4006 spondei
2136 3939 2248 4005 pro
2302 3918 2429 3985 135
2480 3920 2781 4007 dactylis.

714 4071 749 4101 „
872 4071 907 4101 „
1019 4023 1290 4090 secundo
1476 4072 1511 4102 ,‚
1701 4024 1789 4090 94
1953 4073 1989 4103 „
2173 4073 2208 4103 „
2312 4025 2438 4091 129
2616 4074 2651 4105 „

709 4177 743 4207 ,‚
868 4177 904 4208 „
1018 4131 1208 4197 tertio
1473 4178 1507 4208 ‚‚
1701 4130 1784 4196 55
1949 4176 1986 4209 „
2176 4179 2211 4210 ‚,
2314 4130 2442 4196 168
2628 4179 2662 4210 „

712 4286 746 4316 n
870 4284 902 4313 η
1017 4241 1241 4322 quarto
1272 4276 1285 4283 '
1470 4283 1504 4314 υ
1698 4234 1783 4300 60
1946 4285 1980 4316 n
2173 4285 2208 4315 υ
2312 4235 2443 4303 163

876 4391 909 4421 ,,
1020 4345 1241 4429 quinto
1473 4390 1507 4420 „
1700 4341 1786 4406 10
1949 4390 1984 4423 „
2173 4392 2208 4422 „
2307 4342 2441 4410 213
