3192 5017
576 228 709 295 214
1595 248 1922 297 Arrunue.

666 415 805 481 Lib.
856 416 910 480 I.
962 416 1068 482 98.
1121 416 1228 482 49.
1275 419 1441 504 Sylla
1487 419 1846 483 dictaturam
1892 419 2161 483 restituit
2208 416 2608 498 παυσάμενον
2655 418 2778 494 ἔθος
2824 421 2936 482 ἘΚ

576 521 615 560 ¹*
659 520 700 560 ¹¹*
745 520 910 585 ἐτῶν.
975 521 1238 588 Excidit
1281 543 1586 589 numerus
1634 543 1941 589 annorum
1990 523 2175 591 facile
2216 545 2295 590 ex
2339 525 2607 592 historia
2654 524 2938 611 supplen-

578 626 697 690 dus
754 626 822 690 ἐκ
883 636 982 693 PK
1048 629 1213 693 ἐτῶν.
1277 627 1437 694 Vell.
1499 627 1750 696 Patere.
1816 627 1897 694 ΙΙ.
1947 627 2034 694 28
2105 628 2336 717 (Sylla)
2387 633 2643 698 dictator
2688 640 2940 708 σνεαιιω,

578 737 748 795 cuiue
805 733 1046 798 honoris
1106 736 1413 818 usurpatio
1461 758 1578 820 per
1638 758 1826 800 annos
1882 753 2012 801 cxx
2059 737 2396 802 intermissa
2412 765 2431 802 .-
2475 761 2613 802 nam
2647 739 2945 822 proximu

564 846 706 924 post
769 861 991 904 annwm
1047 862 1222 926 quam
1281 841 1600 906 Hannibal
1659 841 1853 906 Italia
1922 850 2264 910 excesserat.
2329 842 2398 909 id
2447 849 2542 910 est
2590 864 2756 912 anno
2803 842 2943 911 202.

578 942 760 1031 Sylla
806 944 1079 1012 dictator
1122 946 1331 1013 factus
1376 966 1538 1014 anno
1585 944 1697 1013 82.

667 1157 807 1224 Lib.
872 1159 928 1225 Ι.
990 1157 1100 1226 98.
1164 1160 1271 1225 51.
1337 1159 1525 1242 μέχρι
1573 1163 1684 1236 την
1730 1160 1906 1227 πόλιν
1956 1199 2039 1212 -
2086 1163 2414 1244 ςηρίΟειεν.
2463 1164 2636 1230 Faex
2682 1163 2949 1233 Graecu-

576 1263 789 1330 lorum
835 1264 1086 1332 dicebat
1132 1266 1373 1348 ςηρίσαι
1418 1288 1531 1353 pro
1578 1265 1817 1349 ςηρίξαι
1867 1273 1933 1334 et
1976 1269 2239 1351 ςηρίξειν
2286 1269 2782 1338 emendandum.

668 1476 811 1543 Lib.
881 1477 934 1544 Ι.
998 1477 1109 1545 99.
1175 1477 1284 1544 62.
1348 1480 1683 1560 τύραννος
1746 1480 1860 1558 μὲν
1918 1481 2045 1561 γὰρ
2093 1484 2127 1557 ἦ
2179 1487 2296 1547 τῶν
2342 1485 2754 1562 Δικτατώρων
2801 1482 2955 1563 ἁρχὴ

579 1582 683 1648 καὶ
737 1582 967 1650 πάλαι.
1014 1582 1437 1651 Scribendum
1484 1595 1809 1665 τυραννΙΟ.

665 1800 809 1866 Lib.
855 1799 906 1864 I.
959 1797 1105 1865 108.
1203 1800 1282 1867 de
1349 1800 1517 1867 bello
1585 1799 1944 1867 Sertoriano
2004 1801 2228 1867 scribit
2288 1797 2613 1880 γενόμενον
2675 1799 2796 1879 μὲν
2863 1799 2956 1863 ὅκ-

581 1908 848 1991 τοὶετες,
893 1908 999 1971 οὐκ
1047 1906 1308 1987 εὐμαρὲς
1355 1907 1418 1972 δὲ
1466 1907 1619 1972 οὐδ’
1664 1903 1833 1985 ἅμα
1876 1907 2219 1985 Ῥωμαίοις.
2267 1906 2454 1972 Nihil
2493 1912 2589 1973 est
2633 1907 2758 1972 οὐδ’
2800 1904 2956 1984 ἅμα,

581 2015 691 2080 sed
759 2013 964 2079 scribe
1035 2032 1160 2079 uno
1231 2015 1426 2080 verbo
1490 2013 1738 2091 οὐδαμοὶ
1796 2036 1869 2082 ac
1931 2019 2254 2081 memento
2318 2013 2695 2100 Appianum
2740 2012 2957 2081 sedulo

577 2118 977 2186 Herodotum
1023 2117 1362 2186 lectitasse.

669 2333 813 2400 Lib.
862 2331 912 2398 Ι.
969 2330 1117 2398 108.
1167 2330 1230 2397 8.
1280 2334 1576 2399 Sertorius
1620 2335 1852 2412 βουλὴν
1898 2331 2236 2410 κατέλεξεν
2281 2333 2350 2399 ἐκ
2395 2338 2516 2399 τῶν
2562 2330 2863 2398 συνόντων
2913 2330 2957 2395 οἱ

580 2441 782 2521 Φίλων
841 2440 1213 2520 τριακοσίους
1280 2440 1384 2504 καὶ
1449 2440 1628 2516 τήνδε
1688 2438 1906 2518 ἔλεγεν
1969 2436 2120 2505 εἶναι
2185 2443 2297 2515 την
2356 2440 2673 2517 Ῥωμαίων
2729 2438 2960 2516 βουλὴν

583 2546 687 2612 καὶ
739 2546 798 2618 ἐς
846 2543 1019 2626 ὕβριν
1069 2546 1295 2619 ἐκείνης
1348 2547 1708 2625 (Σύγκλητον
1759 2547 1991 2611 ἐκάλει.
2085 2544 2285 2612 Nulla
2328 2550 2424 2611 eet
2467 2548 2536 2611 in
2585 2564 2657 2611 eo
2704 2546 2960 2612 nomine

581 2652 775 2734 ὕβρις.
837 2650 1130 2717 Restitue
1174 2653 1768 2731 ἈΝΤΙσὺγκλητον
1815 2653 2047 2717 ἐκάλει.
2095 2650 2338 2719 Eodem
2385 2654 2644 2717 nomine
2687 2650 2768 2716 P.
2821 2647 2960 2717 Sul·

577 2759 782 2845 picius
829 2761 897 2822 in
943 2759 1274 2823 tribunatu
1320 2756 1524 2844 plebis
1570 2780 1725 2824 usus
1769 2764 1901 2841 est,
1955 2759 2067 2843 qui
2114 2762 2273 2823 teste
2319 2756 2667 2824 Plutarcho
2713 2758 2787 2821 in
2833 2757 2962 2822 vita

578 2867 778 2953 Syllae
839 2884 976 2950 cap.
1023 2862 1087 2929 8.
1142 2865 1367 2938 πλῆθος
1416 2865 1682 2931 ἱππικῶν
1730 2865 2050 2929 νεανίσκων
2100 2862 2245 2944 πρὸς
2296 2859 2471 2930 ἅπαν
2522 2863 2784 2941 ἑτοίμων
2835 2860 2958 2939 περὶ

578 2971 764 3039 αὑτὸν
811 2967 982 3052 εἶχεν
1031 2965 1126 3044 οὓς
1176 2968 1670 3048 ἀντισύγκλητον
1717 2971 2039 3052 ὠνόμαζεν.
2099 2970 2177 3036 cf.
2224 2969 2503 3057 Appian.
2550 2969 2642 3036 Π.
2692 2968 2802 3034 95.
2860 2967 2960 3034 35.

578 3078 909 3154 πυθόμενος
969 3074 1232 3141 Κάτωνα
1282 3113 1364 3124 -
1412 3084 1690 3158 Φρουρεῖν
1754 3077 1815 3142 ἐν
1883 3074 2093 3159 Ἰτύκῃ
2149 3077 2321 3154 μετὰ
2382 3082 2500 3142 τῶν
2568 3076 2957 3158 τριακοσίων,

582 3182 680 3257 οὓς
731 3222 813 3234 --
863 3182 1218 3262 σύγκλητον
1268 3182 1545 3249 ἐκάλουν.

672 3397 814 3463 Lib.
878 3395 959 3462 11.
1027 3393 1091 3463 ’7.
1155 3393 1262 3459 48.
1325 3399 1662 3481 postquam
1720 3394 1967 3460 dixerat
2030 3391 2376 3460 Catilinam
2437 3394 2698 3479 periisse
2744 3395 2954 3461 addit:

584 3502 694 3571 ὦδε
732 3504 846 3582 μὲν
887 3505 921 3577 ἦ
964 3501 1272 3568 Κατιλίνα
1314 3500 1702 3574 ἐπανοίςασις
1734 3537 1820 3553 -·
1846 3499 2154 3578 διελύετο,
2196 3502 2330 3566 imo
2361 3521 2512 3568 vero
2540 3500 2952 3567 διεΛΘΛΤτο.

583 3611 902 3697 Frequens
943 3628 1116 3674 error
1162 3608 1359 3673 etiam
1406 3609 1474 3671 in
1519 3605 1801 3692 Appiani
1845 3606 2054 3674 libris.

678 3826 819 3894 Lib.
885 3823 969 3890 11.
1031 3821 1096 3888 8.
1161 3820 1268 3888 64.
1346 3822 1562 3887 Caesar
1623 3823 1691 3887 in
1738 3823 2115 3908 provinciam
2165 3824 2557 3908 profecturus
2601 3825 2960 3890 retinebatur

590 3936 705 4003 ὑπὸ
769 3940 886 4000 τῶν
947 3930 1189 4012 χρηςῶν
1236 3931 1397 3995 πολὺ
1445 3928 1680 3996 πλέονα
1726 3940 1837 4005 τῆς
1889 3930 2233 4008 περιουσίας
2280 3929 2505 4009 ἔφλων.
2601 3929 2959 3996 Parendum

588 4039 1030 4131 grammaticis
1076 4036 1186 4122 qui
1230 4035 1475 4118 χρῆςων
1521 4036 1792 4102 scribere
1838 4037 2062 4102 iubent
2101 4057 2179 4102 ne
2217 4036 2352 4101 boni
2394 4037 2513 4101 viri
2548 4040 2613 4102 et
2650 4036 2959 4102 creditores

590 4145 1073 4214 confundantur.
1167 4144 1488 4222 Περιουσία
1552 4144 1715 4206 miro
1763 4162 1883 4207 usu
1931 4142 2101 4228 apud
2148 4144 2513 4229 Appianum
2559 4162 2743 4228 saepe
2786 4144 2957 4229 poni·

594 4262 700 4320 tur
760 4272 871 4339 pro
933 4251 1145 4328 οὐσία,
1210 4248 1414 4315 veluti
1478 4248 1531 4313 I.
1597 4246 1703 4313 73.
1772 4246 1876 4313 31.
1949 4251 1984 4324 ἦ
2048 4251 2361 4328 περιουσία
2426 4249 2758 4327 δεδήμευτο
2806 4246 2953 4316 etl.

599 4358 747 4426 103.
779 4357 884 4428 78.
932 4367 1041 4433 τῆς
1091 4354 1433 4437 περιουσίας
1482 4354 1953 4433 δεδημευμένης.
2004 4356 2439 4421 Patrimonium
2485 4354 2713 4423 Graeci
2760 4352 2959 4443 appel·
