3192 5017
1340 300 1567 349 Puro.
2515 282 2640 349 341

339 472 498 537 Ibid.
572 473 623 536 εἷ
690 473 750 538 δὲ
813 475 1167 550 Φανήσεται
1232 474 1416 553 ψυχὴ
1478 480 1737 552 πρῶτον,
1788 476 1854 538 οὐ
1907 479 2025 553 πῦρ
2073 474 2204 538 οὐδὲ
2257 474 2401 553 ἀήρ,
2455 477 2637 554 ψυχὴ

247 580 299 644 δ’
362 581 421 642 ἐν
486 580 740 658 πρώτοις
803 581 1208 658 γεγενημένη.
1304 579 1475 644 Mira
1520 578 1635 643 illa
1688 581 1980 664 repetitio
2026 598 2229 664 neque
2272 600 2421 645 vero
2468 587 2636 645 recte

246 687 665 751 ratiocinatur
710 688 820 771 qui
870 686 1060 762 dicit,
1112 688 1166 751 si
1214 688 1461 752 evicero
1499 683 1815 750 elementa
1860 686 2075 750 anima
2117 686 2472 770 antiquiora
2511 706 2635 753 non

247 811 413 875 esse,
471 798 597 857 etc.
660 792 780 858 hoc
835 799 1051 857 autem
1110 795 1399 858 evincam
1450 790 1833 856 ostendendo
1881 793 2164 856 animam
2212 792 2633 875 antiquiorem

246 917 378 961 esse
442 917 718 983 corpore.
792 897 998 985 Lege:
1065 898 1116 961 εἶ
1177 897 1239 962 δὲ
1302 898 1657 978 Φανήσεται
1717 899 1900 976 ψυχὴ
1971 899 2030 961 ἐν
2077 897 2329 976 πρώτοις
2376 897 2631 981 (malim

243 1004 302 1066 ἐν
366 1013 492 1075 τοῖς
566 1006 797 1088 πρώτη)
859 1002 1244 1083 γεγενημένη
1266 1052 1283 1086 ,
1346 1010 1410 1068 et
1459 1022 1608 1067 mox
1657 1002 2035 1087 (Φανησεται
2085 1003 2175 1086 δὲ)
2219 1002 2399 1067 ταῦθ’
2447 999 2632 1074 οὕτως

241 1108 498 1189 ἔχοντα.
602 1107 708 1174 Sic
755 1111 947 1175 etiam
999 1107 1398 1174 intolerabile
1444 1107 1791 1195 asyndeton
1840 1108 2075 1173 vitabis
2124 1107 2309 1171 ταῦτ’
2357 1107 2480 1172 ἔσθ’
2536 1105 2633 1172 οὔ·

243 1239 357 1287 τως
437 1212 695 1297 ἔχοντα.
789 1214 947 1280 Mox
1022 1213 1166 1302 lege
1228 1213 1656 1295 Φυλάττωμεν
1718 1213 1820 1297 δέ,
1889 1214 2053 1298 quod
2121 1219 2204 1294 τῷ
2266 1214 2632 1291 ςελλώμεθα

245 1323 625 1406 opponitur,
700 1327 763 1386 et
829 1321 1105 1386 σκοπεῖτ’
1171 1316 1300 1385 οὖν·
1367 1318 1645 1400 καθάπερ
1709 1320 1761 1384 εἴ
1826 1318 1980 1386 tolle
2026 1314 2117 1386 ὅτι
2168 1327 2233 1385 et
2278 1319 2423 1408 lege
2471 1320 2631 1405 (καὶ)

240 1428 701 1493 καταλιπόντα.

333 1674 416 1684 -
490 1639 582 1714 μη
639 1637 709 1711 δὴ
760 1629 1134 1703 σκοτοδινίαν
1184 1637 1436 1713 ἴλιγγόν
1485 1638 1536 1700 θ’
1586 1639 1728 1715 ὑμῖν
1774 1638 2075 1716 ε’μποιῆση
2120 1638 2628 1718 παραφερόμενός
2708 1646 2711 1649 ’

240 1767 308 1806 τε
377 1743 486 1807 καὶ
557 1744 787 1821 ἐρωτῶν
849 1744 1051 1817 ἀήθεις
1111 1742 1292 1815 ὄντας
1342 1744 1733 1823 ἀποκρίσεων,
1782 1740 1899 1809 εἶτ’
1946 1744 2387 1824 ἀσχημοσύνην
2436 1745 2629 1825 ἀπρέ-

242 1850 424 1914 πειάν
489 1852 550 1914 τ’
618 1849 828 1930 ἐντέκῃ
887 1850 1079 1933 ἀηδῆ,
1143 1851 1309 1915 δοκεῖ
1350 1850 1421 1923 δή
1469 1873 1573 1926 μοι
1620 1856 1844 1930 χρῆναι
1893 1857 2081 1915 ποιεῖν
2130 1849 2344 1915 οὑτωσὶ
2393 1850 2477 1914 τὰ
2528 1854 2641 1915 νῦν·

244 1954 372 2032 ἐμὲ.
429 1955 639 2036 Quam
691 1957 902 2040 inepte
949 1954 1347 2020 translationi
1395 1975 1493 2020 res
1539 1956 1677 2042 ipsa
1714 1957 2147 2023 immiscetur!
2193 1953 2374 2020 Tolle
2412 1980 2483 2020 τε
2523 1956 2627 2020 καὶ

248 2062 475 2140 ἐρωτῶν
532 2070 598 2127 et
644 2063 1047 2141 ἀποκρίσεων,
1099 2067 1196 2140 et,
1246 2064 1302 2126 si
1348 2081 1453 2125 me
1499 2061 1719 2145 audis,
1768 2060 1923 2135 ἀηδῆ
1972 2060 2347 2127 vertendum
2389 2064 2456 2126 in
2498 2061 2628 2139 ἤδη,

238 2166 464 2232 deletis
514 2167 589 2240 δή
637 2173 701 2231 et
746 2169 831 2232 τὰ
879 2172 978 2231 νῦν
1026 2167 1159 2243 ἐμέ.

329 2376 489 2465 Pag.
558 2377 728 2442 893:
798 2380 1076 2444 invocati
1141 2384 1294 2442 eunt
1356 2376 1440 2441 Di
1503 2377 1604 2440 ἐπὶ
1653 2376 1763 2448 την
1810 2374 2116 2452 ἀπόδειξιν
2168 2378 2273 2460 [ὥς
2323 2377 2470 2462 εἶσὶ]
2519 2380 2628 2452 τὴν

240 2484 461 2548 αὐτῶν.
563 2483 615 2548 Ο
663 2486 929 2571 agninos
975 2483 1081 2568 (ne
1127 2502 1318 2567 quam
1393 2482 1587 2548 aliam
1638 2481 1921 2547 belluam
1961 2484 2279 2569 invocem)
2320 2480 2626 2548 editores!

248 2626 326 2637 ——
377 2590 662 2669 ἐχόμενοι
730 2591 792 2655 δὲ
855 2586 929 2661 ὥς
993 2612 1148 2661 τινος
1216 2590 1549 2669 ἀσφαλοῦς
1601 2590 1951 2664 πείσματος
2000 2588 2493 2666 ἐπεισβαίνωμεν
2539 2590 2625 2660 εἷς

239 2694 339 2758 τὸν
399 2701 500 2761 νῦν
564 2696 770 2773 λόγον.
867 2695 1114 2775 Quaero
1179 2695 1336 2766 τίνος
1402 2697 1508 2758 τοῦ
1572 2695 1917 2769 πείσματος
1982 2691 2274 2774 ἔχονταις
2343 2693 2376 2767 ἢ
2449 2693 2628 2768 δῆλον

239 2797 325 2866 ὅτι
402 2804 609 2868 αὐτῶν
681 2808 797 2866 τῶν
870 2803 1051 2877 θεῶνς
1126 2799 1351 2886 supple
1421 2802 1626 2886 igitur
1698 2836 1783 2847 -
1853 2795 1981 2883 (ὧν)
2051 2797 2328 2878 ἐχόμενοι
2405 2802 2482 2870 ὡς
2554 2798 2624 2873 δή

241 2929 392 2980 τινος
445 2911 573 2974 κτὲ.
631 2945 710 2954 -
764 2908 888 2973 Pro
940 2907 1377 2989 ασφαλέςατα
1425 2905 1553 2993 leg.
1604 2905 2081 2986 ὥσφαλέςατον.

332 3117 492 3184 Ibid.
558 3103 705 3194 ἅμα
763 3116 1073 3195 μεγάλοις
1131 3116 1236 3180 καὶ
1297 3121 1570 3195 σμικροῖς
1633 3114 1876 3185 κύκλοις
1938 3111 2338 3193 βραδυτῆτάς
2400 3138 2470 3179 τε
2518 3116 2623 3179 καὶ

247 3221 420 3305 τάχη
476 3225 945 3302 ὁμολογούμενα
994 3222 1354 3302 πορεύουσα.
1403 3220 1548 3285 Imo
1594 3219 1940 3300 πορίζουσα.

332 3368 413 3379 —
468 3330 571 3395 καὶ
635 3330 776 3395 τοτὲ
842 3331 956 3406 μὲν
1003 3326 1127 3397 ἔςιν
1173 3326 1278 3393 ὅτε
1326 3327 1518 3405 βα’σιν
1567 3325 1691 3398 ἑνὸς
1744 3325 2092 3401 κεκτημένα
2138 3328 2296 3396 τινὸς
2347 3327 2624 3407 κέντρου,

243 3437 378 3500 τοτὲ
443 3436 510 3501 δὲ
567 3437 824 3501 πλείονα
884 3437 968 3515 τῷ
1034 3433 1584 3514 περικαλινδεῖσθαι
1653 3430 2217 3512 προστυγχάνοντα
2268 3432 2319 3495 δ’
2370 3434 2628 3504 ἓκοίςοτε

246 3540 482 3613 inde-otc
533 3543 661 3606 κτὲ.
711 3541 943 3607 Misere
989 3541 1144 3606 haec
1192 3541 1445 3604 turbata
1490 3542 1660 3603 sunt.
1708 3535 1994 3601 Portenti
2034 3539 2232 3602 instar
2269 3546 2366 3603 est
2404 3561 2630 3626 corpus

245 3651 503 3714 πλείονα
550 3649 767 3724 κέντρα
815 3647 1068 3712 habere.
1117 3645 1193 3711 Id
1240 3653 1457 3710 autem
1505 3642 1642 3708 fieri
1693 3646 1775 3721 τῷ
1826 3643 2380 3721 περικαλινδεῒσθαι
2431 3649 2626 3711 etiam

247 3757 452 3841 mag-is
498 3751 888 3819 incredibile.
986 3751 1285 3836 Suspicor
1330 3749 1495 3815 illud
1543 3748 1686 3815 τότε
1736 3748 1849 3825 μέν
1899 3750 2170 3813 scribam
2221 3750 2299 3813 ad
2356 3752 2498 3815 τότε
2563 3752 2625 3816 δέ

248 3860 663 3946 supplendum
687 3906 704 3936 ,
799 3857 1023 3923 deinde
1100 3856 1176 3921 ad
1254 3857 1528 3940 ineptias
1596 3852 1744 3918 illas
1813 3853 2263 3940 excogitandas
2336 3859 2625 3921 movisse.

250 3962 385 4030 Nisi
450 3965 656 4042 fallor,
722 3964 840 4029 hoc
897 3970 1150 4029 tantum
1219 3963 1471 4046 scripsit
1532 3958 1722 4025 Plato
1741 4010 1759 4033 ,
1821 3958 1926 4023 καὶ
1976 3959 2121 4023 τότε
2171 3958 2332 4043 (scil.
2382 3963 2630 4043 quoties

253 4080 499 4140 κινεῖται
548 4071 1019 4149 μεταβαίνοντα
1069 4071 1153 4140 εἰς
1203 4065 1399 4148 ἕτερον
1448 4065 1659 4151 τόπον)
1708 4065 1900 4143 βάσιν
1948 4066 2064 4141 μὲν
2114 4064 2237 4137 ἐνὸς
2282 4068 2631 4143 κεκτημένα

254 4181 404 4249 τινος
474 4179 713 4257 κέντρου
783 4178 865 4255 τῷ
938 4174 1493 4252 περικαλινδεῒσθαι
1519 4219 1535 4247 ,
1606 4168 2171 4251 προστυγχάνοντα
2245 4169 2303 4233 δ’
2375 4172 2630 4242 ἒκάςοτε

257 4282 485 4355 {adeone
535 4285 663 4350 κτέ.
759 4281 1017 4347 Scilicet
1063 4282 1312 4365 primus
1360 4281 1652 4343 omnium
1701 4283 1915 4342 motus
1960 4284 2058 4341 est
2104 4277 2165 4340 ἐν
2210 4277 2433 4361 κύκλῳ,
2474 4280 2637 4346 alter

260 4386 321 4463 ἐξ
366 4392 571 4472 ἑτέρας
622 4392 704 4461 εἰς
757 4387 969 4466 ἑτέραν
1013 4387 1248 4469 χώραν.
1295 4384 1546 4450 Horum
1597 4390 1942 4466 utrumque
1989 4383 2223 4448 habent
2265 4403 2338 4449 ea
2377 4404 2636 4471 corpora
