3192 5017
1402 298 1638 349 minus.
2575 277 2705 345 439

328 473 628 541 Sciebant
685 475 962 540 Romani
1012 494 1173 539 vana
1220 473 1373 539 haee
1418 493 1587 557 esse3
1645 473 1823 556 „aber
1866 475 1954 535 sie
2003 474 2210 537 hatten
2258 475 2428 538 ihren
2474 475 2709 540 Zweck’'

326 603 475 670 pag.
523 580 675 647 770.
744 581 1062 647 Eumenes
1108 587 1289 666 parat
1337 582 1470 665 ipse
1518 578 1795 645 Romam
1840 582 1967 644 ire:
2020 582 2143 658 „da
2189 582 2474 646 beschloss
2519 584 2711 647 dieser

313 689 633 774 plotzlich,
698 689 820 753 wie
879 708 1027 753 vom
1077 688 1267 752 bosen
1317 686 1624 773 gewissen
1675 685 1943 773 geplagt
1965 735 1981 764 ,
2032 688 2144 750 das
2188 688 2422 769 Ko'niqe
2465 688 2712 773 lee‘infliq

325 797 487 859 nieht
548 797 707 859 mehr
767 796 919 859 nach
983 795 1132 858 Rom
1196 795 1413 857 sollten
1477 793 1736 857 kommen
1798 792 2083 877 cidissus
2152 792 2371 860 'Palem
2416 802 2709 861 senatum

334 926 500 986 „vom
583 902 757 965 bo'sen
821 902 1104 983 yewissen
1168 898 1485 984 qeplaff!
1548 899 1869 964 Eumenes
1937 881 2393 965 contumeliose
2455 900 2713 965 iubetur

328 1012 536 1093 primo
606 1029 854 1092 quoque
926 1014 1211 1092 tempore
1273 1005 1458 1071 Italia
1528 1005 1849 1071 excedere.
1947 1004 2085 1069 Rex
2148 1006 2258 1070 diu
2318 1009 2540 1072 tacuit.
2611 1030 2714 1092 „er

327 1116 470 1198 sah,
532 1120 639 1179 wie
701 1138 760 1178 es
812 1117 995 1179 stand
1015 1142 1034 1180 .·
1094 1115 1194 1178 die
1251 1114 1481 1198 Epooke
1538 1114 1645 1176 der
1690 1112 2155 1193 hatbmcicktiyen
2203 1113 2332 1176 und
2372 1113 2714 1198 halbfreien

329 1221 1055 1307 Bundesqenossensohaft
1100 1244 1223 1284 war
1268 1243 1341 1283 zu
1389 1220 1561 1283 Ende
1574 1247 1602 1296 ;
1649 1242 1711 1282 es
1749 1219 1972 1299 beyann
2008 1220 2106 1281 die
2143 1221 2249 1283 der
2272 1220 2715 1302 ohnmachtiqen

341 1326 911 1409 Unterthc‘iniqkeit.'’

422 1434 606 1499 Hane
672 1437 795 1500 viri
860 1434 1212 1500 doctissimi
1261 1436 1691 1499 coniecturam
1739 1434 1911 1517 (nam
1963 1453 2138 1497 mera
2187 1433 2548 1499 coniectura
2594 1438 2717 1522 est)

333 1546 397 1606 et
443 1541 568 1606 alia
615 1540 1006 1628 redarguunt
1053 1545 1117 1605 et
1164 1561 1324 1625 quae
1372 1540 1449 1605 de
1494 1537 1706 1604 Attali
1754 1539 2074 1626 legatione
2124 1544 2188 1605 et
2226 1538 2445 1605 Stratii
2482 1542 2718 1608 medici

333 1646 631 1731 prudenti
710 1646 1142 1712 admonitione
1228 1646 1570 1733 diligenter
1639 1647 1985 1710 memoriae
2056 1646 2336 1729 prodidit
2403 1647 2718 1734 Polybius

334 1752 540 1818 XXX.
608 1751 816 1829 1-3,
890 1753 1202 1837 descripta
1272 1773 1309 1816 a
1378 1751 1564 1816 Livio
1638 1750 1759 1835 45,
1833 1748 2095 1815 19-20
2166 1773 2326 1836 quae
2396 1756 2612 1819 omnia
2682 1777 2719 1820 a

333 1859 763 1925 Mommsenio
825 1859 1077 1924 silentio
1140 1864 1640 1943 praetereuntur„
1698 1857 1869 1921 κατα
1917 1855 2044 1923 τὸν·
2069 1857 2271 1937 καιρὸν
2319 1864 2530 1925 τοῦτον
2564 1857 2715 1947 ,ἦλθε

337 1966 508 2046 παρα
572 1969 677 2030 τοῦ
743 1964 1055 2042 βασιλέως
1120 1963 1429 2042 Εὐμένους
1491 1964 1765 2043 ἀδελφὸς
1824 1965 2174 2036 ”Λτταλος.
2226 2003 2308 2014 -
2360 1965 2608 2032 πάντων
2653 1970 2714 2034 δὲ

335 2072 715 2154 φιλοφρόνως
765 2072 950 2136 αὐτὸν
990 2069 1459 2151 ἀποδεχομένων
1486 2109 1575 2120 -
1601 2070 1704 2135 καὶ
1749 2070 2118 2148 γιγνομένης
2161 2074 2718 2149 τῆς-ὀὶπαντήσεως

338 2181 484 2259 ὑπὲρ
520 2182 656 2254 ,τὴν
705 2179 1066 2259 προσδοκίαν
1113 2179 1408 2259 μετέωρος
1460 2176 1710 2255 ἐγενήθη
1763 2184 1903 2248 ταῖς
1954 2178 2195 2243 ἐλπίσιν
2244 2181 2349 2246 οὐκ
2400 2182 2564 2253 εἰδὼς
2611 2185 2721 2257 τὴν

337 2287 620 2360 ἀληθινὴν
692 2287 900 2351 αἰτίαν
971 2294 1080 2359 τῆς
1145 2284 1485 2364 ἀποδοχῆς.
1582 2282 1757 2363 Quae
1823 2290 1987 2349 esset
2051 2306 2201 2351 vera
2263 2306 2455 2351 eausa
2519 2290 2722 2373 aperit

336 2392 614 2458 Stratius
651 2392 819 2477 apud
867 2392 1124 2457 Livium
1177 2390 1283 2474 45,
1334 2391 1447 2456 12:
1499 2413 1595 2454 eos
1640 2391 1831 2474 ipsos,
1879 2395 1985 2476 qui
2027 2407 2153 2456 non
2201 2408 2334 2456 112121
2381 2410 2561 2458 AM101
2601 2410 2720 2459 sm)

337 2497 597 2564 EUMBNI
643 2515 893 2564 ΙΝῈῈΒἮ
939 2499 1241 2562 stimulent
1284 2519 1442 2573 eum,
1489 2496 1768 2579 pietatem
1814 2497 2321 2582 constantiamque
2366 2499 2723 2565 laudaturos

338 2609 393 2668 si
422 2608 613 2689 fidem
660 2606 742 2668 ad
788 2607 1053 2670 ultimum
1089 2605 1294 2690 fratri
1326 2603 1753 2687 praestitisset.
1851 2602 2063 2683 Quum
2114 2604 2401 2689 plerique
2447 2606 2723 2675 Romani

338 2712 614 2777 Eumeni
655 2712 870 2777 infesti
917 2716 1159 2795 essent,
1211 2707 1343 2775 ἔνιοι
1393 2716 1509 2774 τῶν
1558 2710 1871 2789 ἐπιφανῶν
1912 2709 2132 2789 ἀνδρῶν
2171 2713 2610 2791 λαμβάνοντες
2638 2718 2721 2788 εἷς

340 2819 459 2891 τὰς
526 2826 744 2899 χεῖρας
816 2819 918 2883 τὸν
980 2817 1304 2883 ’Ἄτταλον
1379 2816 1769 2895 παρεκάλουν
1840 2818 1949 2889 τὴν
2014 2818 2126 2892 μὲν
2190 2817 2334 2895 ὑπὲρ
2398 2821 2720 2902 τάδελφοῦ

342 2925 678 3006 πρεσβείαν
725 2924 1090 3003 ἀποθέσθαι,
1146 2926 1276 3004 περὶ
1328 2923 1391 2989 δὲ
1440 2922 1630 2987 αὑτοῦ
1683 2923 1981 2987 ποιεῖσθαι
2031 2921 2171 2994 τοὺς
2219 2922 2463 3002 λόγους.
2553 2925 2720 2993 Con-

343 3033 521 3098 venit
563 3036 638 3095 ut
684 3032 749 3096 in
795 3032 1038 3096 curiam
1086 3031 1486 3097 introductus
1530 3029 1792 3094 fratrem
1842 3037 2165 3095 accusaret
2212 3037 2277 3096 et
2338 3033 2522 3119 regni
2584 3054 2721 3117 par-

346 3140 637 3204 titionem
701 3145 959 3223 peteret.
1026 3160 1189 3214 „eam
1237 3137 1391 3201 enim
1438 3137 1770 3219 opinionem
1817 3137 1890 3200 de
1937 3137 2146 3200 Attalo
2191 3145 2247 3201 et
2294 3138 2556 3203 Eumene
2602 3141 2724 3205 Ro-

342 3269 470 3309 mae
527 3268 650 3310 esse
708 3253 999 3328 tamquam
1048 3246 1121 3307 de
1168 3245 1358 3307 altero
1408 3243 1697 3307 Romanis
1743 3253 1899 3307 certo
1948 3243 2162 3319 amico,
2214 3244 2403 3308 altero
2449 3268 2555 3309 nee
2601 3246 2726 3310 It'o·

344 3357 535 3416 manis
579 3374 685 3415 nee
728 3352 934 3416 Persei
963 3352 1099 3434 fido
1146 3348 1358 3413 soci0.”
1403 3350 1692 3423 τοιαύτης
1742 3350 1793 3413 δ’
1841 3349 2018 3425 οὔσης
2070 3359 2179 3426 τῆς
2222 3350 2542 3425 διαθέσεως
2586 3353 2724 3433 περὶ

348 3462 451 3525 τὸν
490 3458 812 3523 ’Ἄτταλον
860 3456 1302 3534 ὀττευσάμενος
1351 3455 1377 3520 ὁ
1425 3455 1733 3534 βασιλεὺς
1773 3458 1843 3521 τὸ
1883 3457 2114 3534 μέλλον
2153 3458 2498 3536 ἐπιπέμπει
2526 3469 2728 3539 Στρα-

352 3568 477 3631 τίον
537 3565 638 3629 τὸν
704 3566 906 3645 ἰατρὸν
970 3566 1055 3637 εἷς
1122 3565 1229 3637 τὴν
1299 3562 1554 3639 Ῥώμην.
1653 3562 2076 3644 Praesaqiebat
2143 3567 2396 3630 animus
2456 3567 2731 3633 Eumeni

352 3672 506 3758 quid
568 3673 853 3736 futurum
920 3676 1103 3737 esset.
1197 3670 1417 3755 Itaque
1463 3667 1742 3734 Stratius
1792 3707 1874 3718 —
1925 3672 2009 3734 ad
2051 3672 2120 3734 id
2165 3677 2350 3754 ι’ρειιηι
2398 3697 2436 3736 a
2481 3695 2599 3737 non
2645 3696 2733 3737 se·

355 3802 496 3846 euro
554 3779 814 3843 Eumene
878 3778 1124 3841 Romam
1179 3777 1393 3840 missus
1453 3777 1787 3861 speculator
1831 3799 2025 3840 rerum
2072 3800 2223 3863 quae
2270 3802 2309 3841 a
2336 3779 2560 3863 fratre
2606 3802 2739 3861 aye-

358 3897 569 3950 rentur
606 3889 968 3968 monitorque
998 3885 1175 3968 fidus
1222 3884 1277 3946 si
1324 3883 1526 3947 decedi
1554 3883 1695 3966 fide
1739 3883 2000 3947 vidisset.
2049 3887 2078 3946 ό
2128 3884 2190 3949 δὲ
2238 3883 2735 3965 παραγενόμενος

359 3994 442 4063 εἰς
490 3995 597 4063 τὴν
647 3992 883 4068 Ῥώμην
930 3990 1032 4054 καὶ
1083 3990 1297 4067 λαβὼν
1343 3992 1429 4062 εἷς
1478 3989 1595 4060 τας
1645 3996 1864 4069 χεῖρας
1913 3991 2012 4055 τὸν
2055 3994 2377 4057 ’Ἄτταλον
2427 4032 2508 4041 —
2550 3994 2736 4073 μόγις

360 4099 643 4164 καθίκετο
714 4105 822 4170 τῆς
898 4095 1222 4176 προθέσεως
1288 4095 1391 4160 καὶ
1459 4094 1854 4171 μετεκάλεσε
1910 4078 2012 4162 τὸν
2070 4100 2393 4164 ’Ἄτταλον
2456 4101 2581 4165 ἀπὸ
2628 4109 2738 4175 τῆς

358 4205 594 4284 ἀλόγου
644 4207 870 4285 φορᾶςζ
917 4203 1027 4281 „Is
1074 4204 1156 4265 ad
1202 4213 1519 4285 occupatas
1565 4202 1685 4265 iam
1732 4225 1908 4266 aures
1952 4205 2450 4293 sollicitatumque
2482 4208 2739 4272 animum

358 4337 486 4378 oum
532 4312 817 4395 venisset,
866 4332 1172 4392 aqqressus
1219 4314 1570 4392 tempestivis
1618 4309 1981 4373 sermonibus
2025 4334 2145 4372 rem
2177 4334 2366 4394 prope
2426 4315 2739 4398 collapsam

355 4425 640 4485 restitnit.
734 4417 1041 4482 Prudenti
1109 4414 1371 4480 consilio
1434 4415 1801 4480 admonitus
1847 4413 2109 4480 Attalus
2157 4416 2346 4482 rediit
2396 4418 2473 4483 ad
2524 4439 2742 4487 sanam
