<?xml version="1.0" encoding="UTF-8"?>
<!DOCTYPE html PUBLIC "-//W3C//DTD XHTML 1.0 Transitional//EN"
    "http://www.w3.org/TR/xhtml1/DTD/xhtml1-transitional.dtd">
<html xmlns="http://www.w3.org/1999/xhtml" xml:lang="en" lang="en">
 <head>
  <title>
</title>
<meta http-equiv="Content-Type" content="text/html;charset=utf-8" />
  <meta name='ocr-system' content='tesseract 3.04.00' />
  <meta name='ocr-capabilities' content='ocr_page ocr_carea ocr_par ocr_line ocrx_word'/>
</head>
<body>
  <div class='ocr_page' id='page_1' title='image "./mnemosynebiblio14servgoog_0763.png"; bbox 0 0 3192 5017; ppageno 0'>
   <div class='ocr_carea' id='block_1_1' title="bbox 1300 304 2622 374">
    <p class='ocr_par' dir='ltr' id='par_1_1' title="bbox 1300 304 2622 374">
     <span class='ocr_line' id='line_1_1' title="bbox 1300 304 2622 374; baseline -0.002 -2"><span class='ocrx_word' id='word_1_1' title='bbox 1300 325 1569 374; x_wconf 66' lang='lat' dir='ltr'>caruca.</span> <span class='ocrx_word' id='word_1_2' title='bbox 2493 304 2622 370; x_wconf 82' lang='lat'>307</span> 
     </span>
    </p>
   </div>
   <div class='ocr_carea' id='block_1_2' title="bbox 241 496 2622 903">
    <p class='ocr_par' dir='ltr' id='par_1_2' title="bbox 241 496 2622 903">
     <span class='ocr_line' id='line_1_2' title="bbox 241 496 2618 582; baseline 0.001 -22"><span class='ocrx_word' id='word_1_3' title='bbox 241 502 399 581; x_wconf 81' lang='lat' dir='ltr'>puto</span> <span class='ocrx_word' id='word_1_4' title='bbox 446 519 560 582; x_wconf 84' lang='lat' dir='ltr'>pro</span> <span class='ocrx_word' id='word_1_5' title='bbox 610 496 847 570; x_wconf 70' lang='grc' dir='ltr'><strong><em>ἑκάςοις</em></strong></span> <span class='ocrx_word' id='word_1_6' title='bbox 900 499 1137 571; x_wconf 74' lang='grc' dir='ltr'><strong><em>ἑαυτοῖς</em></strong></span> <span class='ocrx_word' id='word_1_7' title='bbox 1163 528 1238 561; x_wconf 88' lang='lat'><strong><em>=</em></strong></span> <span class='ocrx_word' id='word_1_8' title='bbox 1269 499 1414 576; x_wconf 82' lang='grc' dir='ltr'><strong><em>ὑμῖν</em></strong></span> <span class='ocrx_word' id='word_1_9' title='bbox 1462 501 1672 568; x_wconf 80' lang='grc' dir='ltr'><strong><em>αὐτοῖς</em></strong></span> <span class='ocrx_word' id='word_1_10' title='bbox 1720 517 1799 564; x_wconf 81' lang='lat' dir='ltr'>ex</span> <span class='ocrx_word' id='word_1_11' title='bbox 1848 506 1997 566; x_wconf 86' lang='lat' dir='ltr'>noto</span> <span class='ocrx_word' id='word_1_12' title='bbox 2044 498 2413 566; x_wconf 85' lang='lat' dir='ltr'>Atticorum</span> <span class='ocrx_word' id='word_1_13' title='bbox 2460 518 2618 572; x_wconf 80' lang='lat' dir='ltr'>usu,</span> 
     </span>
     <span class='ocr_line' id='line_1_3' title="bbox 245 604 2622 692; baseline 0.001 -24"><span class='ocrx_word' id='word_1_14' title='bbox 245 625 437 688; x_wconf 87' lang='lat' dir='ltr'>quem</span> <span class='ocrx_word' id='word_1_15' title='bbox 504 604 794 692; x_wconf 82' lang='lat' dir='ltr'>Thucyd.</span> <span class='ocrx_word' id='word_1_16' title='bbox 864 626 918 670; x_wconf 88' lang='lat' dir='ltr'>e.</span> <span class='ocrx_word' id='word_1_17' title='bbox 981 627 1049 692; x_wconf 81' lang='lat' dir='ltr'>g.</span> <span class='ocrx_word' id='word_1_18' title='bbox 1112 626 1360 690; x_wconf 89' lang='lat' dir='ltr'>quoque</span> <span class='ocrx_word' id='word_1_19' title='bbox 1422 609 1711 691; x_wconf 76' lang='lat' dir='ltr'>seqnitur</span> <span class='ocrx_word' id='word_1_20' title='bbox 1767 607 1821 670; x_wconf 91' lang='grc' dir='ltr'>Ι.</span> <span class='ocrx_word' id='word_1_21' title='bbox 1885 605 1997 671; x_wconf 82' lang='grc'>82.</span> <span class='ocrx_word' id='word_1_22' title='bbox 2063 606 2276 672; x_wconf 84' lang='lat' dir='ltr'>Etiam</span> <span class='ocrx_word' id='word_1_23' title='bbox 2326 607 2393 670; x_wconf 89' lang='lat' dir='ltr'>in</span> <span class='ocrx_word' id='word_1_24' title='bbox 2438 604 2622 672; x_wconf 85' lang='lat' dir='ltr'>Novo</span> 
     </span>
     <span class='ocr_line' id='line_1_4' title="bbox 247 710 2621 801; baseline 0 -26"><span class='ocrx_word' id='word_1_25' title='bbox 247 710 525 777; x_wconf 80' lang='lat' dir='ltr'>Foedere</span> <span class='ocrx_word' id='word_1_26' title='bbox 582 711 754 778; x_wconf 90' lang='lat' dir='ltr'>idem</span> <span class='ocrx_word' id='word_1_27' title='bbox 818 711 1112 777; x_wconf 80' lang='lat' dir='ltr'>vocabuli</span> <span class='ocrx_word' id='word_1_28' title='bbox 1176 732 1365 785; x_wconf 79' lang='lat' dir='ltr'>usus,</span> <span class='ocrx_word' id='word_1_29' title='bbox 1434 716 1653 777; x_wconf 79' lang='lat' dir='ltr'>minue</span> <span class='ocrx_word' id='word_1_30' title='bbox 1699 711 2078 801; x_wconf 79' lang='lat' dir='ltr'>Theologis,</span> <span class='ocrx_word' id='word_1_31' title='bbox 2125 719 2200 778; x_wconf 87' lang='lat' dir='ltr'>ut</span> <span class='ocrx_word' id='word_1_32' title='bbox 2247 711 2351 795; x_wconf 80' lang='lat' dir='ltr'>fit,</span> <span class='ocrx_word' id='word_1_33' title='bbox 2399 718 2621 789; x_wconf 81' lang='lat' dir='ltr'>notua,</span> 
     </span>
     <span class='ocr_line' id='line_1_5' title="bbox 241 817 1544 903; baseline 0.002 -21"><span class='ocrx_word' id='word_1_34' title='bbox 241 818 450 882; x_wconf 80' lang='lat' dir='ltr'>varias</span> <span class='ocrx_word' id='word_1_35' title='bbox 502 820 742 903; x_wconf 77' lang='lat' dir='ltr'>peperit</span> <span class='ocrx_word' id='word_1_36' title='bbox 789 817 1195 884; x_wconf 79' lang='lat' dir='ltr'>difficultates</span> <span class='ocrx_word' id='word_1_37' title='bbox 1241 824 1306 885; x_wconf 86' lang='lat' dir='ltr'>et</span> <span class='ocrx_word' id='word_1_38' title='bbox 1352 821 1544 884; x_wconf 80' lang='lat' dir='ltr'>rixas.</span> 
     </span>
    </p>
   </div>
   <div class='ocr_carea' id='block_1_3' title="bbox 237 1027 2623 1755">
    <p class='ocr_par' dir='ltr' id='par_1_3' title="bbox 237 1027 2623 1755">
     <span class='ocr_line' id='line_1_6' title="bbox 335 1027 2620 1113; baseline 0 -21"><span class='ocrx_word' id='word_1_39' title='bbox 335 1028 521 1113; x_wconf 88' lang='lat' dir='ltr'>Apud</span> <span class='ocrx_word' id='word_1_40' title='bbox 572 1028 840 1094; x_wconf 84' lang='lat' dir='ltr'>eundem</span> <span class='ocrx_word' id='word_1_41' title='bbox 892 1027 1038 1093; x_wconf 86' lang='lat' dir='ltr'><strong>VII.</strong></span> <span class='ocrx_word' id='word_1_42' title='bbox 1089 1027 1200 1094; x_wconf 80' lang='grc'>28.</span> <span class='ocrx_word' id='word_1_43' title='bbox 1251 1029 1395 1108; x_wconf 85' lang='grc' dir='ltr'><strong><em>πρὸς</em></strong></span> <span class='ocrx_word' id='word_1_44' title='bbox 1442 1038 1521 1108; x_wconf 69' lang='grc' dir='ltr'>τῇ</span> <span class='ocrx_word' id='word_1_45' title='bbox 1570 1027 1833 1103; x_wconf 75' lang='grc' dir='ltr'><strong><em>ε’ποὲλξει</em></strong></span> <span class='ocrx_word' id='word_1_46' title='bbox 1874 1031 1983 1101; x_wconf 64' lang='grc' dir='ltr'><strong><em>’τὴν</em></strong></span> <span class='ocrx_word' id='word_1_47' title='bbox 2023 1029 2136 1105; x_wconf 75' lang='grc' dir='ltr'>μὲν</span> <span class='ocrx_word' id='word_1_48' title='bbox 2177 1028 2409 1109; x_wconf 74' lang='grc' dir='ltr'><strong><em>ἡμέραν</em></strong></span> <span class='ocrx_word' id='word_1_49' title='bbox 2449 1029 2620 1093; x_wconf 71' lang='grc' dir='ltr'><strong><em>κατὰ</em></strong></span> 
     </span>
     <span class='ocr_line' id='line_1_7' title="bbox 240 1134 2619 1219; baseline 0 -19"><span class='ocrx_word' id='word_1_50' title='bbox 240 1134 531 1215; x_wconf 67' lang='grc' dir='ltr'><strong><em>διαδοχήν</em></strong></span> <span class='ocrx_word' id='word_1_51' title='bbox 597 1139 646 1200; x_wconf 73' lang='grc' dir='ltr'>οἱ</span> <span class='ocrx_word' id='word_1_52' title='bbox 708 1138 1009 1208; x_wconf 68' lang='grc' dir='ltr'><strong><em>Ἀθηναῖοι</em></strong></span> <span class='ocrx_word' id='word_1_53' title='bbox 1078 1135 1549 1219; x_wconf 79' lang='grc' dir='ltr'><strong><em>Φυλασσοντες,</em></strong></span> <span class='ocrx_word' id='word_1_54' title='bbox 1595 1138 1705 1211; x_wconf 67' lang='grc' dir='ltr'>τὴν</span> <span class='ocrx_word' id='word_1_55' title='bbox 1755 1135 1818 1200; x_wconf 75' lang='grc' dir='ltr'>δὲ</span> <span class='ocrx_word' id='word_1_56' title='bbox 1866 1136 2056 1201; x_wconf 80' lang='grc' dir='ltr'><strong><em>νύκτα</em></strong></span> <span class='ocrx_word' id='word_1_57' title='bbox 2106 1136 2209 1200; x_wconf 76' lang='grc' dir='ltr'>καὶ</span> <span class='ocrx_word' id='word_1_58' title='bbox 2257 1135 2619 1213; x_wconf 77' lang='grc' dir='ltr'><strong><em>ξύμπαντες</em></strong></span> 
     </span>
     <span class='ocr_line' id='line_1_8' title="bbox 239 1240 2618 1326; baseline -0 -19"><span class='ocrx_word' id='word_1_59' title='bbox 239 1245 403 1318; x_wconf 66' lang='grc' dir='ltr'><strong><em>πλὴν</em></strong></span> <span class='ocrx_word' id='word_1_60' title='bbox 469 1249 586 1306; x_wconf 82' lang='grc' dir='ltr'>τῶν</span> <span class='ocrx_word' id='word_1_61' title='bbox 650 1241 880 1307; x_wconf 78' lang='grc' dir='ltr'><strong><em>ἱππέων</em></strong></span> <span class='ocrx_word' id='word_1_62' title='bbox 929 1244 980 1307; x_wconf 82' lang='grc' dir='ltr'>οἱ</span> <span class='ocrx_word' id='word_1_63' title='bbox 1028 1243 1141 1318; x_wconf 77' lang='grc' dir='ltr'>μὲν</span> <span class='ocrx_word' id='word_1_64' title='bbox 1190 1243 1294 1321; x_wconf 69' lang='grc' dir='ltr'>ἐφ’</span> <span class='ocrx_word' id='word_1_65' title='bbox 1343 1240 1552 1315; x_wconf 70' lang='grc' dir='ltr'><strong><em>ὅπλοις</em></strong></span> <span class='ocrx_word' id='word_1_66' title='bbox 1604 1243 2110 1326; x_wconf 78' lang='grc' dir='ltr'><strong><em>ποιούμενοι,</em></strong></span> <span class='ocrx_word' id='word_1_67' title='bbox 2159 1245 2211 1307; x_wconf 79' lang='grc' dir='ltr'>οἱ</span> <span class='ocrx_word' id='word_1_68' title='bbox 2261 1243 2314 1307; x_wconf 75' lang='grc' dir='ltr'>δ’</span> <span class='ocrx_word' id='word_1_69' title='bbox 2363 1243 2463 1308; x_wconf 75' lang='grc' dir='ltr'>ἐπὶ</span> <span class='ocrx_word' id='word_1_70' title='bbox 2511 1247 2618 1306; x_wconf 83' lang='grc' dir='ltr'>τοῦ</span> 
     </span>
     <span class='ocr_line' id='line_1_9' title="bbox 241 1348 2621 1431; baseline -0.001 -16"><span class='ocrx_word' id='word_1_71' title='bbox 241 1352 491 1431; x_wconf 77' lang='grc' dir='ltr'><strong><em>τείχους</em></strong></span> <span class='ocrx_word' id='word_1_72' title='bbox 558 1349 661 1413; x_wconf 78' lang='grc' dir='ltr'>καὶ</span> <span class='ocrx_word' id='word_1_73' title='bbox 724 1349 917 1428; x_wconf 82' lang='grc' dir='ltr'><strong><em>θέρους</em></strong></span> <span class='ocrx_word' id='word_1_74' title='bbox 982 1349 1086 1412; x_wconf 73' lang='grc' dir='ltr'>καὶ</span> <span class='ocrx_word' id='word_1_75' title='bbox 1134 1354 1434 1429; x_wconf 80' lang='grc' dir='ltr'><strong><em>χειμῶνος</em></strong></span> <span class='ocrx_word' id='word_1_76' title='bbox 1486 1349 2032 1428; x_wconf 75' lang='grc' dir='ltr'><strong><em>ἐταλαιπωροῦντο.</em></strong></span> <span class='ocrx_word' id='word_1_77' title='bbox 2085 1348 2197 1413; x_wconf 90' lang='lat' dir='ltr'>alii</span> <span class='ocrx_word' id='word_1_78' title='bbox 2244 1348 2372 1414; x_wconf 85' lang='lat' dir='ltr'>alia</span> <span class='ocrx_word' id='word_1_79' title='bbox 2419 1350 2621 1414; x_wconf 88' lang='lat' dir='ltr'>conie-</span> 
     </span>
     <span class='ocr_line' id='line_1_10' title="bbox 238 1453 2619 1542; baseline -0.001 -20"><span class='ocrx_word' id='word_1_80' title='bbox 238 1464 484 1540; x_wconf 85' lang='lat' dir='ltr'>cerunt,</span> <span class='ocrx_word' id='word_1_81' title='bbox 546 1476 703 1540; x_wconf 81' lang='lat' dir='ltr'>quos</span> <span class='ocrx_word' id='word_1_82' title='bbox 774 1454 917 1520; x_wconf 83' lang='lat' dir='ltr'>vide</span> <span class='ocrx_word' id='word_1_83' title='bbox 981 1455 1148 1540; x_wconf 86' lang='lat' dir='ltr'>apud</span> <span class='ocrx_word' id='word_1_84' title='bbox 1211 1453 1473 1519; x_wconf 88' lang='lat' dir='ltr'>Muller.</span> <span class='ocrx_word' id='word_1_85' title='bbox 1536 1454 1582 1520; x_wconf 91' lang='lat'>1.</span> <span class='ocrx_word' id='word_1_86' title='bbox 1633 1454 1678 1519; x_wconf 91' lang='lat'>1.</span> <span class='ocrx_word' id='word_1_87' title='bbox 1737 1475 1885 1542; x_wconf 81' lang='lat' dir='ltr'>pag.</span> <span class='ocrx_word' id='word_1_88' title='bbox 1935 1454 2057 1532; x_wconf 82' lang='grc'>28,</span> <span class='ocrx_word' id='word_1_89' title='bbox 2105 1458 2241 1540; x_wconf 79' lang='lat' dir='ltr'>ipse</span> <span class='ocrx_word' id='word_1_90' title='bbox 2288 1455 2619 1521; x_wconf 86' lang='lat' dir='ltr'>emendare</span> 
     </span>
     <span class='ocr_line' id='line_1_11' title="bbox 238 1558 2623 1649; baseline -0.002 -19"><span class='ocrx_word' id='word_1_91' title='bbox 238 1568 505 1630; x_wconf 85' lang='lat' dir='ltr'>conatur</span> <span class='ocrx_word' id='word_1_92' title='bbox 551 1568 931 1639; x_wconf 78' lang='grc' dir='ltr'><strong><em>κοιμώμενοι.</em></strong></span> <span class='ocrx_word' id='word_1_93' title='bbox 1001 1560 1184 1627; x_wconf 80' lang='lat' dir='ltr'><strong>Sardi</strong></span> <span class='ocrx_word' id='word_1_94' title='bbox 1229 1558 1517 1626; x_wconf 72' lang='lat' dir='ltr'>venales!</span> <span class='ocrx_word' id='word_1_95' title='bbox 1566 1560 1926 1626; x_wconf 76' lang='lat' dir='ltr'>Lenissima</span> <span class='ocrx_word' id='word_1_96' title='bbox 1969 1563 2354 1628; x_wconf 78' lang='lat' dir='ltr'>correctione</span> <span class='ocrx_word' id='word_1_97' title='bbox 2400 1561 2623 1649; x_wconf 81' lang='lat' dir='ltr'>legen·</span> 
     </span>
     <span class='ocr_line' id='line_1_12' title="bbox 237 1666 2623 1755; baseline -0.002 -20"><span class='ocrx_word' id='word_1_98' title='bbox 237 1671 397 1736; x_wconf 87' lang='lat' dir='ltr'>dum</span> <span class='ocrx_word' id='word_1_99' title='bbox 444 1675 602 1755; x_wconf 89' lang='lat' dir='ltr'>puto</span> <span class='ocrx_word' id='word_1_100' title='bbox 649 1668 1036 1746; x_wconf 79' lang='grc' dir='ltr'><strong><em>πονούμενοι,</em></strong></span> <span class='ocrx_word' id='word_1_101' title='bbox 1088 1668 1252 1752; x_wconf 89' lang='lat' dir='ltr'>quod</span> <span class='ocrx_word' id='word_1_102' title='bbox 1303 1666 1482 1732; x_wconf 87' lang='lat' dir='ltr'>nulla</span> <span class='ocrx_word' id='word_1_103' title='bbox 1529 1667 2077 1734; x_wconf 78' lang='lat' dir='ltr'>commendatione</span> <span class='ocrx_word' id='word_1_104' title='bbox 2125 1667 2288 1732; x_wconf 91' lang='lat' dir='ltr'>mihi</span> <span class='ocrx_word' id='word_1_105' title='bbox 2333 1668 2623 1755; x_wconf 78' lang='lat' dir='ltr'>indigere</span> 
     </span>
    </p>
   </div>
   <div class='ocr_carea' id='block_1_4' title="bbox 232 1777 515 1844">
    <p class='ocr_par' dir='ltr' id='par_1_4' title="bbox 232 1777 515 1844">
     <span class='ocr_line' id='line_1_13' title="bbox 232 1777 515 1844; baseline 0 -1"><span class='ocrx_word' id='word_1_106' title='bbox 232 1777 515 1844; x_wconf 79' lang='lat' dir='ltr'>videtur.</span> 
     </span>
    </p>
   </div>
   <div class='ocr_carea' id='block_1_5' title="bbox 232 1986 2623 3028">
    <p class='ocr_par' dir='ltr' id='par_1_5' title="bbox 232 1986 2623 2806">
     <span class='ocr_line' id='line_1_14' title="bbox 332 1986 2623 2073; baseline -0.003 -14"><span class='ocrx_word' id='word_1_107' title='bbox 332 1992 504 2059; x_wconf 87' lang='lat' dir='ltr'>Noto</span> <span class='ocrx_word' id='word_1_108' title='bbox 564 1992 701 2057; x_wconf 91' lang='lat' dir='ltr'>loco</span> <span class='ocrx_word' id='word_1_109' title='bbox 765 1990 920 2056; x_wconf 88' lang='lat' dir='ltr'><strong>VII.</strong></span> <span class='ocrx_word' id='word_1_110' title='bbox 987 1987 1093 2056; x_wconf 87' lang='lat'><strong>¹75.</strong></span> <span class='ocrx_word' id='word_1_111' title='bbox 1141 1989 1218 2054; x_wconf 92' lang='lat' dir='ltr'>de</span> <span class='ocrx_word' id='word_1_112' title='bbox 1264 1989 1651 2073; x_wconf 78' lang='lat' dir='ltr'>profectione</span> <span class='ocrx_word' id='word_1_113' title='bbox 1697 1986 1923 2053; x_wconf 82' lang='lat' dir='ltr'>Niciae</span> <span class='ocrx_word' id='word_1_114' title='bbox 1972 1995 2114 2072; x_wconf 83' lang='lat' dir='ltr'>post</span> <span class='ocrx_word' id='word_1_115' title='bbox 2160 1988 2366 2054; x_wconf 83' lang='lat' dir='ltr'>varias</span> <span class='ocrx_word' id='word_1_116' title='bbox 2414 1988 2623 2053; x_wconf 79' lang='lat' dir='ltr'>clades</span> 
     </span>
     <span class='ocr_line' id='line_1_15' title="bbox 238 2094 2618 2187; baseline -0.004 -19"><span class='ocrx_word' id='word_1_117' title='bbox 238 2106 530 2187; x_wconf 77' lang='lat' dir='ltr'>acceptas</span> <span class='ocrx_word' id='word_1_118' title='bbox 590 2102 694 2166; x_wconf 80' lang='grc' dir='ltr'>οὐκ</span> <span class='ocrx_word' id='word_1_119' title='bbox 754 2096 897 2162; x_wconf 77' lang='grc' dir='ltr'><strong><em>ἄνευ</em></strong></span> <span class='ocrx_word' id='word_1_120' title='bbox 946 2096 1170 2175; x_wconf 72' lang='grc' dir='ltr'><strong><em>ὀλίγων</em></strong></span> <span class='ocrx_word' id='word_1_121' title='bbox 1219 2097 1626 2174; x_wconf 80' lang='grc' dir='ltr'><strong><em>ε’πιθειασμῶν</em></strong></span> <span class='ocrx_word' id='word_1_122' title='bbox 1675 2095 1778 2159; x_wconf 80' lang='grc' dir='ltr'>καὶ</span> <span class='ocrx_word' id='word_1_123' title='bbox 1827 2097 2120 2172; x_wconf 74' lang='grc' dir='ltr'><strong><em>οἰμωγῆς.</em></strong></span> <span class='ocrx_word' id='word_1_124' title='bbox 2171 2094 2431 2160; x_wconf 85' lang='lat' dir='ltr'>Muller.</span> <span class='ocrx_word' id='word_1_125' title='bbox 2481 2095 2526 2159; x_wconf 90' lang='lat' dir='ltr'>l.</span> <span class='ocrx_word' id='word_1_126' title='bbox 2576 2095 2618 2159; x_wconf 89' lang='grc'>1.</span> 
     </span>
     <span class='ocr_line' id='line_1_16' title="bbox 235 2201 2622 2295; baseline -0.003 -22"><span class='ocrx_word' id='word_1_127' title='bbox 235 2228 384 2295; x_wconf 81' lang='lat' dir='ltr'>pag.</span> <span class='ocrx_word' id='word_1_128' title='bbox 453 2205 538 2271; x_wconf 87' lang='grc'>94</span> <span class='ocrx_word' id='word_1_129' title='bbox 604 2206 892 2291; x_wconf 89' lang='lat' dir='ltr'>proponit</span> <span class='ocrx_word' id='word_1_130' title='bbox 959 2203 1302 2291; x_wconf 81' lang='lat' dir='ltr'>legendum</span> <span class='ocrx_word' id='word_1_131' title='bbox 1347 2203 1454 2266; x_wconf 82' lang='grc' dir='ltr'>οὐκ</span> <span class='ocrx_word' id='word_1_132' title='bbox 1502 2201 1729 2279; x_wconf 70' lang='grc' dir='ltr'><strong><em>ὀλίγων</em></strong></span> <span class='ocrx_word' id='word_1_133' title='bbox 1779 2201 1945 2284; x_wconf 87' lang='lat' dir='ltr'>quod</span> <span class='ocrx_word' id='word_1_134' title='bbox 1990 2203 2127 2286; x_wconf 77' lang='lat' dir='ltr'>ipse</span> <span class='ocrx_word' id='word_1_135' title='bbox 2173 2201 2458 2267; x_wconf 86' lang='lat' dir='ltr'>concedit</span> <span class='ocrx_word' id='word_1_136' title='bbox 2497 2223 2622 2266; x_wconf 93' lang='lat' dir='ltr'>non</span> 
     </span>
     <span class='ocr_line' id='line_1_17' title="bbox 238 2307 2620 2393; baseline -0.004 -14"><span class='ocrx_word' id='word_1_137' title='bbox 238 2335 376 2379; x_wconf 78' lang='lat' dir='ltr'>esse</span> <span class='ocrx_word' id='word_1_138' title='bbox 440 2310 719 2377; x_wconf 85' lang='lat' dir='ltr'>bellum:</span> <span class='ocrx_word' id='word_1_139' title='bbox 791 2333 890 2393; x_wconf 73' lang='lat' dir='ltr'>„es</span> <span class='ocrx_word' id='word_1_140' title='bbox 951 2316 1107 2374; x_wconf 69' lang='lat' dir='ltr'>wd‘re</span> <span class='ocrx_word' id='word_1_141' title='bbox 1152 2311 1262 2373; x_wconf 72' lang='lat' dir='ltr'>das</span> <span class='ocrx_word' id='word_1_142' title='bbox 1304 2310 1435 2372; x_wconf 76' lang='lat' dir='ltr'>eine</span> <span class='ocrx_word' id='word_1_143' title='bbox 1480 2313 1593 2372; x_wconf 74' lang='lat' dir='ltr'>Art</span> <span class='ocrx_word' id='word_1_144' title='bbox 1641 2330 1752 2371; x_wconf 81' lang='lat' dir='ltr'>von</span> <span class='ocrx_word' id='word_1_145' title='bbox 1799 2308 2099 2390; x_wconf 77' lang='lat' dir='ltr'>doppelter</span> <span class='ocrx_word' id='word_1_146' title='bbox 2145 2307 2388 2372; x_wconf 70' lang='lat' dir='ltr'>Licates.</span> <span class='ocrx_word' id='word_1_147' title='bbox 2435 2308 2620 2371; x_wconf 73' lang='lat' dir='ltr'>Scho&#39;n</span> 
     </span>
     <span class='ocr_line' id='line_1_18' title="bbox 241 2413 2621 2491; baseline -0.002 -7"><span class='ocrx_word' id='word_1_148' title='bbox 241 2426 319 2484; x_wconf 66' lang='lat' dir='ltr'>ist</span> <span class='ocrx_word' id='word_1_149' title='bbox 382 2421 489 2482; x_wconf 69' lang='lat' dir='ltr'>das</span> <span class='ocrx_word' id='word_1_150' title='bbox 549 2418 750 2491; x_wconf 70' lang='lat' dir='ltr'>nicht,</span> <span class='ocrx_word' id='word_1_151' title='bbox 812 2419 923 2479; x_wconf 72' lang='lat' dir='ltr'>das</span> <span class='ocrx_word' id='word_1_152' title='bbox 979 2416 1146 2479; x_wconf 67' lang='lat' dir='ltr'>wei-se</span> <span class='ocrx_word' id='word_1_153' title='bbox 1207 2417 1299 2478; x_wconf 65' lang='lat' dir='ltr'>iola</span> <span class='ocrx_word' id='word_1_154' title='bbox 1361 2414 1582 2479; x_wconf 79' lang='lat' dir='ltr'>wohl!”</span> <span class='ocrx_word' id='word_1_155' title='bbox 1675 2413 1916 2488; x_wconf 87' lang='lat' dir='ltr'>Quidni</span> <span class='ocrx_word' id='word_1_156' title='bbox 1972 2416 2038 2477; x_wconf 91' lang='lat' dir='ltr'>in</span> <span class='ocrx_word' id='word_1_157' title='bbox 2085 2416 2306 2478; x_wconf 83' lang='lat' dir='ltr'>insana</span> <span class='ocrx_word' id='word_1_158' title='bbox 2351 2413 2621 2479; x_wconf 88' lang='lat' dir='ltr'>lectione</span> 
     </span>
     <span class='ocr_line' id='line_1_19' title="bbox 233 2518 2621 2614; baseline -0.003 -23"><span class='ocrx_word' id='word_1_159' title='bbox 233 2526 534 2614; x_wconf 81' lang='lat' dir='ltr'>legamus</span> <span class='ocrx_word' id='word_1_160' title='bbox 604 2529 847 2589; x_wconf 83' lang='grc' dir='ltr'><strong><em>πολλῶν</em></strong></span> <span class='ocrx_word' id='word_1_161' title='bbox 921 2543 1067 2587; x_wconf 87' lang='lat' dir='ltr'>cum</span> <span class='ocrx_word' id='word_1_162' title='bbox 1139 2520 1427 2586; x_wconf 90' lang='lat' dir='ltr'>Dorvilio</span> <span class='ocrx_word' id='word_1_163' title='bbox 1493 2521 1571 2585; x_wconf 87' lang='lat' dir='ltr'>ad</span> <span class='ocrx_word' id='word_1_164' title='bbox 1643 2518 1885 2586; x_wconf 78' lang='lat' dir='ltr'>charit.</span> <span class='ocrx_word' id='word_1_165' title='bbox 1950 2539 2095 2605; x_wconf 82' lang='lat' dir='ltr'>pag.</span> <span class='ocrx_word' id='word_1_166' title='bbox 2163 2518 2321 2593; x_wconf 83' lang='lat'><strong>368,</strong></span> <span class='ocrx_word' id='word_1_167' title='bbox 2391 2519 2621 2585; x_wconf 83' lang='lat' dir='ltr'>collato</span> 
     </span>
     <span class='ocr_line' id='line_1_20' title="bbox 234 2624 2619 2718; baseline -0.004 -21"><span class='ocrx_word' id='word_1_168' title='bbox 234 2632 659 2718; x_wconf 85' lang='lat' dir='ltr'>Xenophonte</span> <span class='ocrx_word' id='word_1_169' title='bbox 705 2630 980 2715; x_wconf 79' lang='lat' dir='ltr'>Ephesio</span> <span class='ocrx_word' id='word_1_170' title='bbox 1030 2627 1194 2713; x_wconf 86' lang='lat' dir='ltr'>apud</span> <span class='ocrx_word' id='word_1_171' title='bbox 1246 2625 1525 2692; x_wconf 85' lang='lat' dir='ltr'>Goeller.</span> <span class='ocrx_word' id='word_1_172' title='bbox 1575 2626 1654 2690; x_wconf 89' lang='lat' dir='ltr'>ad</span> <span class='ocrx_word' id='word_1_173' title='bbox 1701 2631 1989 2690; x_wconf 82' lang='lat' dir='ltr'>nostrum</span> <span class='ocrx_word' id='word_1_174' title='bbox 2037 2624 2271 2690; x_wconf 89' lang='lat' dir='ltr'>locum.</span> <span class='ocrx_word' id='word_1_175' title='bbox 2323 2625 2577 2690; x_wconf 86' lang='lat' dir='ltr'>Etenim</span> <span class='ocrx_word' id='word_1_176' title='bbox 2601 2673 2619 2708; x_wconf 86' lang='lat'>‚</span> 
     </span>
     <span class='ocr_line' id='line_1_21' title="bbox 232 2739 645 2806; baseline -0.01 -1"><span class='ocrx_word' id='word_1_177' title='bbox 232 2746 313 2806; x_wconf 87' lang='lat' dir='ltr'>ut</span> <span class='ocrx_word' id='word_1_178' title='bbox 360 2739 473 2804; x_wconf 89' lang='lat' dir='ltr'>ille</span> <span class='ocrx_word' id='word_1_179' title='bbox 520 2741 645 2804; x_wconf 83' lang='lat' dir='ltr'>ait:</span> 
     </span>
    </p>

    <p class='ocr_par' dir='ltr' id='par_1_6' title="bbox 831 2839 2079 3028">
     <span class='ocr_line' id='line_1_22' title="bbox 1322 2839 2075 2919; baseline -0.005 -16"><span class='ocrx_word' id='word_1_180' title='bbox 1322 2842 1388 2904; x_wconf 83' lang='grc' dir='ltr'>οὐ</span> <span class='ocrx_word' id='word_1_181' title='bbox 1437 2839 1581 2919; x_wconf 80' lang='grc' dir='ltr'><strong><em>πρὸς</em></strong></span> <span class='ocrx_word' id='word_1_182' title='bbox 1628 2839 1835 2918; x_wconf 78' lang='grc' dir='ltr'><strong><em>ἰατροῦ</em></strong></span> <span class='ocrx_word' id='word_1_183' title='bbox 1883 2842 2075 2916; x_wconf 80' lang='grc' dir='ltr'><strong><em>σοφοῦ</em></strong></span> 
     </span>
     <span class='ocr_line' id='line_1_23' title="bbox 831 2943 2079 3028; baseline -0.006 -15"><span class='ocrx_word' id='word_1_184' title='bbox 831 2952 1011 3025; x_wconf 81' lang='grc' dir='ltr'><strong><em>θροεῖν</em></strong></span> <span class='ocrx_word' id='word_1_185' title='bbox 1061 2947 1298 3028; x_wconf 69' lang='grc' dir='ltr'><strong><em>ἐπῳδὰς</em></strong></span> <span class='ocrx_word' id='word_1_186' title='bbox 1348 2946 1445 3011; x_wconf 77' lang='grc' dir='ltr'>ἐπὶ</span> <span class='ocrx_word' id='word_1_187' title='bbox 1496 2951 1758 3023; x_wconf 80' lang='grc' dir='ltr'><strong><em>τομῶντι</em></strong></span> <span class='ocrx_word' id='word_1_188' title='bbox 1807 2943 2079 3021; x_wconf 78' lang='grc' dir='ltr'><strong><em>πήματι.</em></strong></span> 
     </span>
    </p>
   </div>
   <div class='ocr_carea' id='block_1_6' title="bbox 973 3180 1898 3252">
    <p class='ocr_par' dir='ltr' id='par_1_7' title="bbox 973 3180 1898 3252">
     <span class='ocr_line' id='line_1_24' title="bbox 973 3180 1898 3252; baseline -0.004 0"><span class='ocrx_word' id='word_1_189' title='bbox 973 3188 1275 3252; x_wconf 75' lang='lat' dir='ltr'>Diodorus</span> <span class='ocrx_word' id='word_1_190' title='bbox 1321 3184 1502 3248; x_wconf 65' lang='grc' dir='ltr'><strong><em>δέεαι.</em></strong></span> <span class='ocrx_word' id='word_1_191' title='bbox 1554 3180 1738 3249; x_wconf 82' lang='lat' dir='ltr'>XIX.</span> <span class='ocrx_word' id='word_1_192' title='bbox 1790 3181 1898 3248; x_wconf 87' lang='lat'>9&#39;7.</span> 
     </span>
    </p>
   </div>
   <div class='ocr_carea' id='block_1_7' title="bbox 235 3364 2620 3562">
    <p class='ocr_par' dir='ltr' id='par_1_8' title="bbox 235 3364 2620 3562">
     <span class='ocr_line' id='line_1_25' title="bbox 338 3364 2619 3451; baseline -0.006 -9"><span class='ocrx_word' id='word_1_193' title='bbox 338 3380 416 3442; x_wconf 83' lang='grc' dir='ltr'>Οἱ</span> <span class='ocrx_word' id='word_1_194' title='bbox 481 3375 540 3441; x_wconf 75' lang='grc' dir='ltr'>δὲ</span> <span class='ocrx_word' id='word_1_195' title='bbox 606 3373 815 3438; x_wconf 78' lang='grc' dir='ltr'><strong><em>σκοποὶ</em></strong></span> <span class='ocrx_word' id='word_1_196' title='bbox 884 3369 1380 3442; x_wconf 78' lang='grc' dir='ltr'><strong><em>κατανοήσαντες</em></strong></span> <span class='ocrx_word' id='word_1_197' title='bbox 1441 3367 1750 3442; x_wconf 82' lang='grc' dir='ltr'><strong><em>πολεμίαν</em></strong></span> <span class='ocrx_word' id='word_1_198' title='bbox 1815 3364 2073 3442; x_wconf 78' lang='grc' dir='ltr'><strong><em>δύναμιν</em></strong></span> <span class='ocrx_word' id='word_1_199' title='bbox 2135 3364 2619 3451; x_wconf 75' lang='grc' dir='ltr'><strong><em>είσβεβήκυῖαν,</em></strong></span> 
     </span>
     <span class='ocr_line' id='line_1_26' title="bbox 235 3469 2620 3562; baseline -0.007 -9"><span class='ocrx_word' id='word_1_200' title='bbox 235 3489 376 3552; x_wconf 89' lang='lat' dir='ltr'>imo</span> <span class='ocrx_word' id='word_1_201' title='bbox 440 3482 928 3560; x_wconf 78' lang='grc' dir='ltr'><strong><em>εἰσβεβληκυῖαν</em></strong></span> <span class='ocrx_word' id='word_1_202' title='bbox 992 3497 1124 3541; x_wconf 81' lang='lat' dir='ltr'>esse</span> <span class='ocrx_word' id='word_1_203' title='bbox 1183 3472 1526 3562; x_wconf 83' lang='lat' dir='ltr'>legendum</span> <span class='ocrx_word' id='word_1_204' title='bbox 1587 3470 1774 3536; x_wconf 84' lang='lat' dir='ltr'>facile</span> <span class='ocrx_word' id='word_1_205' title='bbox 1833 3476 2028 3555; x_wconf 83' lang='lat' dir='ltr'>patet.</span> <span class='ocrx_word' id='word_1_206' title='bbox 2095 3469 2193 3537; x_wconf 83' lang='lat' dir='ltr'>Cf.</span> <span class='ocrx_word' id='word_1_207' title='bbox 2242 3491 2295 3537; x_wconf 89' lang='lat' dir='ltr'>e.</span> <span class='ocrx_word' id='word_1_208' title='bbox 2345 3495 2410 3559; x_wconf 79' lang='lat' dir='ltr'>g.</span> <span class='ocrx_word' id='word_1_209' title='bbox 2475 3493 2620 3537; x_wconf 85' lang='lat' dir='ltr'>mox</span> 
     </span>
    </p>
   </div>
   <div class='ocr_carea' id='block_1_8' title="bbox 231 3589 1905 3887">
    <p class='ocr_par' dir='ltr' id='par_1_9' title="bbox 231 3589 1905 3887">
     <span class='ocr_line' id='line_1_27' title="bbox 231 3589 702 3677; baseline -0.019 -17"><span class='ocrx_word' id='word_1_210' title='bbox 231 3613 371 3677; x_wconf 89' lang='lat' dir='ltr'>cap.</span> <span class='ocrx_word' id='word_1_211' title='bbox 431 3589 512 3655; x_wconf 90' lang='lat'>10</span> <span class='ocrx_word' id='word_1_212' title='bbox 559 3590 702 3652; x_wconf 81' lang='lat' dir='ltr'>init.</span> 
     </span>
     <span class='ocr_line' id='line_1_28' title="bbox 933 3798 1905 3887; baseline -0.008 -18"><span class='ocrx_word' id='word_1_213' title='bbox 933 3806 1228 3887; x_wconf 73' lang='lat' dir='ltr'>Dioqenea</span> <span class='ocrx_word' id='word_1_214' title='bbox 1273 3804 1475 3866; x_wconf 61' lang='lat' dir='ltr'>Lam.</span> <span class='ocrx_word' id='word_1_215' title='bbox 1528 3799 1633 3866; x_wconf 85' lang='lat' dir='ltr'>VI.</span> <span class='ocrx_word' id='word_1_216' title='bbox 1686 3799 1746 3863; x_wconf 81' lang='lat'>2.</span> <span class='ocrx_word' id='word_1_217' title='bbox 1799 3798 1905 3863; x_wconf 82' lang='lat'>30.</span> 
     </span>
    </p>
   </div>
   <div class='ocr_carea' id='block_1_9' title="bbox 237 4009 2627 4325">
    <p class='ocr_par' dir='ltr' id='par_1_10' title="bbox 237 4009 2627 4325">
     <span class='ocr_line' id='line_1_29' title="bbox 324 4009 2624 4104; baseline -0.009 -10"><span class='ocrx_word' id='word_1_218' title='bbox 324 4029 577 4094; x_wconf 83' lang='grc' dir='ltr'><strong><em>Ἔπειτ’</em></strong></span> <span class='ocrx_word' id='word_1_219' title='bbox 629 4029 685 4091; x_wconf 82' lang='grc' dir='ltr'><strong><em>ἐν</em></strong></span> <span class='ocrx_word' id='word_1_220' title='bbox 734 4035 809 4104; x_wconf 75' lang='grc' dir='ltr'>τῇ</span> <span class='ocrx_word' id='word_1_221' title='bbox 862 4025 1187 4103; x_wconf 69' lang='grc' dir='ltr'><strong><em>παλαίςρᾳ</em></strong></span> <span class='ocrx_word' id='word_1_222' title='bbox 1235 4020 1340 4084; x_wconf 80' lang='grc' dir='ltr'>οὐκ</span> <span class='ocrx_word' id='word_1_223' title='bbox 1394 4016 1692 4095; x_wconf 81' lang='grc' dir='ltr'><strong><em>ἐπέτρεπε</em></strong></span> <span class='ocrx_word' id='word_1_224' title='bbox 1742 4015 1826 4091; x_wconf 78' lang='grc' dir='ltr'>τῷ</span> <span class='ocrx_word' id='word_1_225' title='bbox 1876 4009 2243 4089; x_wconf 64' lang='grc' dir='ltr'><strong><em>παιδοτρίβῃ</em></strong></span> <span class='ocrx_word' id='word_1_226' title='bbox 2287 4010 2624 4083; x_wconf 70' lang='grc' dir='ltr'><strong><em>ἀθλητικῶς</em></strong></span> 
     </span>
     <span class='ocr_line' id='line_1_30' title="bbox 237 4112 2627 4215; baseline -0.01 -11"><span class='ocrx_word' id='word_1_227' title='bbox 237 4138 456 4215; x_wconf 72' lang='grc' dir='ltr'><strong><em>ἄγειν,</em></strong></span> <span class='ocrx_word' id='word_1_228' title='bbox 508 4132 660 4200; x_wconf 68' lang='grc' dir='ltr'><strong><em>ἀλλ’</em></strong></span> <span class='ocrx_word' id='word_1_229' title='bbox 713 4131 863 4197; x_wconf 68' lang='grc' dir='ltr'>αὐτό</span> <span class='ocrx_word' id='word_1_230' title='bbox 913 4130 1089 4204; x_wconf 83' lang='grc' dir='ltr'><strong><em>μόνον</em></strong></span> <span class='ocrx_word' id='word_1_231' title='bbox 1138 4125 1648 4207; x_wconf 74' lang='grc' dir='ltr'><strong><em>ἐρυθήματος</em></strong></span> <span class='ocrx_word' id='word_1_232' title='bbox 1699 4119 1884 4201; x_wconf 69' lang='grc' dir='ltr'><strong><em>χάριν</em></strong></span> <span class='ocrx_word' id='word_1_233' title='bbox 1932 4112 2039 4182; x_wconf 72' lang='grc' dir='ltr'>καί</span> <span class='ocrx_word' id='word_1_234' title='bbox 2089 4115 2353 4190; x_wconf 78' lang='grc' dir='ltr'><strong><em>εὐεξίας.</em></strong></span> <span class='ocrx_word' id='word_1_235' title='bbox 2401 4116 2627 4196; x_wconf 82' lang='grc' dir='ltr'><strong><em>Εὐρυθ-</em></strong></span> 
     </span>
     <span class='ocr_line' id='line_1_31' title="bbox 240 4222 2333 4325; baseline -0.011 -16"><span class='ocrx_word' id='word_1_236' title='bbox 240 4247 396 4324; x_wconf 80' lang='grc' dir='ltr'><strong><em>μίας</em></strong></span> <span class='ocrx_word' id='word_1_237' title='bbox 448 4263 580 4308; x_wconf 80' lang='lat' dir='ltr'>esse</span> <span class='ocrx_word' id='word_1_238' title='bbox 627 4239 1003 4325; x_wconf 83' lang='lat' dir='ltr'>legendum,</span> <span class='ocrx_word' id='word_1_239' title='bbox 1057 4255 1178 4298; x_wconf 87' lang='lat' dir='ltr'>non</span> <span class='ocrx_word' id='word_1_240' title='bbox 1225 4231 1476 4319; x_wconf 83' lang='lat' dir='ltr'>egebit,</span> <span class='ocrx_word' id='word_1_241' title='bbox 1529 4234 1719 4313; x_wconf 87' lang='lat' dir='ltr'>put0‚</span> <span class='ocrx_word' id='word_1_242' title='bbox 1765 4222 2333 4289; x_wconf 88' lang='lat' dir='ltr'>commendatione.</span> 
     </span>
    </p>
   </div>
  </div>
 </body>
</html>
