3192 5017
1325 340 1685 388 mmmmm.
2615 324 2693 390 17

310 510 501 575 sicuti
559 532 750 597 supra
812 512 1298 577 inveniebamus
1356 512 1423 575 in
1486 509 1710 596 Suppl.
1778 506 1907 574 745
1972 517 2037 575 et
2097 512 2163 576 in
2212 513 2429 577 eadem
2478 514 2696 579 fabula

314 615 502 681 hodie
547 623 716 683 reete
762 617 1006 704 legitur
1054 638 1142 683 vs.
1196 615 1364 681 950:

880 747 889 756 ·
1361 718 1403 786 ὦ
1453 724 1832 801 ταλαίπωροι
1883 722 2149 807 βροτῶν,

857 821 912 893 οἳ
959 827 1204 893 κτᾶσθε
1256 826 1548 909 λόγχας,

313 955 473 1020 quae
518 936 832 1021 scriptura
875 934 1260 1000 Marklando
1305 934 1603 1016 debetur,
1651 954 1800 1013 nem
1851 935 1917 996 in
1964 934 2148 999 libris
2192 944 2288 1000 est
2325 938 2388 1000 τί
2426 934 2692 1001 κτᾶσθε.

310 1043 578 1108 Prorsus
642 1042 860 1108 eodem
926 1042 1116 1106 modo
1182 1040 1333 1105 olim
1404 1048 1680 1104 erratum
1745 1040 1873 1103 fuit
1933 1041 1998 1103 in
2043 1040 2375 1105 Menandri
2425 1043 2695 1128 quodam

313 1150 710 1238 fragmento,
753 1147 862 1213 sed
904 1150 1136 1213 vitium
1179 1148 1446 1235 agnovit
1488 1151 1553 1209 et
1576 1144 1841 1209 sustulit.
1864 1141 2141 1211 Cobetus
2164 1145 2406 1211 Mnem.
2436 1146 2522 1212 IV
2546 1148 2698 1212 260.

404 1354 617 1421 Redeo
663 1357 742 1422 ad
789 1356 1217 1443 Hippolytum
1269 1362 1333 1421 et
1381 1356 1459 1420 ad
1504 1377 1594 1421 vs.
1649 1354 1817 1419 982:

676 1464 782 1527 οὐκ
829 1458 940 1528 οἷδ’
990 1460 1146 1534 ὅπως
1196 1460 1430 1537 εἴποιμ’
1482 1461 1557 1526 ἂν
1604 1465 1894 1542 εὐτυχεῖν
1940 1464 2078 1525 τινα

553 1628 559 1633 .
682 1568 936 1641 θνητῶν·
985 1569 1070 1634 τοὶ
1119 1569 1243 1647 γὰρ
1294 1567 1365 1642 δὴ
1416 1567 1645 1648 πρῶτ’
1692 1567 2079 1647 οὶνέςραπται
2130 1567 2340 1633 πάλιν.

309 1673 629 1740 Emendat
681 1672 909 1743 ’σῶα-Ἄ

402 1882 508 1948 Vs.
564 1883 769 1950 1085:

675 1994 794 2072 οὐχ
842 1988 1044 2067 ἕλξετ’
1093 1993 1315 2075 αὐτὸν,
1367 1991 1592 2069 δμῶες;
1645 1994 1751 2057 οὐκ
1800 1992 2054 2057 ἀκούετε

674 2097 879 2162 παλαι
927 2097 1379 2172 ξενοῦσθαι
1429 2097 1601 2162 τόνδε
1649 2097 2092 2175 προῦννέποντοί
2142 2119 2259 2176 με;

311 2203 479 2283 Quid
563 2204 669 2269 hio
751 2211 846 2269 est
915 2201 1289 2280 ξενοῦσθαιῖ
1359 2204 1593 2269 Scribit
1670 2203 2171 2269 Valckenaerius
2242 2203 2696 2280 ἀποξενοῦσθαι

312 2309 615 2376 usitatius
679 2310 943 2377 verbum
1008 2332 1175 2387 esse,
1227 2310 1501 2395 simplex
1550 2316 1763 2375 tamen
1811 2310 2085 2375 inveniri
2133 2312 2198 2374 in
2247 2311 2396 2376 Eur.
2448 2313 2695 2399 Aegeo:

851 2416 1033 2479 ποίαν
1081 2441 1149 2480 σε
1202 2423 1416 2493 Φῶμεν
1467 2423 1664 2492 γαῖαν
1716 2414 2127 2479 ἐκλελοιπότα

857 2522 1036 2586 πόλει
1085 2521 1412 2599 ξενοῦσθαι
1461 2523 1645 2601 τῆδες

315 2625 438 2691 Sed
506 2648 691 2692 nemo
761 2629 1023 2715 negabit
1090 2631 1157 2692 in
1229 2628 1346 2691 hoc
1408 2626 1721 2693 versiculo
1791 2647 2014 2711 parum
2079 2648 2212 2692 esse
2271 2629 2568 2712 praesidii
2615 2631 2693 2695 ad

310 2730 651 2819 Hippolyti
710 2732 924 2797 locum
989 2733 1354 2798 tutandum.
1427 2732 1665 2796 Verum
1730 2736 1979 2796 utinam
2047 2754 2296 2817 semper
2355 2733 2693 2819 Euripides

306 2843 438 2902 tam
520 2837 741 2904 facilis·
808 2844 971 2904 esset
1053 2839 1132 2903 ad
1215 2837 1712 2903 emendandum:
1786 2837 2128 2923 legendum
2206 2841 2413 2903 enim:
2485 2844 2691 2904 παλαι

304 2941 706 3020 ’ξεῶσθαι.
757 2947 967 3029 Atque
1014 2946 1106 3009 sie
1151 2943 1554 3031 Hippolytus
1603 2951 1772 3008 reete
1822 2943 2188 3028 respondet:

668 3051 875 3117 κλάων
922 3075 1014 3123 τις
1066 3052 1265 3114 αὐτῶν
1313 3045 1407 3128 ἆρ’
1457 3052 1604 3125 ἐμοῦ
1658 3074 1735 3127 γε
1782 3046 2069 3124 θίξεται·

668 3158 743 3222 σὺ
793 3159 841 3221 δ’
894 3156 1118 3233 αὐτός,
1167 3155 1226 3220 εἴ
1269 3180 1357 3220 σοι
1407 3154 1645 3232 θυμός,
1701 3153 1986 3233 ἐξώθει
2034 3153 2283 3236 χθονός.

394 3368 502 3435 Vs.
557 3368 759 3433 1101:

755 3475 831 3544 ὥς
879 3474 1088 3539 οὔποτ’
1138 3475 1334 3538 ἄλλον
1380 3471 1569 3551 ἄνδρα
1619 3471 2053 3552 σωφρονέςερον

756 3578 1030 3661 ὄψεσθε,
1080 3580 1169 3644 κεῖ
1219 3580 1309 3655 μὴ
1357 3579 1546 3643 ταῦτ’
1597 3579 1722 3659 ἐμῷ
1774 3578 2003 3643 δοκεῖ
2045 3580 2252 3657 πατρί.

299 3684 479 3750 Malo
528 3687 743 3751 δοκῶ.

392 3896 748 3985 Interrogat
808 3896 1090 3962 Theseus
1152 3918 1244 3962 vs.
1316 3895 1525 3972 1164,
1591 3899 1735 3981 quis
1783 3894 1990 3960 filium
2042 3903 2174 3960 tam
2224 3898 2391 3962 male
2436 3898 2684 3964 mules-

298 4004 498 4068 verit:

665 4110 807 4187 πρὸς
857 4112 964 4172 τοῦ
980 4129 997 4186 ;
1054 4106 1132 4170 δι’
1180 4106 1406 4187 ἔχθρας
1455 4113 1583 4184 μῶν
1631 4131 1753 4177 τις
1802 4103 1880 4180 ἦν
1932 4107 2315 4185 ἀφιγμένος,

661 4214 798 4278 ὅτου
847 4215 1194 4295 κατῄσχυν’
1246 4211 1477 4292 ἄλοχον
1528 4217 1603 4276 ὥς
1658 4214 1886 4291 πατρὸς
1937 4212 2088 4295 βίας

299 4319 460 4385 Mire
504 4320 623 4386 hoc
674 4321 915 4385 dietum
968 4326 1101 4395 est,
1154 4340 1300 4384 nam
1351 4326 1531 4403 pater
1577 4340 1700 4384 non
1764 4322 1977 4405 potuit
2039 4339 2261 4406 rogare
2324 4342 2477 4385 num
2538 4328 2681 4407 quis

302 4427 462 4492 sorte
506 4448 768 4515 peregre
817 4427 1177 4492 advenisset
1224 4426 1368 4492 odio
1416 4429 1478 4491 in
1533 4424 1740 4491 filium
1791 4428 2117 4506 incensus,
2167 4427 2276 4492 sed
2323 4430 2681 4497 sciscitatur

2369 4548 2403 4596 2
