3192 5017
1395 306 1756 358 nummum.
2684 278 2762 349 11

484 486 670 559 Nunc
716 487 902 554 venio
951 485 1029 549 ad
1077 505 1169 551 vs.
1221 478 1393 547 532:

848 592 998 656 ἀλλ’
1051 592 1158 654 οὐκ
1202 587 1468 667 ἀκριβῶς
1517 589 1716 652 αὐτὸ
1762 585 2135 663 θήσομαι
2186 585 2354 649 λίαν.

399 700 581 781 Quod
631 698 708 767 ad
760 694 1151 782 Aeschylum
1201 714 1404 778 nuper
1451 691 1788 777 adnotavi,
1834 691 2388 769 οὶντερῆσομαιι
2427 688 2533 754 hic
2569 690 2779 774 requi-

396 810 599 891 ritur,
672 824 821 869 nam
892 801 1082 868 Jason
1142 798 1510 886 planissime
1574 800 1833 883 respicit
1894 797 2161 862 Medeae
2224 796 2416 861 verba
2464 815 2558 862 vs.
2612 793 2785 858 501:

402 909 726 995 ἐρωτηθεὶς
791 909 917 988 γὰρ
979 908 1240 987 αἰσχίων
1298 910 1494 985 φανεῖ
1544 903 1795 988 fuitque
1843 924 1916 968 ea
1964 900 2217 977 ἅμιλλα
2264 901 2501 985 λόγων,
2552 902 2650 965 uti
2698 908 2795 965 est

405 1040 499 1086 vs.
547 1015 700 1092 546,
754 1013 1110 1080 cuiusmodi
1160 1009 1618 1097 spectatoribus
1664 1012 1730 1073 in
1780 1009 2025 1074 deliciis
2064 1014 2260 1074 erant.
2311 1006 2507 1072 Recte
2548 1004 2792 1092 legitur

410 1123 611 1190 Orest.
664 1119 832 1186 6103

863 1224 1054 1289 καλὸν
1101 1221 1403 1303 πάρεργον
1452 1221 1504 1285 δ’
1553 1223 1706 1288 αὐτὸ
1750 1220 2030 1300 θήσομαι
2079 1219 2312 1286 πόνων.

413 1335 521 1401 sed
569 1352 790 1399 sensus
838 1332 1125 1397 diversus
1172 1334 1304 1404 est,
1354 1330 1453 1393 uti
1501 1328 1699 1395 vides.

501 1545 749 1611 Letalia
795 1563 1061 1610 munera
1106 1540 1337 1608 Medea
1384 1538 1659 1607 Creusae
1707 1543 1914 1607 mittit
1958 1542 2059 1606 his
2115 1542 2329 1607 verbis
2378 1561 2468 1606 vs.
2522 1539 2689 1606 958:

863 1650 967 1716 xxi
1017 1659 1092 1731 τῇ
1142 1647 1405 1729 τυράννῳ
1453 1646 1738 1731 μακαρίᾳ
1785 1648 1998 1729 νύμφῃ
2044 1646 2182 1712 δότε

859 1755 1183 1838 φέροντες·
1232 1754 1391 1819 οὔτοι
1439 1755 1593 1834 δῶρκ
1645 1754 1990 1830 μεμπτοὶ
2038 1751 2394 1830 δέξεται.

410 1863 831 1949 'I'ranspositis
902 1862 1108 1928 literis
1181 1864 1461 1948 corrigo:
1552 1860 1990 1941 μέμψεται
2073 1861 2287 1926 τάδε.
2383 1861 2520 1927 Hoc
2592 1862 2799 1926 dicere

411 1969 635 2037 debuit
681 1968 911 2036 Medea
958 1989 1092 2034 esse
1138 1989 1211 2034 ea
1259 1968 1420 2033 dona
1466 1969 1679 2054 regiae
1725 1967 1964 2053 virgini
2011 1965 2341 2053 placitura.

508 2183 838 2272 Exiguum
887 2187 982 2248 est
1032 2181 1263 2247 vitium
1314 2201 1406 2248 vs.
1459 2177 1629 2245 965:

783 2289 1011 2369 χρυσὸς
1058 2287 1122 2352 δὲ
1169 2288 1555 2366 κρείσσων
1603 2286 1828 2367 μυρίων
1876 2286 2078 2365 λόγων
2124 2287 2385 2365 βροτοῖς.

426 2395 500 2464 In
550 2394 829 2484 generali
877 2395 1187 2461 sententia
1234 2395 1444 2479 aptius
1490 2394 1745 2461 videtur
1789 2397 2088 2458 neutrum
2137 2403 2529 2473 κρεῖσσον.

514 2606 824 2675 Constans
883 2606 1057 2672 fama
1115 2610 1246 2690 est,
1306 2604 1573 2671 Medeae
1622 2604 1943 2691 duplicem
1991 2607 2415 2671 recensionem
2463 2605 2657 2671 fuisse
2701 2625 2809 2671 no-

428 2714 646 2799 bisque
709 2712 976 2779 alteram
1040 2731 1382 2796 superesse.
1479 2710 1572 2775 Eo
1621 2713 1894 2795 pertinet
1942 2712 2108 2795 quod
2153 2711 2219 2776 in
2268 2713 2667 2799 Argumento
2713 2713 2810 2776 in-

421 2822 711 2886 venitur:
764 2817 833 2881 τὸ
885 2818 1093 2896 δρᾶμα
1142 2818 1308 2882 δοκεῖ
1351 2814 1793 2893 ὑποβαλέσθαι
1844 2817 1926 2879 τὰ
1968 2816 2306 2896 Νεόφρονος
2348 2816 2806 2899 δικμευοὶσας,

423 2926 533 2991 sed
582 2927 658 2991 de
705 2946 779 2990 ea
825 2945 890 2989 re
938 2923 1305 2989 Boeckhius
1351 2929 1640 2988 accurate
1688 2925 2004 3008 quaesivit
2040 2925 2106 2987 in
2147 2923 2466 3008 praeclaro
2507 2945 2692 3009 opere
2731 2924 2808 2988 de

428 3032 717 3118 Tragicis
763 3028 1024 3096 Graecis
1072 3052 1121 3094 c.
1178 3028 1258 3094 13
1309 3049 1584 3113 eumque
1635 3030 1830 3095 ferme
1870 3030 2261 3113 sequendum
2313 3030 2502 3105 ducO,
2554 3029 2807 3095 etiamsi

429 3139 753 3224 cognorim
802 3135 954 3221 quid
1003 3142 1217 3200 contra
1256 3136 1393 3199 eius
1433 3136 1706 3200 rationes
1749 3134 2017 3199 allatum
2074 3135 2268 3199 fuerit
2321 3136 2399 3200 ab
2451 3133 2810 3201 Godofredo

427 3242 817 3309 Hermanno.
912 3240 1105 3326 Spero
1168 3241 1300 3305 fore
1367 3245 1437 3304 ut
1492 3240 1655 3305 mihi
1704 3240 1890 3305 detur
1936 3240 2271 3326 aliquando
2319 3245 2559 3307 occasio
2611 3242 2813 3308 decla·

426 3349 607 3415 randi
655 3348 809 3433 quid
859 3347 936 3412 de
986 3353 1119 3413 tota
1170 3345 1285 3412 illa
1333 3349 1701 3430 quaestione
1747 3353 1812 3411 et
1860 3347 1937 3412 de
1982 3349 2340 3413 retractatis
2385 3348 2619 3413 fabulis
2668 3370 2811 3413 sen-

430 3456 632 3538 tiam;
696 3474 864 3519 nunc
925 3451 1091 3517 nihil
1146 3450 1412 3517 fidenter
1460 3451 1774 3517 affirmare
1820 3453 2050 3529 audeo,
2099 3454 2207 3518 sed
2253 3453 2598 3519 admodum
2647 3459 2816 3520 veri-

431 3559 640 3625 simile
704 3560 865 3624 mihi
935 3559 1189 3623 videtur
1250 3560 1315 3621 in
1366 3559 1572 3642 priore
1620 3558 1896 3623 editione
1941 3580 2064 3624 uon
2110 3565 2377 3624 matrem
2427 3560 2657 3636 fuisse,
2708 3562 2817 3626 sed

435 3662 799 3732 Corinthios
848 3669 958 3749 qui
1004 3666 1268 3729 miseros
1314 3684 1540 3748 pueros
1589 3663 2031 3730 interficerent.
2082 3664 2406 3751 Imprimis
2460 3665 2821 3732 Boeckhius

432 3779 508 3836 ut
554 3772 673 3836 hoc
720 3772 1145 3854 demonstret,
1194 3776 1494 3856 provocat
1543 3769 1619 3835 ad
1670 3792 1763 3838 vs.
1817 3769 2026 3836 1381:

1611 3885 1698 3958 γῇ
1750 3875 1815 3940 δὲ
1862 3877 2005 3959 τῇδε
2058 3877 2363 3958 Σισύφου.

887 3982 1114 4060 σεμνὴν
1164 3983 1367 4062 ἑορτὴν
1415 3982 1520 4047 καὶ
1570 3983 1720 4056 τέλη
1772 3983 2147 4063 προσῶψο
2165 4010 2211 4059 μ
2239 4009 2316 4047 εν

888 4088 956 4151 τὸ
1006 4086 1215 4152 λοιπὸν
1261 4087 1398 4152 ἀντὶ
1448 4088 1624 4154 τοῦδε
1673 4088 2008 4167 δυσσεβοῦς
2056 4088 2265 4168 φόνου.

437 4193 784 4261 Contendit
830 4214 904 4258 ea
949 4194 1143 4259 verba
1187 4214 1414 4279 parum
1461 4196 1678 4260 decere
1724 4194 2018 4259 Medeam
2066 4216 2225 4282 quae
2272 4216 2385 4262 sua
2430 4197 2568 4282 ipsa
2622 4219 2813 4264 manu

436 4322 662 4387 pueros
727 4300 1143 4366 trucidaverit
1203 4308 1267 4364 et
1314 4303 1674 4385 suspicatur
1716 4304 1782 4366 in
1818 4307 2027 4384 priore
2070 4305 2427 4368 recensione
2474 4305 2564 4369 sic
2611 4303 2814 4371 Juno-

434 4430 581 4473 nem
648 4406 929 4472 locutam
994 4406 1217 4483 fuisse,
1283 4427 1431 4470 cum
1478 4429 1552 4471 ex
1603 4408 1899 4472 machina
1946 4408 2132 4473 rebus
2180 4411 2565 4476 subveniret.
2660 4410 2813 4478 Fuit
