3192 5017
1273 305 1500 353 Puro,
2450 287 2580 355 347

275 478 432 566 Peg.
484 476 653 543 903:
703 499 816 565 pro
863 480 1151 560 δοκοῦμεν
1199 478 1263 543 δέ
1312 502 1453 560 μοι,
1505 477 1650 565 lege
1697 479 1984 554 δοκοῦμεν
2033 478 2105 553 δή
2155 502 2259 553 μοι
2310 479 2435 542 κτὲ.
2493 516 2573 524 -

189 588 410 657 τούτοις
481 586 533 649 δ’
598 586 743 648 εἰσὶν
812 585 1109 667 ἄρχοντες
1177 584 1706 662 προστεταγμένοι
1772 586 2011 658 §sedem
2063 587 2164 648 ἐπὶ
2215 586 2282 649 τὸ
2330 572 2587 664 σμικρόὲ

190 715 370 757 ται-ον
442 692 541 756 ἀεὶ
614 692 814 767 πάθης
876 692 981 756 καὶ
1051 689 1364 769 πράξεως,
1434 692 1518 763 είς
1566 692 1860 771 μερισμὸν
1921 692 2023 755 τὸν
2075 692 2348 771 ἔσχατον
2397 692 2575 764 τέλος

188 800 694 877 ἀπειργασμένοι.
791 798 1149 883 Tamquam
1196 801 1319 882 ipsi
1368 798 1646 871 δαίμονες
1702 797 2185 876 ἀπειργασμένοι
2234 798 2314 863 ad
2355 800 2572 861 minu-

189 907 510 969 tissimum
583 925 898 989 quemque
967 903 1158 970 finem
1231 901 1466 969 essent!
1563 904 1738 991 Lege
1811 904 2335 984 ἀπειργασμένοις
2408 903 2570 987 (scil.

189 1011 470 1095 ἑκάςοις).
570 1010 736 1091 Quin
782 1013 978 1076 etiam
1026 1012 1109 1081 εἰς
1159 1012 1453 1087 μερισμὸν
1502 1010 1604 1073 τὸν
1653 1008 1926 1091 ἔσχατον
1970 1010 2375 1076 vehementer
2411 1008 2576 1073 mihi

187 1116 522 1201 displicent
550 1166 566 1193 ‚
641 1137 790 1181 nam
859 1119 1026 1180 inter
1096 1116 1370 1193 πράξεως
1446 1123 1510 1181 et
1572 1117 1747 1191 τέλος
1813 1137 2117 1202 perquam
2168 1115 2572 1181 incommode

187 1225 385 1305 posita
454 1230 650 1299 sunt,
721 1230 822 1307 et,
893 1223 948 1285 si
1017 1224 1397 1286 sententiam
1469 1228 1751 1307 spectes,
1825 1222 1988 1287 nihil
2049 1225 2115 1287 in
2180 1242 2245 1286 se
2294 1221 2569 1297 habent,

186 1335 629 1413 praeterquam
678 1328 844 1413 quod
894 1348 1005 1411 per
1049 1334 1296 1392 caetera
1340 1326 1574 1393 melius
1620 1330 2023 1412 exprimitur,
2074 1327 2174 1391 ἐπὶ
2217 1330 2285 1392 τὸ
2327 1324 2583 1406 σμικρό·.

187 1457 369 1499 ται-ον
415 1434 518 1499 ἀεὶ
573 1433 771 1509 πάθης
822 1433 926 1497 καὶ
976 1430 1251 1513 πράξεως
1300 1434 1476 1503 τέλος
1526 1434 2071 1515 ἀπειργασμένοις.

276 1684 360 1696 -
409 1648 481 1712 σὲ
547 1647 612 1711 δὲ
674 1647 893 1718 λέληθε
950 1648 1083 1726 περὶ
1132 1652 1309 1711 τοῦτο
1356 1648 1509 1711 αὑτὸ
1557 1650 1633 1719 ὥς
1682 1647 1919 1725 γένεσις
1971 1646 2149 1713 ἕνεκα
2200 1649 2421 1712 ἐκείνου
2470 1649 2574 1725 γί-

187 1777 402 1830 γνεται
469 1758 657 1820 πᾶσα
710 1750 872 1827 ὅπως
938 1750 971 1834 ᾖ
1025 1754 1058 1826 ἡ
1107 1755 1190 1833 τῷ
1237 1759 1343 1816 τοῦ
1395 1755 1625 1826 παντὸς
1676 1755 1793 1834 βίῳ
1845 1754 2216 1836 ὑπάρχουσα
2263 1754 2576 1828 εὐδαίμων

188 1862 358 1924 οὐσία
425 1863 553 1940 οὐχ
615 1857 793 1924 ἕνεκα
852 1865 959 1925 σοῦ
1023 1862 1382 1937 γιγνομένη.
1482 1860 1559 1924 In
1623 1862 1724 1925 his
1787 1856 1945 1933 ὅπως
1996 1861 2073 1926 ad
2124 1858 2302 1924 ἕνεκα
2354 1862 2578 1925 ἐκείνου

191 1967 500 2045 referunt,
568 1967 678 2032 sed
737 1968 920 2030 ἐκεῖνο
986 1974 1082 2031 est
1147 1967 1213 2030 τὸ
1264 1970 1392 2030 πᾶν
1440 1966 1610 2050 quod
1660 1987 2101 2053 praegressum
2151 1979 2245 2032 est
2265 2014 2280 2043 ,
2333 1987 2456 2032 non
2508 1973 2582 2031 ut

189 2077 456 2141 materia
521 2074 606 2151 τῷ
674 2073 861 2137 παντὶ
930 2077 1246 2158 suppetat.
1340 2072 1678 2138 Praeterea
1724 2068 1884 2143 ὅπως
1931 2070 1964 2154 ᾖ
2013 2073 2383 2153 ὑπάρχουσα
2430 2095 2581 2139 cum

193 2181 459 2245 veritate
506 2187 792 2266 pugnat,
842 2197 987 2243 nam
1036 2181 1088 2242 si
1138 2176 1371 2255 γένεσις
1425 2198 1499 2243 60
1547 2177 1621 2242 fit
1669 2186 1744 2243 ut
1790 2179 2001 2243 οὐσίαν
2051 2181 2135 2260 τῷ
2184 2183 2290 2244 τοῦ
2350 2185 2582 2253 παντὸς

189 2283 303 2363 βίῳ
351 2285 755 2371 suppeditet,
806 2284 960 2351 haec
1008 2284 1223 2360 οὐσία,
1274 2292 1349 2348 ut
1396 2287 1650 2369 opinor,
1697 2306 1821 2350 non
1858 2290 2066 2370 potest
2107 2284 2409 2364 ὑπάρχειν
2433 2286 2494 2350 h.
2527 2307 2578 2352 e.

193 2390 294 2464 ἤδη
360 2387 558 2473 εἶναι,
623 2410 824 2474 neque
875 2393 927 2454 si
994 2389 1154 2455 hanc
1212 2389 1548 2457 lectionem
1610 2393 1914 2467 retineas,
1965 2391 2152 2457 facile
2201 2391 2370 2457 dices
2418 2392 2585 2459 unde

192 2497 459 2577 pendeat
533 2498 600 2561 in
668 2495 784 2561 illa
844 2496 1204 2573 γιγνομένη.
1267 2496 1474 2585 Lege,
1537 2494 1688 2569 ὅλως
1756 2497 1818 2561 δὲ
1878 2499 1912 2570 ἡ
1976 2501 2082 2563 τοῦ
2147 2502 2377 2569 παντὸς
2442 2499 2583 2576 βίον

195 2600 566 2683 ὑπάρχουσα
613 2602 918 2680 εὐδαίμων
966 2600 1047 2687 (Y)
1094 2603 1272 2668 οὑσία
1318 2603 1439 2683 οὑχ
1487 2598 1667 2667 ἕνεκα
1714 2607 1820 2669 σοῦ
1869 2602 2204 2681 γιγνομένη
2253 2605 2381 2669 κτὲ.

286 2853 367 2863 -
435 2814 517 2881 σὺ
584 2816 638 2881 δ’
703 2818 1091 2895 ἀγανακτεῖς
1140 2818 1373 2894 ἀγνοῶν
1418 2813 1536 2897 ἔπῃ
1593 2816 1664 2881 τὸ
1712 2818 1844 2895 περὶ
1895 2817 1963 2880 σὲ
2008 2814 2214 2897 ’ἄριςον
2262 2819 2344 2898 τῷ
2395 2818 2582 2883 παντὶ

195 2914 534 2999 ξυμβαίνει
598 2924 701 2987 καὶ
751 2924 848 2987 σοί
895 2924 1019 2991 κτὲ.
1119 2923 1292 3010 Lege
1338 2925 1413 2987 σὺ
1463 2925 1514 2989 δ’
1561 2928 1954 2999 ἀγανακτεῖς
2004 2923 2074 2987 τὸ
2123 2925 2257 3004 περὶ
2307 2925 2410 3000 σέ,
2466 2929 2587 3003 οἰγ-

199 3034 331 3097 νοῶν
381 3026 504 3110 ὅπῃ
549 3029 618 3093 τὸ
668 3028 869 3108 ἄριςον
915 3033 997 3110 τῷ
1050 3030 1237 3097 παντὶ
1284 3026 1622 3107 ξυμβαίνει
1674 3030 1779 3093 καὶ
1830 3029 1924 3093 σοί
1972 3031 2101 3095 κτὲ.

296 3279 380 3290 —
434 3238 585 3323 ᾗπερ
646 3242 722 3306 ἂν
780 3241 914 3323 ἔχοι
978 3241 1159 3319 λόγον
1221 3240 1450 3324 ῥᾳςώνη
1513 3240 1877 3316 ἐπιμελείας
1940 3243 2093 3313 θεοῖς
2143 3247 2258 3306 τῶν
2308 3221 2590 3317 πάντ-ουν,

206 3348 405 3429 ταύτῃ
448 3371 550 3425 μοι
602 3349 749 3413 δοκῶ
797 3349 1074 3430 Φράζειν.
1168 3345 1393 3412 Variae
1439 3347 1742 3415 lectiones
1787 3346 2050 3429 ῥᾳςώνης
2093 3368 2171 3413 ex
2212 3348 2587 3415 melioribus

205 3448 411 3539 libris,
461 3456 592 3521 θεοῦ·
641 3476 717 3520 ex
767 3454 1043 3521 Eusebio
1089 3460 1441 3519 enotantur.
1538 3451 1913 3519 confudisse
1961 3453 2220 3519 videtur
2263 3475 2585 3542 gramma-

206 3559 370 3627 ticus
440 3561 670 3646 aliquis
732 3561 916 3639 λόγον
979 3557 1146 3639 ἔχειν
1207 3559 1364 3631 τινός
1429 3565 1716 3622 rationem
1776 3559 2038 3623 alicuius
2081 3560 2174 3624 rei
2218 3561 2432 3626 habere
2457 3612 2473 3637 ‚
2526 3572 2591 3628 et

203 3670 377 3732 τοῦτο
440 3668 623 3745 λόγον
674 3666 808 3748 ἔχει
855 3667 1022 3752 quod
1068 3666 1241 3731 idem
1291 3672 1386 3731 est
1431 3686 1502 3732 ac
1549 3669 1718 3730 τοῦτ’
1769 3667 1874 3729 οὑκ
1925 3666 2000 3731 ἂν
2049 3665 2295 3743 ἀλόγως
2339 3669 2588 3749 προσδο-

207 3772 378 3849 κῷτο.
471 3773 611 3838 Hoc
671 3780 885 3839 nostro
946 3773 1085 3838 loco
1143 3775 1328 3838 unice
1373 3775 1691 3839 convenit.
1785 3771 1980 3837 Recte
2030 3776 2231 3861 igitur
2274 3774 2587 3841 librorum

207 3884 643 3945 auctoritatem
702 3886 1073 3964 spreverunt
1139 3879 1449 3962 Editores‚
1512 3878 1623 3944 scd
1685 3880 1984 3963 quoniam
2033 3880 2110 3944 de
2159 3900 2284 3945 uno
2332 3882 2447 3946 deo
2493 3880 2586 3946 lo-

208 3985 420 4063 quitur
465 3985 819 4051 Eusebiana
867 3986 1054 4053 lectio
1101 3984 1422 4050 nonnullis
1469 3984 1874 4069 praeferenda
1920 3986 2058 4049 visa
2105 3991 2222 4049 est.
2274 3985 2585 4071 Equidem

207 4093 535 4174 utramque
604 4094 1098 4176 suppositionem
1175 4097 1358 4175 puto;
1438 4089 1630 4175 longe
1699 4091 1869 4154 enim
1941 4092 2075 4156 veri
2144 4090 2422 4156 similius
2494 4098 2589 4158 est

209 4197 476 4262 scribam
518 4218 706 4281 quam
751 4196 1081 4262 Platonem
1126 4218 1265 4263 eam
1307 4195 1522 4261 sedem
1566 4194 1705 4259 voci
1748 4214 1870 4259 non
1910 4198 2295 4261 necessariae
2318 4196 2587 4285 elegisse

209 4318 364 4382 quae
409 4309 784 4369 sententiam
841 4307 1049 4368 minus
1097 4306 1493 4391 perspicuam
1546 4300 1857 4367 redderet.
