3192 5017
1014 347 1101 394 An
1147 344 1367 393 novun
1415 342 1908 393 rusi-murum.
2527 322 2653 392 301

370 520 636 588 LXXX.
702 514 847 584 Non
907 518 1093 584 credo
1155 519 1368 603 ipsum
1432 516 1715 583 Paulum
1779 517 2185 602 adscripsisse
2230 515 2363 583 Tit.
2418 518 2476 584 1.
2529 517 2652 584 13:

291 631 321 702 ἦ
359 627 655 708 μαρτυρία
703 621 864 699 αὕτη
914 624 1041 691 ἐςὶν
1088 624 1343 699 άληθῆς.
1395 621 1497 690 Of.
1550 623 1590 688 3
1637 623 1783 718 «Ich.
1841 623 1947 689 12.

364 837 647 903 LXXXI.
701 837 830 903 Tit.
883 836 939 902 1.
993 833 1109 901 14:
1159 833 1260 901 ἵνα
1309 837 1658 913 ὑγιαίνωσιν
1697 836 1758 900 ἐν
1797 845 1877 918 τῇ·
1918 835 2082 904 πίςει
2123 837 2212 913 μὴ
2254 835 2660 917 προσέχοντες

286 944 750 1014 Ἰουδαϊκοῖς
821 942 1029 1021 μύθοις
1093 944 1199 1007 καὶ
1263 944 1542 1012 ἐντολαῖς
1607 941 1927 1023 άνθρώπων
1991 941 2502 1022 άποςρεφομένων
2547 945 2657 1018 τὴν

286 1047 595 1124 ἀλήθειαν.
689 1048 955 1136 Cogitat
1013 1046 1258 1113 Paulus
1312 1048 1438 1113 nisi
1485 1047 1674 1113 fallor
1721 1047 1868 1114 illos
1915 1046 2155 1127 μύθους
2205 1049 2308 1113 καὶ
2362 1064 2659 1127 γενεαλο-

284 1157 416 1233 γίας
474 1154 897 1235 άπεράντους,
960 1155 1038 1220 de
1084 1155 1317 1241 quibus
1365 1154 1508 1219 vide
1565 1158 1593 1219 1
1649 1154 1820 1219 Tim.
1873 1156 1930 1220 1.
1985 1157 2025 1220 4
2072 1160 2137 1221 et
2181 1154 2243 1218 4.
2296 1154 2356 1222 7.
2450 1154 2659 1220 Dum·

283 1263 454 1329 modo
498 1262 718 1328 locum
769 1262 926 1326 bene
971 1260 1269 1348 intelligo
1288 1310 1306 1345 ,
1358 1261 1466 1326 hic
1512 1266 1869 1349 tanguntur
1914 1258 2363 1328 Gnosticorum
2429 1259 2661 1325 delira-

282 1375 515 1446 menta,
581 1389 707 1433 non
767 1366 1162 1432 Judaeorum
1223 1366 1509 1445 fabulae:
1576 1367 1725 1432 hinc
1783 1370 2061 1456 corrigo:
2115 1369 2205 1445 μη
2255 1366 2660 1448 προσέχοντες

280 1479 650 1555 γραϊκοῖς
699 1473 932 1549 μύθοις.
1025 1472 1246 1538 Aniles
1285 1472 1551 1539 fabellas
1599 1475 1954 1539 rectissime
2001 1473 2320 1560 appellare
2366 1474 2598 1560 potuit.

359 1683 745 1750 LXXXIII.
807 1685 1003 1769 Apoc.
1071 1685 1129 1748 l.
1180 1681 1254 1748 9:
1319 1684 1714 1760 συγκοινωνὸς
1776 1685 1836 1748 ἐν
1879 1693 1958 1765 τῇ
2010 1685 2216 1764 θλίψει
2263 1684 2368 1749 καὶ
2432 1686 2665 1764 βασι-

279 1794 398 1856 λεί
416 1815 458 1874 ᾳ
508 1792 612 1855 καὶ
665 1790 933 1870 ὑπομονῇ
986 1789 1043 1852 ἐν
1092 1791 1311 1870 Χριςῷ.
1359 1789 1635 1855 Difficile
1682 1796 1779 1855 est
1823 1794 2138 1876 corrigere
2185 1797 2434 1857 textum
2471 1794 2663 1877 scrip-

281 1897 427 1963 toris
475 1896 763 1978 ἐσχάτως
813 1894 1335 1977 βαρβαρίζοντος,
1374 1895 1481 1961 sed
1519 1895 1802 1981 praefero
1837 1901 2049 1960 tamen
2097 1895 2662 1982 βλασφημία,

279 2002 411 2069 coll.
466 2003 532 2068 2.
584 2001 649 2068 9:
703 1998 841 2068 οἶδά
888 2025 994 2067 σου
1043 2004 1152 2077 την
1201 2003 1410 2080 θλῖψιν
1458 2002 1562 2066 καὶ
1612 2004 1723 2077 την
1771 2005 2116 2083 πτωχείαν,
2158 2004 2336 2068 ἄλλα
2377 2004 2663 2078 πλούσιος

279 2103 361 2187 εἷ,
407 2111 515 2175 καὶ
563 2111 674 2182 την
723 2108 1158 2189 βλασφημίαν
1207 2111 1276 2174 ἐκ
1323 2109 1442 2172 τῶν
1492 2108 1802 2187 λεγόντων
1854 2107 2174 2183 Ἰουδαίους
2217 2105 2370 2175 εἶναι
2411 2111 2663 2186 ἑαυτοὺς

283 2215 380 2279 καὶ
429 2217 539 2281 οὐκ
587 2216 758 2281 εἰσίν.

365 2426 742 2495 LXXXIV.
791 2426 1053 2493 Contuli
1099 2431 1267 2493 inter
1313 2450 1380 2494 se
1428 2435 1673 2514 septem
1719 2429 1892 2496 locos
1931 2437 2297 2516 sequentes:

455 2534 655 2621 Apoc.
708 2537 771 2600 2.
870 2535 943 2599 1:
993 2536 1077 2614 τῷ
1124 2535 1388 2616 άγγέλῳ
1437 2538 1520 2617 τῷ
1568 2538 1630 2602 ἐν
1678 2535 1923 2618 Ἐφέσῳ
1973 2539 2332 2611 ἐκκλησίας.

714 2642 778 2706 2.
871 2640 944 2705 8:
996 2643 1079 2721 τῷ
1129 2643 1394 2722 άγγέλῳ
1441 2648 1524 2722 τῷ
1575 2643 1637 2708 ἐν
1686 2643 1934 2724 Σμύρνη
1982 2645 2336 2720 ἐκκλησίας.

711 2747 771 2811 2.
829 2747 942 2811 12:
993 2749 1077 2828 τῷ
1124 2747 1386 2830 άγγέλῳ
1433 2757 1544 2823 τῆς
1594 2751 1654 2813 ἐν
1703 2750 2020 2830 Περγάμῳ
2067 2752 2423 2824 ἐκκλησίας.

711 2855 773 2918 2.
829 2851 947 2919 18:
997 2857 1079 2934 τῷ
1129 2854 1394 2934 άγγέλῳ
1440 2857 1525 2934 τῷ
1574 2856 1635 2919 ἐν
1685 2857 2061 2936 Θυατείροις.

714 2961 777 3026 3.
875 2962 948 3026 l:
999 2964 1080 3042 τῷ
1130 2959 1394 3041 ἀγγέλῳ
1439 2968 1547 3035 τῆς
1601 2963 1661 3026 ἐν
1710 2962 2007 3041 Σάρδεσιν
2056 2962 2406 3037 ἐκκλησίας.

717 3062 778 3129 3.
877 3065 949 3132 7:
998 3069 1081 3146 τῷ
1129 3066 1391 3149 άγγέλῳ
1439 3075 1549 3141 τῆς
1600 3070 1660 3132 ἐν
1710 3069 2110 3150 Φιλαδελφίᾳ
2153 3068 2510 3143 ἐκκλησίας.

712 3176 775 3240 3.
834 3173 952 3238 14:
1001 3175 1085 3254 τῷ
1135 3172 1397 3253 άγγέλῳ
1450 3181 1560 3249 τῆς
1611 3175 1671 3238 ἐν
1721 3175 2055 3258 Λαοδικείᾳ
2105 3175 2460 3250 ἐκκλησίας.

283 3278 437 3346 Sunt
482 3281 604 3345 hae
650 3278 952 3345 lectiones
1000 3281 1230 3365 optimi
1278 3277 1530 3345 Codicis
1570 3279 1985 3346 Alexandrini
2027 3288 2091 3346 et
2129 3282 2414 3367 suspicor
2439 3290 2664 3369 quarto

282 3383 412 3453 loco
480 3389 794 3453 sinceram
867 3388 1247 3472 scripturam
1318 3391 1636 3452 servatam
1701 3407 1835 3452 esse
1896 3393 1961 3451 et
2024 3387 2103 3452 ad
2161 3387 2324 3454 hanc
2374 3409 2665 3457 normam

284 3492 551 3578 reliquos
597 3514 708 3559 sex
755 3494 1158 3581 corrigendos
1204 3514 1358 3558 esse.

369 3705 708 3774 LXXXV.
773 3706 953 3787 Quod
1013 3727 1205 3793 supra
1266 3728 1480 3773 veram
1546 3707 1885 3772 lectionem
1945 3729 2161 3774 eruere
2208 3717 2473 3776 conatus
2519 3732 2666 3776 sum

289 3837 319 3880 e
363 3821 656 3900 corrupto
704 3819 887 3880 textu
928 3814 1340 3880 Alexandrini
1382 3812 1635 3879 Codicis
1654 3864 1671 3886 ‚
1712 3813 1885 3878 idem
1927 3816 2120 3879 etiam
2162 3816 2449 3901 experiar
2471 3818 2666 3902 Apoc.

290 3923 347 3985 2.
397 3921 462 3988 7:
531 3928 734 3997 μισεῖς
801 3921 891 3985 τὰ
951 3918 1104 4000 ἔργα
1169 3925 1283 3984 τῶν
1336 3922 1720 3984 Νικολαϊτῶν
1771 3922 1995 3997 κάγὼ
2044 3928 2227 3998 μισῶ.
2326 3920 2508 4001 Quod
2557 3921 2670 3987 alii

288 4027 431 4093 libri
492 4027 765 4111 habent,
829 4020 872 4093 ἃ
937 4029 1112 4106 ‚cayeu
1174 4032 1372 4110 μισῶ,
1439 4024 1506 4089 id
1555 4025 1635 4090 ad
1682 4029 2062 4091 sententiam
2111 4032 2282 4093 recte
2327 4049 2393 4092 se
2439 4027 2666 4107 habet;

292 4134 392 4198 sed
460 4135 784 4218 scriptoris
853 4154 1005 4199 usus
1079 4132 1380 4217 requirit:
1455 4134 1551 4203 ὠς
1622 4132 1800 4207 κάγὼ
1864 4135 2043 4204 μισῶ.
2139 4131 2246 4198 Sic
2308 4134 2368 4198 3.
2422 4133 2541 4197 21:
2592 4135 2669 4204 ὥς

294 4241 457 4319 κάγῶ
506 4240 785 4317 ἐνίκησα,
836 4241 897 4304 2.
950 4239 1074 4304 2¹7:
1123 4240 1199 4310 ὥς
1248 4239 1426 4316 κάγὼ
1476 4240 1753 4319 εἴληφα,
1804 4235 1867 4302 6.
1924 4237 2042 4304 ll:
2091 4239 2167 4310 ὡς
2221 4239 2326 4303 καὶ
2376 4239 2576 4304 αὐτοί.

378 4449 725 4515 LXXXVI.
792 4449 993 4536 Apoc.
1051 4452 1113 4514 2.
1163 4449 1286 4515 24:
1335 4447 1454 4514 ὅσοι
1507 4449 1655 4514 οὐκ
1703 4445 1994 4529 ἔχουσι
2044 4451 2154 4526 την
2200 4448 2464 4532 διδαχὴν
2512 4453 2670 4520 ταύ-
