3192 5017
544 284 675 353 408
1614 306 1847 356 mvms.

542 482 891 560 ὑφεωρῶντο
939 480 1042 544 καὶ
1093 476 1339 554 μάλιςα
1392 480 1615 553 αὐτοὺς
1668 478 1919 558 ἠρέθιζεν
1969 483 2002 554 ἦ
2053 485 2168 544 τῶν
2217 482 2531 554 Ἑλλήνων
2582 482 2779 563 φιλία
2829 479 2937 547 καὶ

542 589 922 669 γειτνίασις,
994 581 1075 658 οἷς
1150 583 1327 668 ἔχθος
1399 587 1457 656 ἐς
1521 587 1856 664 Ῥωμαίους
1922 587 2436 662 ἔνεπεποιήκεσαν
2505 591 2555 654 οἱ
2618 590 2935 664 Ῥωμαίων

546 694 848 773 ςρατηγοί
869 741 885 770 ,
930 693 1110 757 venit
1154 694 1219 755 in
1267 696 1545 757 mentem
1599 690 1875 758 Catonis.
1971 693 2322 758 Immodice
2369 693 2571 760 libera
2623 693 2929 758 Romanis

552 800 809 864 videtur
872 798 1098 885 lingua
1144 800 1281 862 eius
1327 800 1437 882 qui
1487 799 1687 863 dicat:
1739 799 2032 862 Romanis
2076 806 2196 862 tam
2243 800 2361 864 οἰιο
2406 808 2716 864 crescentes
2761 798 2924 863 Per·

548 911 636 970 sei
703 930 838 990 opes
905 912 1204 988 suspectas
1257 904 1461 991 fuisse
1529 912 1586 967 et
1652 907 1806 968 male
1867 928 2042 969 urere
2099 906 2397 970 Romanos
2457 907 2611 990 quod
2671 905 2930 970 Peneus

551 1014 906 1076 Graecorum
944 1009 1229 1075 amicitia
1268 1009 1517 1075 floreret
1556 1016 1621 1075 et
1657 1013 2156 1098 magistratuum
2194 1011 2632 1076 Romanorum
2668 1011 2933 1074 iniurias

541 1121 767 1205 ingens
805 1118 869 1181 in
911 1118 1144 1182 animis
1182 1114 1568 1182 Graecorum
1620 1119 1934 1201 peperisse
1981 1116 2413 1182 Romanorum
2461 1118 2704 1182 odium.

640 1224 962 1289 Audacius
1025 1225 1217 1288 etiam
1283 1227 1377 1286 est
1442 1222 1609 1305 quod
1669 1222 1922 1289 scribit:
1989 1226 2020 1296 ἦ
2083 1221 2439 1300 σύγκλητος
2479 1226 2768 1287 ἜΡΓΩΙ
2819 1223 2930 1297 μὲν

544 1334 650 1397 οὐκ
714 1328 973 1404 ἀξιοῦσα
1036 1325 1318 1403 βασιλέα
1367 1326 1647 1407 σώφρονα
1696 1328 1802 1391 καὶ
1855 1328 2187 1408 φιλόπονον
2236 1329 2341 1394 καὶ
2394 1331 2454 1401 ἐς
2507 1329 2770 1398 πολλοὺς
2817 1334 2929 1405 φι-

546 1436 890 1517 λάνθρωπον
956 1472 1038 1483 --
1093 1435 1151 1497 ἐν
1210 1441 1503 1510 πλευραῖς
1556 1430 1758 1511 ἔχειν,
1811 1443 2089 1499 ΛΟΓΩΙ
2140 1435 2202 1499 δὲ
2250 1427 2294 1500 ἃ
2344 1433 2686 1513 προῦτεινεν
2739 1435 2765 1498 ὅ
2811 1433 2933 1497 Εὐ·

547 1544 730 1622 μένης
795 1540 1126 1619 αἶτιωμένη
1191 1548 1486 1617 πολεμεῖν
1545 1536 1732 1617 ἔκρινε
1796 1541 1879 1619 τῷ
1929 1551 2170 1619 Περσεῖ.
2221 1547 2285 1606 et
2332 1540 2451 1606 IX.
2506 1540 2582 1605 l:
2632 1542 2818 1621 ζήλου
2866 1562 2934 1601 τε

548 1650 650 1715 καὶ
701 1648 923 1729 Φθόνου
971 1648 1073 1711 καὶ
1125 1645 1284 1718 δέους
1336 1649 1582 1722 μᾶλλον
1634 1646 1667 1720 ἢ
1719 1646 2135 1723 ἐγκλημάτων
2183 1647 2349 1712 οὐδὲν
2394 1647 2419 1710 ὁ
2462 1646 2741 1722 Εὐμένης
2784 1648 2937 1709 α’πο·

549 1755 743 1821 λιπὼν
794 1755 1036 1819 ἐκέλευε
1082 1756 1189 1828 τὴν
1240 1753 1594 1829 σύγκλητον
1646 1753 1982 1832 ὑφορᾶσθαι
2048 1754 2168 1818 νέον
2227 1754 2437 1835 ἐχθρὸν
2493 1753 2932 1828 εὐδοκιμοῦντα

550 1864 653 1928 καὶ
718 1862 1166 1941 γειτονεύοντα.
1264 1859 1420 1940 Quis
1480 1858 1592 1924 illo
1641 1859 1899 1925 homine
1948 1861 2280 1943 audacior,
2330 1862 2472 1944 quis
2520 1858 2938 1925 confidentior

548 1972 984 2035 Romanorum
1047 1987 1255 2032 mores
1317 1986 1463 2030 cum
1525 1967 1748 2048 sciret,
1813 1973 1887 2030 ut
1950 1969 2192 2032 civium
2256 1986 2513 2031 suorum
2563 1964 2937 2046 ἀλαζονείαν

550 2081 726 2140 tanta
772 2095 915 2138 cum
966 2072 1261 2137 libertate
1308 2076 1555 2136 notaret
1604 2076 1668 2135 et
1715 2069 2112 2136 confutaret?
2158 2070 2328 2137 Satis
2373 2074 2543 2136 enim
2591 2074 2760 2135 inter
2799 2091 2937 2136 om-

544 2203 655 2246 nes
724 2179 1052 2245 constabat
1113 2177 1433 2242 Romanos
1496 2198 1618 2241 non
1678 2177 1805 2241 alia
1866 2177 2033 2243 bella
2092 2181 2409 2262 suscipere
2458 2198 2648 2262 quam
2697 2180 2807 2262 pia
2864 2199 2935 2243 ac

544 2289 749 2369 iusta,
810 2304 1158 2368 numquam
1223 2282 1394 2359 ultro
1455 2281 1830 2348 lacessentes
1888 2283 1996 2348 sed
2058 2283 2382 2349 lacessitos
2436 2304 2614 2348 arma
2654 2304 2930 2349 sumere.

545 2392 857 2479 Polybius
920 2389 1087 2474 apud
1150 2388 1335 2454 Diod.
1396 2387 1521 2453 Sic.
1572 2388 1877 2453 XXVIII.
1932 2388 1998 2454 3:
2067 2391 2117 2454 οἱ
2166 2393 2451 2466 Ῥωμαῖοι
2500 2389 2766 2460 δικαίους
2824 2391 2934 2454 ἔνι·

545 2500 796 2575 ςοὶμενοι
848 2494 1152 2570 πολέμους
1204 2494 1308 2559 καὶ
1361 2504 1611 2562 πλεῖςον
1661 2491 1840 2572 ὅρκων
1891 2495 1993 2560 καὶ
2042 2495 2308 2560 σπονδῶν
2356 2496 2695 2572 ποιούμενοι
2745 2496 2933 2573 λόγον

546 2607 651 2670 οὐκ
715 2601 959 2680 ἀλόγως
1028 2600 1408 2679 συμμάχους
1455 2598 1625 2680 εἶχον
1674 2601 1813 2673 τοὺς
1862 2602 2044 2673 θεούς.
2098 2610 2163 2667 et
2210 2602 2502 2667 XXXII.
2558 2603 2634 2668 5:
2686 2602 2933 2681 σφόδρα

545 2716 833 2788 Ῥωμαῖοι
882 2712 1358 2789 φιλοτιμοῦνται
1408 2707 1672 2780 δικαίους
1723 2708 2033 2774 ἐνίςασθαι
2075 2711 2216 2779 τοὺς
2257 2709 2562 2797 πολέμους
2608 2708 2712 2773 καὶ
2742 2710 2933 2785 μηδὲν

544 2819 677 2899 εἰκῇ
751 2817 854 2880 καὶ
921 2822 1230 2892 προπετῶς
1298 2814 1432 2892 περ)
1499 2822 1615 2878 τῶν
1680 2814 1958 2880 τοιούτων
2021 2814 2424 2894 ψηφίζεσθαι.
2532 2814 2933 2881 Rhodiorum

544 2926 745 3012 legati
817 2925 881 2986 in
947 2923 1125 2986 curia
1185 2924 1277 2985 ita
1343 2920 1563 2985 dicunt
1626 2919 1795 3004 (Liv.
1849 2920 1958 2996 45,
2012 2919 2161 3005 22):
2212 2928 2366 2985 certe
2411 2922 2594 2984 eidem
2643 2943 2742 2984 vos
2789 2922 2938 2986 estis

546 3030 839 3106 Romani,
898 3028 1005 3113 qui
1064 3028 1195 3090 ideo
1246 3026 1474 3113 felicia
1538 3026 1694 3089 bella
1755 3037 1950 3091 vestra
2011 3049 2134 3091 esse
2193 3028 2335 3111 quia
2397 3026 2559 3090 iusta
2604 3034 2743 3090 sunt
2784 3051 2938 3111 prae

545 3138 706 3201 vobis
757 3135 980 3222 fertis,
1045 3156 1149 3197 nec
1210 3140 1331 3195 bam
1392 3133 1553 3195 emita
1618 3156 1814 3195 eorum
1875 3135 2033 3217 quod
2093 3133 2346 3196 vincatis
2401 3157 2572 3217 quam
2613 3133 2937 3217 principiis

543 3244 702 3328 quod
746 3264 863 3304 non
904 3245 1034 3304 sine
1079 3262 1257 3302 causa
1304 3238 1648 3321 suscipiatis
1686 3239 2058 3319 ylariani-ini.
2154 3238 2390 3305 Consul
2429 3239 2714 3304 Marcius
2758 3240 2928 3323 (Liv.

548 3347 653 3412 44.
724 3347 787 3427 1)
852 3346 931 3411 ad
988 3344 1230 3409 milites
1279 3346 1475 3409 verba
1522 3344 1753 3409 faciens
1803 3347 1928 3411 ait:
1961 3346 2188 3428 favere
2222 3345 2447 3427 pietati
2476 3348 2747 3430 fideique
2794 3348 2932 3409 deos

532 3477 649 3539 per
718 3475 867 3536 quae
924 3452 1185 3534 populus
1256 3451 1561 3514 Romanus
1630 3452 1713 3513 ad
1782 3458 2008 3514 tantum
2051 3452 2316 3535 ‚fastiqii
2379 3459 2624 3515 venerit.
2723 3454 2924 3534 Atque

542 3560 699 3624 haec
746 3559 902 3623 dicit
949 3558 1141 3623 homo
1188 3555 1493 3621 subdolus
1541 3563 1606 3621 et
1655 3556 2131 3635 fraudulentus,
2185 3559 2365 3621 cuius
2411 3557 2613 3622 malas
2660 3565 2827 3623 artes
2865 3563 2929 3622 et

543 3663 874 3751 perfidiam
939 3669 1257 3727 senatores
1322 3670 1565 3726 veteres
1623 3669 1687 3727 et
1749 3664 1995 3747 antiqui
2042 3667 2238 3728 moris
2284 3682 2599 3728 memores
2644 3667 2707 3728 in
2756 3667 2933 3729 curia

543 3773 772 3838 acriter
818 3768 1376 3854 reprehenderunt.
1806 3840 1810 3844 ,

634 3878 707 3942 In
770 3882 904 3941 tam
964 3877 1183 3960 paucis
1232 3873 1491 3939 Catonis
1540 3876 1919 3963 fragmentis
1968 3896 2166 3939 unum
2214 3880 2311 3940 est
2356 3875 2642 3962 insigne,
2692 3877 2755 3940 in
2807 3894 2932 3959 quo

543 3988 781 4051 iterum
848 3981 1141 4046 videmus
1203 3978 1635 4045 Romanorum
1701 3980 2030 4045 mendacia
2087 3988 2152 4044 et
2199 3983 2547 4045 vanitatem
2600 4002 2820 4065 aspera
2867 3986 2932 4044 et

544 4088 889 4156 immodice
950 4086 1150 4151 libera
1203 4085 1430 4173 lingua
1493 4082 1754 4150 Catonis
1801 4086 2127 4151 confutari.
2225 4086 2501 4151 Romani
2551 4089 2750 4150 victos
2797 4085 2906 4149 Ma

546 4195 812 4261 cedonas
856 4191 1086 4257 liberos
1130 4212 1265 4256 esse
1304 4194 1643 4256 iusserunt.
1695 4192 2111 4255 Admirantur
2153 4212 2371 4256 omnes
2413 4192 2630 4275 populi
2657 4190 2930 4257 Romani

546 4301 950 4366 clementiam
1002 4303 1064 4361 et
1111 4296 1545 4362 incredibilem
1590 4300 1790 4361 animi
1834 4298 2366 4385 magnitudinem.
2418 4297 2724 4384 Polybius
2759 4299 2929 4382 apud

543 4405 729 4479 Diod,
791 4404 916 4468 Sic.
990 4402 1245 4467 XXXI.
1296 4400 1359 4466 8.
1422 4402 1696 4471 Romani
1761 4402 1830 4469 τὸ
1878 4410 1994 4467 τῶν
2043 4403 2409 4470 Μακεδόνων
2457 4404 2615 4476 ἔθνος
2666 4406 2750 4478 εἷς
2800 4406 2930 4469 δου·
