3192 5017
1246 312 1635 365 sornoonm.
2495 290 2630 360 239

253 489 387 551 eiad
436 491 807 574 verbunden,
868 494 979 554 wie
1023 489 1116 551 bei
1159 487 1323 554 Plat.
1376 485 1575 574 Hipp.
1626 486 1782 554 Mai.
1837 485 1971 553 304
1993 488 2068 553 E.
2121 487 2267 554 Non
2317 489 2483 554 mihi
2532 490 2626 554 vi-

251 594 427 659 detur
472 595 882 663 doctissimus
928 595 1134 660 editor
1176 615 1346 660 nunc
1394 599 1684 660 accurate
1731 595 2101 680 expendisse
2147 595 2301 681 quid
2340 595 2526 661 Plato
2550 594 2623 660 ll.

249 699 430 765 dicat.
525 702 752 787 Ipsum
799 702 1132 789 dialogum
1179 700 1577 767 evolvamus,
1676 702 2025 779 Συμβαίνει
2075 703 2145 775 δή
2195 724 2334 779 μοι,
2375 704 2623 787 inquit,

250 812 439 878 κακῶς
486 810 601 885 μὲν
654 809 764 889 ὑφ’
814 808 978 885 ὑμῶν
1026 807 1268 872 ἀκούειν
1315 814 1420 871 καὶ
1470 805 1913 888 ὀνειδίζεσθαι,
1963 815 2164 880 κακῶς
2214 809 2265 872 δ’
2316 808 2423 872 ὑπ’
2471 809 2629 873 ἐκεῖ·

249 935 357 977 νου.
448 914 828 1002 ffiuonyma
871 921 1045 990 sunt,
1095 914 1265 1001 quod
1311 919 1618 983 concedo,
1671 917 1872 985 κακῶς
1923 914 2132 993 λέγειν
2183 915 2324 979 τινοὶ
2374 920 2439 980 et
2484 916 2628 979 ὀνει-

248 1017 417 1098 δίζειν
480 1021 838 1106 itidemque
899 1028 1101 1093 κακῶς
1161 1021 1401 1085 ἀκούειν
1463 1030 1527 1085 et
1588 1018 2011 1101 ὀνειδίζεσθαι.
2104 1020 2275 1086 Hinc
2330 1023 2469 1107 jam
2517 1020 2630 1084 diu

247 1131 333 1189 est
375 1147 456 1192 ex
504 1147 630 1212 quo
678 1125 957 1194 Gobetus
1000 1126 1313 1211 ostendit,
1361 1126 1538 1192 locus
1585 1132 1682 1193 est
1727 1130 1796 1191 in
1834 1126 2078 1192 Mnem.
2125 1126 2238 1191 111.
2269 1125 2417 1204 12¹7,
2460 1126 2629 1211 apud

242 1230 571 1298 Platonem
637 1236 920 1299 insiticia
964 1254 1100 1298 esse
1152 1233 1347 1298 verba
1392 1233 1495 1297 καὶ
1546 1231 1985 1313 ὀνειδίζεσθαι,
2035 1234 2267 1318 quibus
2295 1233 2630 1298 membro·

241 1358 379 1401 rum
441 1341 835 1406 concinnitas
901 1342 1211 1405 turbetur.
1309 1339 1435 1405 Sed
1500 1343 1753 1406 etiamsi
1816 1343 1959 1425 quis
2023 1340 2183 1405 ferre
2256 1339 2417 1404 velit
2462 1338 2630 1423 apud

245 1440 615 1528 Sophoclem
635 1496 652 1530 ,
703 1446 871 1531 quod
918 1450 985 1510 in
1032 1445 1276 1531 Hippia
1324 1449 1700 1531 neutiquam
1748 1445 2077 1512 ferendum
2128 1451 2224 1512 est
2249 1496 2266 1523 ,
2317 1448 2632 1530 supererit

246 1554 456 1615 tamen
501 1555 570 1616 in
619 1555 755 1638 ipsa
800 1554 1115 1617 sententia
1159 1554 1377 1638 gravis
1424 1552 1700 1617 offensio.
1795 1551 1983 1617 Dicet
2029 1554 2237 1639 igitur
2285 1551 2349 1616 N
2349 1549 2630 1637 eoptole·

245 1674 384 1720 mus
445 1664 589 1742 post
648 1657 856 1723 multa
902 1660 1185 1725 convicia
1230 1678 1392 1742 quae
1438 1679 1637 1744 aequo
1683 1660 1895 1724 animo
1945 1658 2211 1743 pertulit
2259 1658 2514 1723 tandem
2568 1678 2633 1722 se

242 1758 499 1827 domum
546 1761 899 1851 cogitasse?
947 1764 1181 1829 Fuitne
1225 1763 1339 1829 ille
1387 1764 1661 1829 Achillis
1706 1764 1878 1830 filius
1923 1771 2053 1829 tam
2107 1767 2391 1830 oviculae
2432 1766 2633 1828 instar

242 1864 520 1949 placidus
580 1875 646 1934 et
693 1872 1074 1956 injuriarum
1119 1873 1399 1955 patiens,
1451 1877 1525 1934 ut
1574 1870 1740 1935 nihil
1786 1875 2176 1954 retorqueret
2225 1872 2291 1933 in
2341 1870 2632 1937 adversa-

244 1971 398 2037 rios?
460 1975 607 2041 Non
671 1977 798 2041 fuit
857 1977 1117 2062 ipseque
1179 1978 1300 2042 hoc
1347 1998 1536 2062 supra
1582 1978 1898 2061 professus
1947 1983 2041 2042 est
2093 1999 2186 2041 vs.
2239 1975 2404 2042 3¹74:
2452 1979 2629 2054 κάγὼ

247 2079 543 2157 χολωθεὶς
591 2080 781 2155 εὐθὺς
832 2083 1092 2160 ἥρασσον
1141 2093 1354 2155 κακοῖς
1402 2092 1527 2153 τοῖς
1569 2089 1784 2159 πᾶσιν,
1826 2083 1992 2148 οὐδὲν
2036 2084 2226 2156 ἐνδεὲς
2254 2083 2628 2160 ποιούμενος.

249 2183 409 2263 Quid
457 2190 664 2276 igitur
708 2186 1056 2255 faciemus?
1103 2188 1229 2256 Sed
1276 2191 1396 2255 hoc
1432 2192 1570 2275 jam
1619 2191 1816 2254 nimis
1863 2188 2044 2255 facile
2091 2194 2188 2255 est
2235 2192 2622 2255 existimare.

250 2288 446 2379 Lege:
847 2374 853 2379 θ

695 2403 935 2466 τοιαῦτ’
981 2402 1256 2474 ἀκούσας
1303 2400 1888 2478 κοὶξονειδίσοις
1939 2400 2124 2465 κακοὶ.

253 2500 427 2570 Unde
468 2508 706 2573 vitium
758 2510 933 2574 nasci
977 2510 1290 2594 potuerit,
1338 2505 1619 2575 Oobetus
1664 2507 1834 2573 dicet
1869 2508 1939 2572 in
1979 2506 2189 2574 Variis
2223 2507 2633 2574 Lectionibus

255 2631 311 2696 p.
360 2612 510 2682 16¹7.

334 2825 472 2892 Non
515 2831 746 2892 vacant
792 2828 1151 2911 suspicione
1202 2825 1564 2890 Philocteta
1610 2827 1840 2891 verbae
1887 2846 1978 2891 vs.
2031 2825 2198 2891 440:

602 2931 1018 3012 ξυμμαρτυρῶ
1067 2954 1193 2996 σοι·
1246 2932 1351 2996 καὶ
1402 2930 1547 2995 κατ’
1597 2932 1753 2997 αὐτὸ
1801 2930 1984 2996 τοῦτό
2034 2957 2112 3009 γε

599 3036 852 3114 ἀναξίου
902 3039 1014 3115 μὲν
1062 3039 1330 3119 <pomae
1381 3036 1747 3116 ἑξερήσομοιι

597 3147 855 3227 γλώσ-σῃ
900 3147 965 3210 δε
1013 3146 1200 3210 δεινοῦ
1251 3143 1392 3208 καὶ
1443 3149 1698 3223 σοφοῦ
1747 3143 1828 3208 ‘tl
1875 3148 2006 3207 νῦν
2053 3152 2252 3222 κυρεῖ,

259 3246 520 3331 prim'um
568 3250 867 3330 ἐξερωτᾶν
912 3252 1049 3315 sine
1097 3250 1390 3334 exemplo
1439 3270 1584 3314 cum
1639 3249 1913 3314 secundo
1961 3270 2112 3315 casu
2158 3250 2264 3314 hic
2324 3252 2635 3315 construi-

263 3357 354 3419 tur
393 3363 455 3422 et
500 3358 868 3423 inauditum
915 3364 1012 3422 est
1055 3359 1122 3420 in
1163 3354 1280 3420 tali
1315 3358 1630 3420 sententia
1665 3358 2194 3441 praepositionem
2234 3358 2374 3433 περί
2415 3358 2634 3421 omitti

264 3466 317 3523 et
367 3484 590 3547 parum
656 3464 781 3528 huc
838 3463 1081 3528 faciunt
1126 3461 1251 3526 loci
1298 3482 1335 3526 a
1379 3460 1676 3526 Nauckio
1724 3459 2012 3538 laudati,
2066 3461 2163 3525 Ai.
2223 3460 2417 3537 1236,
2466 3460 2626 3527 Oed.

263 3561 390 3652 Tyr.
461 3567 615 3645 ¹701,
690 3567 846 3633 Oed.
918 3565 1053 3633 Col.
1124 3565 1280 3637 355.
1347 3565 1548 3631 Elect.
1602 3565 1758 3642 31¹7,
1805 3565 2082 3631 Philoct.
2140 3566 2291 3631 544.
2386 3566 2631 3633 Deinde

263 3667 598 3739 Thersitem
669 3674 1031 3739 Philocteta
1099 3675 1355 3753 γλώσσῃ
1425 3671 1610 3735 δεινὸν
1673 3673 1937 3738 fortasse
2000 3671 2316 3758 appellare
2381 3676 2628 3758 potuit,

264 3780 426 3859 σοφὸς
491 3779 605 3845 ille
669 3786 837 3846 certe
897 3799 1022 3844 non
1081 3786 1237 3844 erat.
1337 3778 1630 3863 Denique
1676 3800 1870 3864 quam
1917 3782 2078 3844 mire
2127 3779 2374 3844 dictum
2423 3784 2520 3843 est
2567 3781 2631 3842 τί

265 3888 346 3947 νῦν
409 3896 577 3966 κυρεῖ
587 3907 604 3965 ;
678 3884 891 3951 Sensit
950 3885 1070 3950 hoc
1134 3884 1547 3971 Blaydesius,
1614 3887 1725 3969 qui
1788 3885 2056 3950 coniecit
2119 3886 2184 3949 τί
2229 3887 2372 3964 δρῶν
2428 3893 2631 3963 κυρεῖ;

264 3991 410 4073 quod
452 4012 678 4078 parum
724 3991 1073 4077 probabile.
1168 3992 1411 4056 hocum
1452 3992 1894 4056 constituerim
1939 3991 2068 4056 sic:

701 4096 955 4173 ἀναξίου
1003 4098 1116 4173 μὲν
1163 4095 1528 4177 ἑξερήσομοιι
1578 4097 1765 4176 περ)

695 4206 950 4285 γλώσ-σῃ
1001 4203 1064 4268 δὲ
1114 4204 1300 4269 δεινοῦ
1349 4202 1620 4284 Φωτὸς
1671 4205 1734 4268 εἶ
1785 4208 1918 4267 νῦν
1965 4200 2108 4283 ζῶν
2158 4210 2341 4283 κυρεῖ.

264 4305 457 4374 Etiam
524 4331 787 4395 sequens
857 4309 1209 4375 versiculus
1276 4311 1512 4374 vitium
1585 4310 1732 4395 alit,
1804 4308 1914 4374 sed
1983 4329 2108 4375 non
2165 4311 2409 4395 reperio
2475 4311 2629 4375 satis

269 4415 656 4483 verisimilem
704 4417 1174 4482 correctionem.
