3192 5017
1400 1172 2165 1264 SOPHOCLEA.

1693 1440 1903 1476 seman·

1519 1646 1583 1711 s,
1636 1648 1710 1710 A.
1761 1630 2068 1710 NABE'R.

1663 1957 1908 1984 Μ-

693 2211 908 2292 Quum
956 2232 1159 2295 nuper
1205 2210 1282 2275 de
1327 2208 1651 2297 Aeschylo
1698 2211 2003 2298 agebam,
2055 2211 2188 2276 dixi
2234 2231 2339 2276 me
2377 2231 2481 2275 eos
2520 2215 2775 2275 tantum
2811 2208 2958 2272 locos

604 2338 737 2383 esse
802 2322 1220 2382 tractaturum
1245 2366 1262 2400 ,
1310 2337 1579 2401 quorum
1629 2316 1769 2381 lene
1817 2316 2169 2381 remedium
2218 2321 2616 2402 suppeteret,
2665 2335 2790 2381 non
2832 2316 2960 2399 quia

604 2430 897 2507 putarem
945 2421 1198 2487 lenibus
1238 2422 1535 2486 remediis
1582 2422 1884 2508 Aeschyli
1933 2423 2277 2510 tragoediis
2324 2424 2668 2507 pristinum
2715 2424 2957 2485 nitorem

597 2528 779 2593 reddi
837 2549 1016 2613 posse
1038 2577 1054 2603 ,
1119 2528 1227 2592 sed
1292 2531 1442 2612 quia
1503 2528 1890 2613 corruptelas
1936 2549 2164 2615 graves
2213 2535 2277 2593 et
2323 2530 2435 2593 vix
2482 2526 2795 2593 sanabiles
2836 2523 2959 2590 aliis

594 2632 945 2719 relinquere
993 2634 1255 2698 mallem
1307 2655 1507 2718 neque
1555 2639 1950 2721 ignorarem,
1984 2656 2177 2721 quam
2215 2633 2427 2699 multa
2466 2635 2635 2698 mihi
2676 2634 2955 2703 deessent,

594 2761 753 2824 quae
816 2742 1161 2806 necessario
1221 2742 1689 2824 requirerentur
1749 2743 1815 2804 in
1877 2760 1986 2818 eo,
2049 2744 2160 2826 qui
2221 2737 2529 2804 Dindorfii
2594 2744 2659 2804 et
2707 2740 2953 2803 aliorum

593 2866 994 2910 summorum
1058 2845 1427 2909 criticorum
1488 2848 1765 2931 vestigia
1827 2843 2038 2932 legere
2084 2844 2300 2912 vellet.
2395 2845 2714 2930 Expertus
2765 2854 2958 2909 tamen

594 2974 773 3029 sum,
846 2973 1001 3016 num
1072 2951 1176 3015 hic
1232 2950 1369 3015 illic
1429 2954 1645 3035 parvis
1699 2951 2165 3016 mutationibus
2209 2972 2443 3037 paucos
2488 2951 2662 3016 locos
2711 2954 2776 3015 in
2817 2951 2960 3015 inte·

592 3079 782 3146 grum
854 3060 1187 3122 restituere
1262 3077 1511 3142 possem
1583 3077 1785 3140 neque
1836 3057 2025 3122 hodie
2084 3078 2225 3122 eam
2293 3060 2466 3122 viam
2531 3057 2838 3133 deseram,
2900 3060 2960 3117 ut

594 3163 890 3251 Sophocli
937 3183 1184 3248 quoque
1231 3162 1545 3227 laboranti
1593 3183 1779 3247 opem
1827 3163 2043 3227 feram.
2096 3163 2335 3248 Aperte
2383 3170 2597 3229 autem
2639 3161 2956 3248 profitebor
3039 3162 3044 3167 ’

592 3270 747 3355 quid
792 3273 1084 3333 sentiam.
1180 3270 1321 3331 Sint
1367 3266 1668 3354 Aeschyli
1719 3269 2079 3354 tragoediae
2140 3271 2556 3353 quantumvis
2616 3277 2955 3353 corruptae:

592 3381 805 3440 tamen
876 3372 1205 3459 Sophoclis
1270 3372 1523 3437 fabulae
1593 3373 1756 3436 mihi
1832 3373 2021 3463 longe
2090 3378 2271 3459 peius
2334 3375 2590 3440 habitae
2651 3376 2953 3440 videntur.

593 3480 731 3560 Quo
780 3479 1023 3542 diutius
1071 3499 1217 3542 cum
1269 3477 1576 3565 Sophocle
1617 3499 1984 3556 consuesce,
2028 3501 2099 3545 eo
2140 3482 2353 3545 verius
2384 3480 2452 3544 id
2477 3502 2610 3546 esse
2635 3484 2958 3565 comperio,

592 3585 758 3672 quod
828 3587 1161 3671 Augustus
1232 3584 1595 3655 Nauckius‚
1669 3586 1852 3649 cuius
1922 3586 2256 3650 subactum
2319 3586 2641 3671 judicium
2711 3583 2954 3672 plurimi

590 3693 787 3775 faci0,
845 3690 1129 3776 disputat
1186 3691 1252 3753 in
1310 3692 1696 3774 praefatione
1760 3691 1836 3754 ad
1889 3690 2166 3756 habilem
2215 3690 2544 3777 Sophoclis
2590 3693 2952 3763 editionem,

590 3819 750 3884 quae
797 3794 963 3881 apud
1014 3794 1461 3859 Weidmannos
1509 3796 1765 3880 prodiit.
1861 3792 1987 3860 Hic
2035 3817 2343 3882 apponam
2396 3800 2621 3872 verba,
2671 3820 2832 3884 quae
2872 3817 2956 3863 me

587 3905 912 3988 imprimis
954 3901 1397 3965 adverterunt:
1441 3900 1519 3965 W
1510 3925 1574 3964 er
1616 3903 1738 3964 sich
1784 3903 1882 3965 die
1922 3926 2049 3964 zum
2101 3902 2550 3968 Verstci‘ndnisse
2571 3907 2679 3968 der
2707 3905 2952 3970 Griecki·

582 4011 756 4074 seben
817 4007 1065 4070 Dichter
1128 4007 1567 4087 nobhwendiqen
1617 4007 1980 4070 Kenntnisse
2026 4010 2367 4089 anqeeiqnet
2411 4011 2516 4073 hat
2562 4010 2692 4073 und
2748 4010 2959 4075 Urtheil

581 4138 776 4196 qenuq
825 4117 1025 4176 hesitzt
1064 4135 1160 4174 um
1206 4113 1533 4196 iiber-haupt
1580 4114 1883 4191 derartiqe
1923 4114 2166 4195 Fraqen
2203 4117 2572 4180 entecheiden
2609 4141 2685 4180 zu
2721 4120 2951 4190 kc‘innen,

579 4225 729 4283 wird
797 4218 889 4280 bei
955 4217 1439 4298 eindrinylichem
1510 4219 1781 4281 Studium
1851 4242 1924 4281 zu
1994 4221 2098 4282 des
2170 4219 2614 4304 Ueberzeuyrmq
2688 4226 2950 4306 qelanqeu

584 4334 805 4388 mic‘csen
826 4371 842 4398 ,
913 4324 1054 4387 dass
1122 4324 1229 4387 der
1299 4347 1412 4387 unc
1484 4326 1853 4404 vorlieyende
1928 4326 2068 4389 Pes-c
2127 4328 2233 4390 der
2295 4328 2602 4409 Sophocles
2663 4330 2731 4393 in
2774 4331 2948 4393 hohern

588 4431 785 4494 Grade
844 4431 1161 4494 verdorbeu
1221 4432 1302 4495 ist
1372 4431 1499 4492 und
1559 4433 1911 4495 namentlich
1960 4434 2081 4496 viel
2122 4434 2412 4497 tbc‘irichte
2463 4435 2944 4520 Interpolalionen
