3192 5017
529 200 662 277 328
1540 219 1894 282 conamus

616 401 1009 466 Perabsurde
1054 403 1121 467 in
1167 403 1247 467 iis
1291 402 1584 469 additum
1640 411 1772 490 est,
1819 408 1971 492 quia
2017 405 2205 471 Iason
2241 419 2367 471 non
2406 411 2544 472 erat
2586 403 2651 470 in
2685 421 2881 471 eorum

526 527 829 592 numero,
879 508 990 574 sed
1041 507 1176 573 illis
1219 510 1579 595 opponitur.

624 721 885 787 Pimoth.
949 719 1065 786 IV.
1133 720 1209 786 3:
1280 724 1556 808 tantique
1603 723 1903 811 hospitem
1940 724 2096 809 fecit
2144 738 2213 790 ut
2260 725 2472 790 mallet
2522 727 2648 809 [se]
2693 726 2890 812 capitia

519 828 867 915 periculum
914 830 1089 892 adire
1131 851 1321 913 quam
1375 828 1689 893 Timotheo
1740 867 1819 876 —
1869 833 2087 894 deesse.

619 933 776 999 Loci
836 933 1150 1000 sententia
1210 935 1454 1019 respuit
1513 953 1863 1018 pronomen
1921 958 2001 1001 se.
2098 935 2245 1002 Non
2294 938 2464 1002 enim
2516 941 2893 1023 opponuntur
3112 955 3115 1034 γ

529 1039 697 1105 inter
740 1061 807 1106 se
852 1039 1036 1106 Iason
1084 1045 1149 1105 et
1194 1038 1606 1116 Timotheus,
1657 1041 1765 1106 sed
1805 1042 2153 1129 periculum
2197 1046 2373 1108 adire
2419 1048 2485 1108 et
2530 1046 2737 1108 deesse.
3112 1039 3115 1082 ¹

622 1254 886 1319 Datam.
937 1252 990 1317 Ι.
1041 1252 1119 1319 2:
1168 1253 1371 1339 qualis
1417 1265 1567 1317 esset
1612 1255 1860 1339 aperuit
1905 1256 1972 1318 in
2016 1255 2201 1330 bello,
2251 1258 2420 1342 quod
2462 1277 2573 1321 rex
2625 1257 2893 1319 adversus

544 1358 843 1425 Cadusios
882 1362 1087 1444 yessit.
1131 1380 1396 1445 namque
1432 1358 1528 1423 hic
1567 1357 1826 1442 [multis
1866 1359 2153 1426 millibus
2189 1361 2517 1449 regiorum
2540 1360 2897 1441 interfectis]

533 1468 750 1551 mayni
780 1467 922 1551 fuit
967 1467 1096 1530 eius
1142 1486 1351 1552 opera.

622 1572 849 1657 Mayni
888 1573 1030 1657 fuit
1088 1573 1217 1635 eius
1272 1592 1461 1658 opera
1521 1568 1842 1657 significat
1903 1567 2033 1636 reni
2086 1574 2410 1659 praeclare
2452 1575 2671 1659 yenit,
2720 1577 2791 1636 ut
2832 1573 2889 1635 in

543 1674 784 1743 Conone
843 1676 896 1741 Ι.
951 1676 1024 1741 1:
1074 1679 1141 1740 in
1186 1698 1253 1741 eo
1301 1673 1524 1762 (bello)
1569 1677 1698 1741 eius
1743 1698 1934 1764 opera
1979 1681 2196 1763 maqni
2228 1679 2386 1765 suit.
2439 1679 2549 1744 sed
2599 1699 2725 1744 non
2769 1696 2900 1743 con-

532 1789 777 1870 gruunt
836 1782 992 1848 haec
1038 1803 1189 1848 cum
1238 1781 1759 1868 praecedentibus
1803 1783 2017 1848 multis
2062 1784 2334 1849 millibus
2380 1788 2691 1871 reqiomm
2736 1787 2903 1848 inter·

523 1890 744 1974 fectis,
819 1907 1091 1974 namque
1161 1887 1506 1952 absurdum
1580 1894 1678 1953 est
1748 1888 1962 1953 dictu:
2035 1890 2250 1955 multis
2320 1891 2591 1956 millibus
2669 1913 2904 1955 suorum

534 1996 781 2058 amissis
830 1994 1151 2082 praeclare
1209 2016 1341 2058 rem
1396 1995 1602 2079 qessit.
1697 1993 1923 2060 Dicam
1989 2015 2114 2080 quo
2175 2003 2360 2081 pecto
2422 1998 2530 2062 hic
2588 1996 2905 2082 scrupulus

534 2099 726 2165 evelli
785 2101 1005 2185 possit.
1071 2099 1342 2186 Legitur
1388 2102 1455 2163 in
1511 2120 1643 2185 cap.
1696 2097 1775 2164 IL
1832 2100 1905 2165 1:
1953 2124 2217 2188 namque
2263 2102 2447 2167 huius
2493 2126 2682 2192 open-a
2723 2104 2906 2168 hostes

533 2230 672 2272 cum
738 2219 945 2271 castra
1013 2208 1143 2269 iam
1202 2208 1536 2271 intrassent
1583 2206 1920 2293 profliqati
1961 2219 2106 2271 sunt
2150 2211 2561 2297 exercitusque
2605 2227 2903 2285 BBLIQUUS

533 2324 920 2377 conservatus
986 2313 1147 2396 reyis
1191 2324 1299 2376 est.
1395 2309 1607 2376 Verba
1650 2309 1789 2376 loco
1837 2331 1952 2377 suo
2001 2319 2177 2379 mota
2223 2315 2315 2379 sic
2358 2315 2425 2379 in
2475 2336 2656 2381 suam
2704 2315 2904 2380 sedem

532 2416 885 2482 revocanda
929 2421 1078 2481 sunt
1124 2420 1199 2480 ut
1243 2416 1590 2482 scribatur:
1642 2416 1823 2481 huius
1869 2440 2057 2505 opera
2105 2419 2302 2485 hostes
2348 2444 2485 2485 cwm
2533 2435 2738 2488 castra
2790 2424 2904 2487 iam

532 2526 868 2588 intrassent
913 2523 1127 2587 multis
1170 2522 1439 2587 millibus
1486 2525 1796 2607 regiorum
1842 2524 2182 2610 interfectis
2220 2528 2556 2613 profliqati
2598 2541 2760 2593 sunt.

624 2628 733 2695 Sic
803 2630 1064 2695 demum
1136 2627 1568 2714 intelligimus
1636 2649 1748 2693 cur
1817 2629 2051 2694 dixerit
2112 2634 2525 2719 ever-citusque
2585 2648 2901 2709 nmouus.

533 2737 869 2802 Praeterea
935 2734 1241 2800 rescribe:
1313 2746 1701 2799 conservatus
1762 2753 1891 2819 reql
1950 2747 2069 2812 est,
2133 2756 2259 2802 non
2323 2756 2513 2823 reyls.
2580 2741 2649 2804 τὸ
2711 2740 2904 2804 λοιπὸν

533 2842 858 2923 ςράτευμα.
906 2841 1174 2919 βασιλεῖ
1212 2839 1421 2911 ἐσώθη.
1467 2846 1542 2904 ut
1587 2842 1656 2905 in
1701 2840 2144 2926 Aristophanis
2190 2842 2359 2909 Pace
2405 2865 2500 2909 vs.
2558 2845 2766 2911 1022:

1032 2944 1185 3012 οὕτω
1233 2946 1304 3010 τὸ
1352 2944 1667 3025 πρόβατον
1713 2949 1798 3025 τῷ
1845 2948 2092 3026 χορηγῷ
2140 2947 2424 3029 σώζεται.

630 3161 894 3226 Datam.
944 3159 1033 3225 II.
1085 3157 1161 3224 3:
1211 3159 1509 3223 Datames
1545 3161 1834 3246 pn’mum
1878 3163 2150 3247 experiri
2192 3163 2398 3227 volun·
2438 3181 2523 3229 ΠΤ
2562 3168 2691 3230 sine
2730 3163 2906 3229 armis

529 3270 954 3355 propinquum
1001 3268 1088 3330 ad
1132 3267 1396 3353 officium
1445 3267 1783 3330 reducerem.

627 3372 947 3438 Emendat
1009 3373 1282 3458 experiri
1332 3370 1539 3437 voluit
1586 3369 1715 3458 [ut]
1776 3409 1856 3419 —
1905 3372 1983 3438 ad
2032 3372 2312 3438 officium
2360 3376 2690 3443 reducern.
2738 3382 2807 3441 ut
2848 3375 2905 3436 in

533 3479 816 3545 Terentii
861 3478 1244 3543 Phormione
1288 3475 1418 3541 ΠΙ.
1468 3474 1507 3541 3
1558 3477 1635 3540 5:

625 3587 777 3671 quin
818 3608 1000 3671 quum
1046 3607 1202 3671 opus
1248 3595 1338 3648 est
1382 3583 1733 3670 beneficium
1781 3608 2035 3650 rursum
2080 3587 2137 3650 ei
2178 3590 2537 3674 experimur
2582 3591 2842 3655 reddere.

625 3796 881 3860 Datam.
944 3793 1031 3858 H.
1104 3792 1180 3859 5:
1244 3816 1382 3857 cum
1444 3792 1521 3857 ab
1568 3791 2000 3858 Ariobarzane
2047 3830 2131 3842 —
2179 3798 2452 3861 desertus
2496 3812 2681 3876 esset,
2728 3792 2900 3861 nihilo

535 3921 803 3971 suemus
839 3902 1273 3990 perseveravit.

623 4010 848 4075 Editor
906 4006 1365 4072 Ultraiectinus
1427 4005 1495 4067 in
1556 4005 1847 4089 margine
1911 4007 2124 4089 posuit
2182 4006 2376 4078 nihilo
2442 4025 2695 4086 snmus,
2759 4021 2900 4090 quse

534 4116 869 4182 verissima
918 4112 1110 4178 lectio
1149 4117 1252 4176 ,est
1300 4117 1364 4174 et
1410 4130 1487 4174 ex
1534 4107 1801 4193 Nepotis
1840 4112 2316 4177 consuetudine.
2407 4113 2711 4179 Halmius
2748 4127 2899 4176 com-

530 4226 714 4306 parat
761 4220 1025 4283 Eumen.
1079 4216 1162 4281 V.
1217 4217 1290 4281 1:
1340 4238 1527 4302 neque
1570 4238 1637 4280 eo
1685 4217 1871 4280 secius
1917 4217 2137 4281 bellum
2183 4221 2667 4286 administravit.
2731 4218 2898 4281 Prae·

531 4333 702 4393 terea
765 4325 845 4390 cf.
911 4323 1188 4388 Miltiad.
1250 4321 1333 4387 ΙΙ.
1396 4320 1473 4387 3:
1532 4342 1722 4406 neque
1783 4344 1849 4384 eo
1912 4326 2099 4387 secius
2148 4362 2229 4371 —
2280 4328 2478 4412 officia
2534 4322 2896 4416 praestabat.
