<?xml version="1.0" encoding="UTF-8"?>
<!DOCTYPE html PUBLIC "-//W3C//DTD XHTML 1.0 Transitional//EN"
    "http://www.w3.org/TR/xhtml1/DTD/xhtml1-transitional.dtd">
<html xmlns="http://www.w3.org/1999/xhtml" xml:lang="en" lang="en">
 <head>
  <title>
</title>
<meta http-equiv="Content-Type" content="text/html;charset=utf-8" />
  <meta name='ocr-system' content='tesseract 3.04.00' />
  <meta name='ocr-capabilities' content='ocr_page ocr_carea ocr_par ocr_line ocrx_word'/>
</head>
<body>
  <div class='ocr_page' id='page_1' title='image "./mnemosynebiblio14servgoog_0203.png"; bbox 0 0 3192 5017; ppageno 0'>
   <div class='ocr_carea' id='block_1_1' title="bbox 1090 276 2585 363">
    <p class='ocr_par' dir='ltr' id='par_1_1' title="bbox 1090 276 2585 363">
     <span class='ocr_line' id='line_1_1' title="bbox 1090 276 2585 363; baseline -0.002 -20"><span class='ocrx_word' id='word_1_1' title='bbox 1090 294 1400 363; x_wconf 58' lang='lat' dir='ltr'><strong>misma</strong></span> <span class='ocrx_word' id='word_1_2' title='bbox 1444 292 1714 342; x_wconf 65' lang='lat' dir='ltr'><strong>omncs.</strong></span> <span class='ocrx_word' id='word_1_3' title='bbox 2463 276 2585 341; x_wconf 75' lang='lat'><strong>199</strong></span> 
     </span>
    </p>
   </div>
   <div class='ocr_carea' id='block_1_2' title="bbox 219 462 2611 3213">
    <p class='ocr_par' dir='ltr' id='par_1_2' title="bbox 224 462 2591 978">
     <span class='ocr_line' id='line_1_2' title="bbox 307 462 2586 552; baseline 0.001 -23"><span class='ocrx_word' id='word_1_4' title='bbox 307 462 465 531; x_wconf 78' lang='lat' dir='ltr'><strong>Pace</strong></span> <span class='ocrx_word' id='word_1_5' title='bbox 506 469 625 532; x_wconf 84' lang='lat' dir='ltr'><strong>tua</strong></span> <span class='ocrx_word' id='word_1_6' title='bbox 672 466 969 551; x_wconf 83' lang='lat' dir='ltr'><strong>dixerim,</strong></span> <span class='ocrx_word' id='word_1_7' title='bbox 1019 487 1121 532; x_wconf 90' lang='lat' dir='ltr'><strong>me</strong></span> <span class='ocrx_word' id='word_1_8' title='bbox 1164 486 1245 531; x_wconf 90' lang='lat' dir='ltr'><strong>ne</strong></span> <span class='ocrx_word' id='word_1_9' title='bbox 1290 468 1381 531; x_wconf 90' lang='lat' dir='ltr'><strong>sic</strong></span> <span class='ocrx_word' id='word_1_10' title='bbox 1427 465 1688 552; x_wconf 89' lang='lat' dir='ltr'><strong>quidem</strong></span> <span class='ocrx_word' id='word_1_11' title='bbox 1733 465 1905 532; x_wconf 88' lang='lat' dir='ltr'><strong>hunc</strong></span> <span class='ocrx_word' id='word_1_12' title='bbox 1951 465 2167 533; x_wconf 82' lang='lat' dir='ltr'><strong>locum</strong></span> <span class='ocrx_word' id='word_1_13' title='bbox 2206 469 2362 532; x_wconf 78' lang='lat' dir='ltr'><strong>satie</strong></span> <span class='ocrx_word' id='word_1_14' title='bbox 2400 465 2586 532; x_wconf 85' lang='lat' dir='ltr'><strong>intel-</strong></span> 
     </span>
     <span class='ocr_line' id='line_1_3' title="bbox 224 569 2590 659; baseline 0.001 -24"><span class='ocrx_word' id='word_1_15' title='bbox 224 569 452 659; x_wconf 78' lang='lat' dir='ltr'><strong>legere,</strong></span> <span class='ocrx_word' id='word_1_16' title='bbox 520 574 731 638; x_wconf 88' lang='lat' dir='ltr'><strong>immo</strong></span> <span class='ocrx_word' id='word_1_17' title='bbox 792 573 956 639; x_wconf 90' lang='lat' dir='ltr'><strong>mihi</strong></span> <span class='ocrx_word' id='word_1_18' title='bbox 1013 573 1083 638; x_wconf 90' lang='lat' dir='ltr'><strong>in</strong></span> <span class='ocrx_word' id='word_1_19' title='bbox 1141 574 1325 659; x_wconf 85' lang='lat' dir='ltr'><strong>peius</strong></span> <span class='ocrx_word' id='word_1_20' title='bbox 1367 578 1697 638; x_wconf 84' lang='lat' dir='ltr'><strong>mutatum</strong></span> <span class='ocrx_word' id='word_1_21' title='bbox 1744 593 1879 639; x_wconf 87' lang='lat' dir='ltr'><strong>esse</strong></span> <span class='ocrx_word' id='word_1_22' title='bbox 1924 573 2150 639; x_wconf 79' lang='lat' dir='ltr'><strong>videri.</strong></span> <span class='ocrx_word' id='word_1_23' title='bbox 2242 571 2368 637; x_wconf 84' lang='lat' dir='ltr'><strong>Vix</strong></span> <span class='ocrx_word' id='word_1_24' title='bbox 2415 575 2590 638; x_wconf 89' lang='lat' dir='ltr'><strong>enim</strong></span> 
     </span>
     <span class='ocr_line' id='line_1_4' title="bbox 229 675 2590 767; baseline 0.003 -27"><span class='ocrx_word' id='word_1_25' title='bbox 229 675 355 742; x_wconf 85' lang='lat' dir='ltr'><strong>elici</strong></span> <span class='ocrx_word' id='word_1_26' title='bbox 412 682 651 761; x_wconf 85' lang='lat' dir='ltr'><strong>poterit</strong></span> <span class='ocrx_word' id='word_1_27' title='bbox 714 682 1027 746; x_wconf 86' lang='lat' dir='ltr'><strong>sententia</strong></span> <span class='ocrx_word' id='word_1_28' title='bbox 1043 729 1061 764; x_wconf 89' lang='lat'>,</span> <span class='ocrx_word' id='word_1_29' title='bbox 1123 700 1316 765; x_wconf 85' lang='lat' dir='ltr'><strong>quam</strong></span> <span class='ocrx_word' id='word_1_30' title='bbox 1378 680 1633 745; x_wconf 84' lang='lat' dir='ltr'><strong>subesse</strong></span> <span class='ocrx_word' id='word_1_31' title='bbox 1689 682 1974 765; x_wconf 83' lang='lat' dir='ltr'><strong>suspicor</strong></span> <span class='ocrx_word' id='word_1_32' title='bbox 1993 727 2010 758; x_wconf 89' lang='lat'>,</span> <span class='ocrx_word' id='word_1_33' title='bbox 2055 686 2133 745; x_wconf 85' lang='lat' dir='ltr'><strong>ut</strong></span> <span class='ocrx_word' id='word_1_34' title='bbox 2175 700 2336 766; x_wconf 83' lang='lat' dir='ltr'><strong>quac</strong></span> <span class='ocrx_word' id='word_1_35' title='bbox 2382 684 2590 767; x_wconf 85' lang='lat' dir='ltr'><strong>patria</strong></span> 
     </span>
     <span class='ocr_line' id='line_1_5' title="bbox 230 783 2591 873; baseline 0.003 -27"><span class='ocrx_word' id='word_1_36' title='bbox 230 783 360 848; x_wconf 82' lang='lat' dir='ltr'><strong>urbs</strong></span> <span class='ocrx_word' id='word_1_37' title='bbox 424 788 486 850; x_wconf 91' lang='lat' dir='ltr'><strong>ei</strong></span> <span class='ocrx_word' id='word_1_38' title='bbox 554 788 914 871; x_wconf 79' lang='lat' dir='ltr'><strong>extitisset,</strong></span> <span class='ocrx_word' id='word_1_39' title='bbox 976 787 1177 852; x_wconf 88' lang='lat' dir='ltr'><strong>simul</strong></span> <span class='ocrx_word' id='word_1_40' title='bbox 1241 786 1411 851; x_wconf 88' lang='lat' dir='ltr'><strong>orbis</strong></span> <span class='ocrx_word' id='word_1_41' title='bbox 1475 794 1790 852; x_wconf 89' lang='lat' dir='ltr'><strong>terrarum</strong></span> <span class='ocrx_word' id='word_1_42' title='bbox 1835 787 2096 852; x_wconf 88' lang='lat' dir='ltr'><strong>domina</strong></span> <span class='ocrx_word' id='word_1_43' title='bbox 2137 795 2304 853; x_wconf 83' lang='lat' dir='ltr'><strong>esset</strong></span> <span class='ocrx_word' id='word_1_44' title='bbox 2321 836 2338 867; x_wconf 89' lang='lat'>,</span> <span class='ocrx_word' id='word_1_45' title='bbox 2385 808 2591 873; x_wconf 90' lang='lat' dir='ltr'><strong>neque</strong></span> 
     </span>
     <span class='ocr_line' id='line_1_6' title="bbox 228 892 2169 978; baseline 0.001 -21"><span class='ocrx_word' id='word_1_46' title='bbox 228 892 401 958; x_wconf 70' lang='lat' dir='ltr'><strong>verba</strong></span> <span class='ocrx_word' id='word_1_47' title='bbox 442 896 539 959; x_wconf 88' lang='lat' dir='ltr'><strong>sic</strong></span> <span class='ocrx_word' id='word_1_48' title='bbox 584 893 919 961; x_wconf 81' lang='lat' dir='ltr'><strong>intellecta</strong></span> <span class='ocrx_word' id='word_1_49' title='bbox 962 894 1120 960; x_wconf 86' lang='lat' dir='ltr'><strong>bene</strong></span> <span class='ocrx_word' id='word_1_50' title='bbox 1166 913 1315 959; x_wconf 89' lang='lat' dir='ltr'><strong>cum</strong></span> <span class='ocrx_word' id='word_1_51' title='bbox 1363 894 1773 978; x_wconf 82' lang='lat' dir='ltr'><strong>sequentibus</strong></span> <span class='ocrx_word' id='word_1_52' title='bbox 1818 895 2169 961; x_wconf 74' lang='lat' dir='ltr'><strong>cohaerent.</strong></span> 
     </span>
    </p>

    <p class='ocr_par' dir='ltr' id='par_1_3' title="bbox 228 994 2595 1195">
     <span class='ocr_line' id='line_1_7' title="bbox 303 994 2595 1086; baseline 0.001 -22"><span class='ocrx_word' id='word_1_53' title='bbox 303 994 645 1086; x_wconf 91' lang='lat' dir='ltr'><strong>Duplicem</strong></span> <span class='ocrx_word' id='word_1_54' title='bbox 714 1000 907 1065; x_wconf 85' lang='lat' dir='ltr'><strong>huius</strong></span> <span class='ocrx_word' id='word_1_55' title='bbox 974 998 1099 1066; x_wconf 91' lang='lat' dir='ltr'><strong>loci</strong></span> <span class='ocrx_word' id='word_1_56' title='bbox 1164 999 1543 1066; x_wconf 79' lang='lat' dir='ltr'><strong>emendandi</strong></span> <span class='ocrx_word' id='word_1_57' title='bbox 1610 1003 1925 1067; x_wconf 85' lang='lat' dir='ltr'><strong>rationem</strong></span> <span class='ocrx_word' id='word_1_58' title='bbox 1993 1004 2132 1066; x_wconf 86' lang='lat' dir='ltr'><strong>inii.</strong></span> <span class='ocrx_word' id='word_1_59' title='bbox 2241 999 2595 1086; x_wconf 86' lang='lat' dir='ltr'><strong>Utramque</strong></span> 
     </span>
     <span class='ocr_line' id='line_1_8' title="bbox 228 1106 2204 1195; baseline 0.002 -27"><span class='ocrx_word' id='word_1_60' title='bbox 228 1123 518 1188; x_wconf 73' lang='lat' dir='ltr'><strong>appmiam</strong></span> <span class='ocrx_word' id='word_1_61' title='bbox 574 1128 970 1194; x_wconf 86' lang='lat' dir='ltr'><strong>quamquam</strong></span> <span class='ocrx_word' id='word_1_62' title='bbox 1014 1106 1199 1172; x_wconf 82' lang='lat' dir='ltr'><strong>illam</strong></span> <span class='ocrx_word' id='word_1_63' title='bbox 1246 1106 1366 1172; x_wconf 85' lang='lat' dir='ltr'><strong>hac</strong></span> <span class='ocrx_word' id='word_1_64' title='bbox 1410 1106 1601 1195; x_wconf 81' lang='lat' dir='ltr'><strong>longe</strong></span> <span class='ocrx_word' id='word_1_65' title='bbox 1646 1110 1962 1192; x_wconf 86' lang='lat' dir='ltr'><strong>potiorem</strong></span> <span class='ocrx_word' id='word_1_66' title='bbox 2007 1108 2204 1174; x_wconf 82' lang='lat' dir='ltr'><strong>duco:</strong></span> 
     </span>
    </p>

    <p class='ocr_par' dir='ltr' id='par_1_4' title="bbox 233 1210 2598 1406">
     <span class='ocr_line' id='line_1_9' title="bbox 306 1210 2598 1299; baseline 0 -21"><span class='ocrx_word' id='word_1_67' title='bbox 306 1210 527 1291; x_wconf 81' lang='lat' dir='ltr'><strong>„Quod</strong></span> <span class='ocrx_word' id='word_1_68' title='bbox 574 1215 649 1279; x_wconf 87' lang='lat' dir='ltr'><strong>in</strong></span> <span class='ocrx_word' id='word_1_69' title='bbox 693 1235 767 1279; x_wconf 80' lang='lat' dir='ltr'><strong>ea</strong></span> <span class='ocrx_word' id='word_1_70' title='bbox 810 1215 1221 1299; x_wconf 86' lang='lat' dir='ltr'><strong>potissimum</strong></span> <span class='ocrx_word' id='word_1_71' title='bbox 1259 1214 1413 1278; x_wconf 75' lang='lat' dir='ltr'><strong>urbe</strong></span> <span class='ocrx_word' id='word_1_72' title='bbox 1454 1220 1643 1279; x_wconf 87' lang='lat' dir='ltr'><strong>natus</strong></span> <span class='ocrx_word' id='word_1_73' title='bbox 1664 1259 1680 1291; x_wconf 93' lang='lat'>,</span> <span class='ocrx_word' id='word_1_74' title='bbox 1718 1216 1789 1279; x_wconf 90' lang='lat' dir='ltr'><strong>in</strong></span> <span class='ocrx_word' id='word_1_75' title='bbox 1827 1235 1953 1299; x_wconf 88' lang='lat' dir='ltr'><strong>qua</strong></span> <span class='ocrx_word' id='word_1_76' title='bbox 1991 1213 2393 1280; x_wconf 75' lang='lat' dir='ltr'><strong>domicilium</strong></span> <span class='ocrx_word' id='word_1_77' title='bbox 2426 1213 2598 1279; x_wconf 86' lang='lat' dir='ltr'><strong>orbis</strong></span> 
     </span>
     <span class='ocr_line' id='line_1_10' title="bbox 233 1319 2598 1406; baseline 0.001 -23"><span class='ocrx_word' id='word_1_78' title='bbox 233 1321 525 1385; x_wconf 83' lang='lat' dir='ltr'><strong>terrarum</strong></span> <span class='ocrx_word' id='word_1_79' title='bbox 566 1326 738 1387; x_wconf 81' lang='lat' dir='ltr'><strong>esset</strong></span> <span class='ocrx_word' id='word_1_80' title='bbox 774 1322 1066 1405; x_wconf 88' lang='lat' dir='ltr'><strong>imperii,</strong></span> <span class='ocrx_word' id='word_1_81' title='bbox 1104 1325 1168 1384; x_wconf 76' lang='lat' dir='ltr'><strong>in</strong></span> <span class='ocrx_word' id='word_1_82' title='bbox 1207 1319 1428 1385; x_wconf 87' lang='lat' dir='ltr'><strong>eadem</strong></span> <span class='ocrx_word' id='word_1_83' title='bbox 1467 1326 1533 1384; x_wconf 84' lang='lat' dir='ltr'><strong>et</strong></span> <span class='ocrx_word' id='word_1_84' title='bbox 1553 1323 1831 1406; x_wconf 84' lang='lat' dir='ltr'><strong>patriam</strong></span> <span class='ocrx_word' id='word_1_85' title='bbox 1853 1321 2117 1387; x_wconf 85' lang='lat' dir='ltr'><strong>haberet</strong></span> <span class='ocrx_word' id='word_1_86' title='bbox 2139 1319 2459 1401; x_wconf 86' lang='lat' dir='ltr'><strong>domum”‚</strong></span> <span class='ocrx_word' id='word_1_87' title='bbox 2484 1324 2598 1385; x_wconf 85' lang='lat' dir='ltr'><strong>aut</strong></span> 
     </span>
    </p>

    <p class='ocr_par' dir='ltr' id='par_1_5' title="bbox 219 1425 2602 2039">
     <span class='ocr_line' id='line_1_11' title="bbox 308 1425 2602 1512; baseline 0.001 -22"><span class='ocrx_word' id='word_1_88' title='bbox 308 1425 532 1506; x_wconf 80' lang='lat' dir='ltr'><strong>„Quod</strong></span> <span class='ocrx_word' id='word_1_89' title='bbox 575 1476 592 1492; x_wconf 93' lang='lat'><strong><em>.</em></strong></span> <span class='ocrx_word' id='word_1_90' title='bbox 622 1476 638 1492; x_wconf 93' lang='lat'><strong>.</strong></span> <span class='ocrx_word' id='word_1_91' title='bbox 669 1475 685 1491; x_wconf 92' lang='lat'><strong>.</strong></span> <span class='ocrx_word' id='word_1_92' title='bbox 712 1475 728 1491; x_wconf 89' lang='lat'><strong>.</strong></span> <span class='ocrx_word' id='word_1_93' title='bbox 764 1430 832 1492; x_wconf 92' lang='lat' dir='ltr'><strong>in</strong></span> <span class='ocrx_word' id='word_1_94' title='bbox 878 1447 1005 1512; x_wconf 85' lang='lat' dir='ltr'><strong>qus</strong></span> <span class='ocrx_word' id='word_1_95' title='bbox 1047 1427 1219 1493; x_wconf 85' lang='lat' dir='ltr'><strong>orbis</strong></span> <span class='ocrx_word' id='word_1_96' title='bbox 1266 1433 1581 1492; x_wconf 88' lang='lat' dir='ltr'><strong>terrarum</strong></span> <span class='ocrx_word' id='word_1_97' title='bbox 1607 1434 1771 1492; x_wconf 85' lang='lat' dir='ltr'><strong>esset</strong></span> <span class='ocrx_word' id='word_1_98' title='bbox 1809 1429 2189 1512; x_wconf 87' lang='lat' dir='ltr'><strong>imperium,</strong></span> <span class='ocrx_word' id='word_1_99' title='bbox 2230 1428 2494 1493; x_wconf 81' lang='lat' dir='ltr'><strong>eandem</strong></span> <span class='ocrx_word' id='word_1_100' title='bbox 2533 1432 2602 1493; x_wconf 87' lang='lat' dir='ltr'><strong>et</strong></span> 
     </span>
     <span class='ocr_line' id='line_1_12' title="bbox 226 1531 2602 1617; baseline 0.001 -21"><span class='ocrx_word' id='word_1_101' title='bbox 226 1534 481 1615; x_wconf 81' lang='lat' dir='ltr'><strong>patriam</strong></span> <span class='ocrx_word' id='word_1_102' title='bbox 548 1534 815 1600; x_wconf 85' lang='lat' dir='ltr'><strong>haberet</strong></span> <span class='ocrx_word' id='word_1_103' title='bbox 875 1544 942 1598; x_wconf 86' lang='lat' dir='ltr'><strong>et</strong></span> <span class='ocrx_word' id='word_1_104' title='bbox 1002 1533 1402 1599; x_wconf 87' lang='lat' dir='ltr'><strong>fortunarum</strong></span> <span class='ocrx_word' id='word_1_105' title='bbox 1465 1531 1787 1617; x_wconf 75' lang='lat' dir='ltr'>(vocabuli</span> <span class='ocrx_word' id='word_1_106' title='bbox 1833 1536 2055 1598; x_wconf 80' lang='lat' dir='ltr'><strong>omissi</strong></span> <span class='ocrx_word' id='word_1_107' title='bbox 2100 1534 2180 1598; x_wconf 94' lang='lat' dir='ltr'><strong>ob</strong></span> <span class='ocrx_word' id='word_1_108' title='bbox 2227 1533 2602 1599; x_wconf 85' lang='lat' dir='ltr'><strong>similitudi·</strong></span> 
     </span>
     <span class='ocr_line' id='line_1_13' title="bbox 221 1638 2598 1726; baseline 0.003 -27"><span class='ocrx_word' id='word_1_109' title='bbox 221 1657 353 1701; x_wconf 87' lang='lat' dir='ltr'><strong>nem</strong></span> <span class='ocrx_word' id='word_1_110' title='bbox 400 1660 552 1704; x_wconf 87' lang='lat' dir='ltr'><strong>cum</strong></span> <span class='ocrx_word' id='word_1_111' title='bbox 593 1640 759 1705; x_wconf 65' lang='lat' dir='ltr'><strong>orbi-2</strong></span> <span class='ocrx_word' id='word_1_112' title='bbox 807 1639 1128 1725; x_wconf 70' lang='lat' dir='ltr'><strong>terr-mrum)</strong></span> <span class='ocrx_word' id='word_1_113' title='bbox 1182 1638 1644 1717; x_wconf 89' lang='lat' dir='ltr'><strong>domicilium&#39;&#39;,</strong></span> <span class='ocrx_word' id='word_1_114' title='bbox 1684 1642 1777 1705; x_wconf 85' lang='lat' dir='ltr'><strong>ita</strong></span> <span class='ocrx_word' id='word_1_115' title='bbox 1816 1645 1894 1704; x_wconf 88' lang='lat' dir='ltr'><strong>ut</strong></span> <span class='ocrx_word' id='word_1_116' title='bbox 1921 1640 2315 1726; x_wconf 70' lang='lat' dir='ltr'><strong>fortunarum</strong></span> <span class='ocrx_word' id='word_1_117' title='bbox 2360 1641 2598 1706; x_wconf 74' lang='lat' dir='ltr'><strong>domici·</strong></span> 
     </span>
     <span class='ocr_line' id='line_1_14' title="bbox 219 1743 2598 1832; baseline 0.004 -27"><span class='ocrx_word' id='word_1_118' title='bbox 219 1743 347 1807; x_wconf 71' lang='lat' dir='ltr'><strong>lium</strong></span> <span class='ocrx_word' id='word_1_119' title='bbox 408 1744 586 1811; x_wconf 90' lang='lat' dir='ltr'><strong>idem</strong></span> <span class='ocrx_word' id='word_1_120' title='bbox 637 1746 767 1812; x_wconf 88' lang='lat' dir='ltr'><strong>fere</strong></span> <span class='ocrx_word' id='word_1_121' title='bbox 812 1750 899 1811; x_wconf 86' lang='lat' dir='ltr'><strong>sit</strong></span> <span class='ocrx_word' id='word_1_122' title='bbox 947 1766 1019 1812; x_wconf 87' lang='lat' dir='ltr'><strong>ac</strong></span> <span class='ocrx_word' id='word_1_123' title='bbox 1067 1768 1267 1810; x_wconf 74' lang='lat' dir='ltr'><strong>rerum</strong></span> <span class='ocrx_word' id='word_1_124' title='bbox 1301 1747 1812 1832; x_wconf 69' lang='lat' dir='ltr'><strong>fortunarumque</strong></span> <span class='ocrx_word' id='word_1_125' title='bbox 1854 1750 2018 1810; x_wconf 72' lang='lat' dir='ltr'><strong>cedes</strong></span> <span class='ocrx_word' id='word_1_126' title='bbox 2035 1795 2055 1830; x_wconf 89' lang='lat'>,</span> <span class='ocrx_word' id='word_1_127' title='bbox 2103 1767 2266 1831; x_wconf 85' lang='lat' dir='ltr'><strong>quae</strong></span> <span class='ocrx_word' id='word_1_128' title='bbox 2310 1747 2416 1813; x_wconf 88' lang='lat' dir='ltr'><strong>hic</strong></span> <span class='ocrx_word' id='word_1_129' title='bbox 2460 1747 2598 1814; x_wconf 81' lang='lat' dir='ltr'><strong>illic</strong></span> 
     </span>
     <span class='ocr_line' id='line_1_15' title="bbox 220 1847 2601 1939; baseline 0.003 -26"><span class='ocrx_word' id='word_1_130' title='bbox 220 1847 549 1917; x_wconf 80' lang='lat' dir='ltr'><strong>invenitur.</strong></span> <span class='ocrx_word' id='word_1_131' title='bbox 649 1852 748 1918; x_wconf 91' lang='lat' dir='ltr'><strong>De</strong></span> <span class='ocrx_word' id='word_1_132' title='bbox 794 1874 863 1918; x_wconf 88' lang='lat' dir='ltr'><strong>re</strong></span> <span class='ocrx_word' id='word_1_133' title='bbox 909 1853 990 1917; x_wconf 88' lang='lat' dir='ltr'><strong>cf.</strong></span> <span class='ocrx_word' id='word_1_134' title='bbox 1040 1874 1179 1938; x_wconf 85' lang='lat' dir='ltr'><strong>cap.</strong></span> <span class='ocrx_word' id='word_1_135' title='bbox 1230 1851 1299 1916; x_wconf 91' lang='grc' dir='ltr'>Π</span> <span class='ocrx_word' id='word_1_136' title='bbox 1347 1852 1384 1936; x_wconf 61' lang='lat' dir='ltr'>g</span> <span class='ocrx_word' id='word_1_137' title='bbox 1434 1851 1497 1931; x_wconf 88' lang='lat'><strong>3,</strong></span> <span class='ocrx_word' id='word_1_138' title='bbox 1544 1852 1660 1917; x_wconf 89' lang='lat' dir='ltr'><strong>ubi</strong></span> <span class='ocrx_word' id='word_1_139' title='bbox 1703 1852 1925 1918; x_wconf 90' lang='lat' dir='ltr'><strong>eodem</strong></span> <span class='ocrx_word' id='word_1_140' title='bbox 1966 1850 2304 1939; x_wconf 80' lang='lat' dir='ltr'><strong>(Athenas)</strong></span> <span class='ocrx_word' id='word_1_141' title='bbox 2332 1877 2601 1935; x_wconf 71' lang='lat' dir='ltr'><strong>maqnoem</strong></span> 
     </span>
     <span class='ocr_line' id='line_1_16' title="bbox 222 1957 1946 2039; baseline 0.002 -18"><span class='ocrx_word' id='word_1_142' title='bbox 222 1963 451 2039; x_wconf 82' lang='lat' dir='ltr'><strong>partem</strong></span> <span class='ocrx_word' id='word_1_143' title='bbox 503 1957 909 2025; x_wconf 85' lang='lat' dir='ltr'><strong>fortunarum</strong></span> <span class='ocrx_word' id='word_1_144' title='bbox 959 1979 1223 2025; x_wconf 85' lang='lat' dir='ltr'><strong>suarum</strong></span> <span class='ocrx_word' id='word_1_145' title='bbox 1270 1960 1589 2025; x_wconf 79' lang='lat' dir='ltr'><strong>traiecisse</strong></span> <span class='ocrx_word' id='word_1_146' title='bbox 1633 1964 1946 2025; x_wconf 84' lang='lat' dir='ltr'><strong>narratur.</strong></span> 
     </span>
    </p>

    <p class='ocr_par' dir='ltr' id='par_1_6' title="bbox 304 2059 858 2149">
     <span class='ocr_line' id='line_1_17' title="bbox 304 2059 858 2149; baseline 0.007 -22"><span class='ocrx_word' id='word_1_147' title='bbox 304 2059 454 2149; x_wconf 82' lang='lat' dir='ltr'><strong>Cap.</strong></span> <span class='ocrx_word' id='word_1_148' title='bbox 503 2064 648 2131; x_wconf 86' lang='lat' dir='ltr'><strong>XII</strong></span> <span class='ocrx_word' id='word_1_149' title='bbox 696 2071 858 2133; x_wconf 82' lang='lat' dir='ltr'><strong>extr.</strong></span> 
     </span>
    </p>

    <p class='ocr_par' dir='ltr' id='par_1_7' title="bbox 225 2166 2080 2361">
     <span class='ocr_line' id='line_1_18' title="bbox 246 2166 2080 2259; baseline 0.003 -26"><span class='ocrx_word' id='word_1_150' title='bbox 246 2217 265 2233; x_wconf 85' lang='grc'><strong><em>,</em></strong></span> <span class='ocrx_word' id='word_1_151' title='bbox 304 2166 418 2234; x_wconf 84' lang='lat' dir='ltr'><strong>Sui</strong></span> <span class='ocrx_word' id='word_1_152' title='bbox 486 2173 721 2259; x_wconf 85' lang='lat' dir='ltr'><strong>cuique</strong></span> <span class='ocrx_word' id='word_1_153' title='bbox 766 2192 976 2238; x_wconf 84' lang='lat' dir='ltr'><strong>meree</strong></span> <span class='ocrx_word' id='word_1_154' title='bbox 1020 2169 1273 2259; x_wconf 79' lang='lat' dir='ltr'><strong>fingunt</strong></span> <span class='ocrx_word' id='word_1_155' title='bbox 1317 2171 1643 2237; x_wconf 86' lang='lat' dir='ltr'><strong>fortunam</strong></span> <span class='ocrx_word' id='word_1_156' title='bbox 1687 2171 2080 2240; x_wconf 84' lang='lat' dir='ltr'><strong>hominibus.</strong></span> 
     </span>
     <span class='ocr_line' id='line_1_19' title="bbox 225 2271 1222 2361; baseline 0.003 -22"><span class='ocrx_word' id='word_1_157' title='bbox 225 2271 545 2361; x_wconf 78' lang='lat' dir='ltr'><strong>Expunxit</strong></span> <span class='ocrx_word' id='word_1_158' title='bbox 591 2277 693 2343; x_wconf 93' lang='lat' dir='ltr'><strong>Pl.</strong></span> <span class='ocrx_word' id='word_1_159' title='bbox 745 2275 1222 2356; x_wconf 84' lang='lat' dir='ltr'><strong>„hominibus.’&#39;</strong></span> 
     </span>
    </p>

    <p class='ocr_par' dir='ltr' id='par_1_8' title="bbox 227 2380 2611 3213">
     <span class='ocr_line' id='line_1_20' title="bbox 304 2380 2602 2470; baseline 0.003 -23"><span class='ocrx_word' id='word_1_160' title='bbox 304 2380 439 2447; x_wconf 85' lang='lat' dir='ltr'><strong>Iam</strong></span> <span class='ocrx_word' id='word_1_161' title='bbox 508 2385 580 2450; x_wconf 94' lang='lat' dir='ltr'><strong>in</strong></span> <span class='ocrx_word' id='word_1_162' title='bbox 650 2384 924 2450; x_wconf 79' lang='lat' dir='ltr'><strong>editione</strong></span> <span class='ocrx_word' id='word_1_163' title='bbox 993 2383 1394 2460; x_wconf 82' lang='lat' dir='ltr'><strong>Staveriana‚</strong></span> <span class='ocrx_word' id='word_1_164' title='bbox 1464 2404 1626 2470; x_wconf 84' lang='lat' dir='ltr'><strong>quae</strong></span> <span class='ocrx_word' id='word_1_165' title='bbox 1688 2406 1850 2451; x_wconf 83' lang='lat' dir='ltr'><strong>anno</strong></span> <span class='ocrx_word' id='word_1_166' title='bbox 1918 2384 1999 2452; x_wconf 85' lang='lat'><strong>17</strong></span> <span class='ocrx_word' id='word_1_167' title='bbox 2008 2384 2045 2452; x_wconf 86' lang='lat'><strong>7</strong></span> <span class='ocrx_word' id='word_1_168' title='bbox 2054 2384 2093 2450; x_wconf 87' lang='lat'>6</span> <span class='ocrx_word' id='word_1_169' title='bbox 2151 2387 2271 2451; x_wconf 84' lang='lat' dir='ltr'><strong>sub</strong></span> <span class='ocrx_word' id='word_1_170' title='bbox 2317 2386 2602 2454; x_wconf 83' lang='lat' dir='ltr'><strong>Palladis</strong></span> 
     </span>
     <span class='ocr_line' id='line_1_21' title="bbox 230 2482 2602 2578; baseline 0.005 -29"><span class='ocrx_word' id='word_1_171' title='bbox 230 2482 846 2575; x_wconf 78' lang='lat' dir='ltr'><strong>Lugduno-Batavae</strong></span> <span class='ocrx_word' id='word_1_172' title='bbox 870 2490 1091 2578; x_wconf 78' lang='lat' dir='ltr'><strong>aegide</strong></span> <span class='ocrx_word' id='word_1_173' title='bbox 1116 2498 1259 2555; x_wconf 85' lang='lat' dir='ltr'><strong>tuta</strong></span> <span class='ocrx_word' id='word_1_174' title='bbox 1281 2493 1349 2556; x_wconf 91' lang='lat' dir='ltr'><strong>in</strong></span> <span class='ocrx_word' id='word_1_175' title='bbox 1373 2490 1585 2555; x_wconf 92' lang='lat' dir='ltr'><strong>lucem</strong></span> <span class='ocrx_word' id='word_1_176' title='bbox 1611 2491 1881 2576; x_wconf 88' lang='lat' dir='ltr'><strong>prodiit,</strong></span> <span class='ocrx_word' id='word_1_177' title='bbox 1902 2491 2022 2558; x_wconf 87' lang='lat' dir='ltr'><strong>hoc</strong></span> <span class='ocrx_word' id='word_1_178' title='bbox 2052 2493 2439 2558; x_wconf 81' lang='lat' dir='ltr'><strong>vocabulum</strong></span> <span class='ocrx_word' id='word_1_179' title='bbox 2475 2515 2602 2561; x_wconf 92' lang='lat' dir='ltr'><strong>non</strong></span> 
     </span>
     <span class='ocr_line' id='line_1_22' title="bbox 227 2592 2604 2685; baseline 0.005 -29"><span class='ocrx_word' id='word_1_180' title='bbox 227 2592 559 2661; x_wconf 80' lang='lat' dir='ltr'><strong>invenitur.</strong></span> <span class='ocrx_word' id='word_1_181' title='bbox 656 2595 837 2662; x_wconf 90' lang='lat' dir='ltr'><strong>Unde</strong></span> <span class='ocrx_word' id='word_1_182' title='bbox 900 2597 1055 2662; x_wconf 86' lang='lat' dir='ltr'><strong>haec</strong></span> <span class='ocrx_word' id='word_1_183' title='bbox 1115 2601 1330 2675; x_wconf 76' lang='grc' dir='ltr'><strong><em>γνώμη</em></strong></span> <span class='ocrx_word' id='word_1_184' title='bbox 1396 2597 1684 2662; x_wconf 84' lang='lat' dir='ltr'><strong>derivata</strong></span> <span class='ocrx_word' id='word_1_185' title='bbox 1730 2600 1811 2661; x_wconf 84' lang='lat' dir='ltr'><strong>sit</strong></span> <span class='ocrx_word' id='word_1_186' title='bbox 1858 2599 2264 2685; x_wconf 80' lang='lat' dir='ltr'><strong>ignoramus,</strong></span> <span class='ocrx_word' id='word_1_187' title='bbox 2312 2601 2422 2666; x_wconf 87' lang='lat' dir='ltr'><strong>sed</strong></span> <span class='ocrx_word' id='word_1_188' title='bbox 2470 2622 2604 2669; x_wconf 79' lang='lat' dir='ltr'><strong>esse</strong></span> 
     </span>
     <span class='ocr_line' id='line_1_23' title="bbox 232 2700 2605 2788; baseline 0.005 -27"><span class='ocrx_word' id='word_1_189' title='bbox 232 2701 515 2783; x_wconf 85' lang='lat' dir='ltr'><strong>sapientis</strong></span> <span class='ocrx_word' id='word_1_190' title='bbox 577 2708 801 2788; x_wconf 85' lang='lat' dir='ltr'><strong>poetae</strong></span> <span class='ocrx_word' id='word_1_191' title='bbox 862 2701 1083 2769; x_wconf 84' lang='lat' dir='ltr'><strong>Cicero</strong></span> <span class='ocrx_word' id='word_1_192' title='bbox 1137 2705 1207 2766; x_wconf 91' lang='lat' dir='ltr'><strong>in</strong></span> <span class='ocrx_word' id='word_1_193' title='bbox 1268 2701 1493 2768; x_wconf 82' lang='lat' dir='ltr'><strong>Parad.</strong></span> <span class='ocrx_word' id='word_1_194' title='bbox 1548 2700 1603 2765; x_wconf 88' lang='lat' dir='ltr'><strong>V</strong></span> <span class='ocrx_word' id='word_1_195' title='bbox 1651 2704 1996 2769; x_wconf 79' lang='lat' dir='ltr'><strong>memoriae</strong></span> <span class='ocrx_word' id='word_1_196' title='bbox 2043 2704 2308 2771; x_wconf 79' lang='lat' dir='ltr'><strong>tradidit</strong></span> <span class='ocrx_word' id='word_1_197' title='bbox 2354 2714 2420 2771; x_wconf 90' lang='lat' dir='ltr'><strong>et</strong></span> <span class='ocrx_word' id='word_1_198' title='bbox 2466 2728 2605 2774; x_wconf 84' lang='lat' dir='ltr'><strong>ver·</strong></span> 
     </span>
     <span class='ocr_line' id='line_1_24' title="bbox 232 2801 2604 2896; baseline 0.004 -27"><span class='ocrx_word' id='word_1_199' title='bbox 232 2801 437 2871; x_wconf 87' lang='lat' dir='ltr'><strong>borum</strong></span> <span class='ocrx_word' id='word_1_200' title='bbox 512 2809 699 2883; x_wconf 86' lang='lat' dir='ltr'><strong>ordo,</strong></span> <span class='ocrx_word' id='word_1_201' title='bbox 769 2806 977 2893; x_wconf 85' lang='lat' dir='ltr'><strong>qualis</strong></span> <span class='ocrx_word' id='word_1_202' title='bbox 1042 2808 1164 2875; x_wconf 85' lang='lat' dir='ltr'><strong>hoc</strong></span> <span class='ocrx_word' id='word_1_203' title='bbox 1231 2807 1373 2874; x_wconf 90' lang='lat' dir='ltr'><strong>loco</strong></span> <span class='ocrx_word' id='word_1_204' title='bbox 1441 2808 1716 2896; x_wconf 79' lang='lat' dir='ltr'><strong>legitur,</strong></span> <span class='ocrx_word' id='word_1_205' title='bbox 1787 2810 1941 2875; x_wconf 88' lang='lat' dir='ltr'><strong>facit</strong></span> <span class='ocrx_word' id='word_1_206' title='bbox 2005 2820 2075 2875; x_wconf 88' lang='lat' dir='ltr'><strong>ut</strong></span> <span class='ocrx_word' id='word_1_207' title='bbox 2138 2831 2306 2889; x_wconf 86' lang='lat' dir='ltr'><strong>„non</strong></span> <span class='ocrx_word' id='word_1_208' title='bbox 2355 2813 2604 2878; x_wconf 87' lang='lat' dir='ltr'><strong>disiecti</strong></span> 
     </span>
     <span class='ocr_line' id='line_1_25' title="bbox 232 2912 2603 3003; baseline 0.005 -30"><span class='ocrx_word' id='word_1_209' title='bbox 232 2912 547 2979; x_wconf 82' lang='lat' dir='ltr'><strong>cuiusdam</strong></span> <span class='ocrx_word' id='word_1_210' title='bbox 616 2924 836 3000; x_wconf 85' lang='lat' dir='ltr'><strong>poetae</strong></span> <span class='ocrx_word' id='word_1_211' title='bbox 908 2914 1312 2980; x_wconf 88' lang='lat' dir='ltr'><strong>membrum’&#39;</strong></span> <span class='ocrx_word' id='word_1_212' title='bbox 1387 2936 1520 2981; x_wconf 87' lang='lat' dir='ltr'><strong>esse</strong></span> <span class='ocrx_word' id='word_1_213' title='bbox 1580 2921 1886 2981; x_wconf 84' lang='lat' dir='ltr'><strong>statuam.</strong></span> <span class='ocrx_word' id='word_1_214' title='bbox 1985 2914 2058 2980; x_wconf 84' lang='lat' dir='ltr'><strong>Si</strong></span> <span class='ocrx_word' id='word_1_215' title='bbox 2115 2920 2320 3001; x_wconf 87' lang='lat' dir='ltr'><strong>prisco</strong></span> <span class='ocrx_word' id='word_1_216' title='bbox 2381 2926 2603 3003; x_wconf 84' lang='lat' dir='ltr'><strong>poetae</strong></span> 
     </span>
     <span class='ocr_line' id='line_1_26' title="bbox 234 3018 2607 3108; baseline 0.002 -22"><span class='ocrx_word' id='word_1_217' title='bbox 234 3018 527 3105; x_wconf 82' lang='lat' dir='ltr'><strong>originem</strong></span> <span class='ocrx_word' id='word_1_218' title='bbox 570 3020 791 3105; x_wconf 87' lang='lat' dir='ltr'><strong>debet,</strong></span> <span class='ocrx_word' id='word_1_219' title='bbox 831 3020 924 3086; x_wconf 92' lang='lat' dir='ltr'><strong>nil</strong></span> <span class='ocrx_word' id='word_1_220' title='bbox 962 3022 1232 3107; x_wconf 89' lang='lat' dir='ltr'><strong>impedit</strong></span> <span class='ocrx_word' id='word_1_221' title='bbox 1272 3023 1616 3108; x_wconf 82' lang='lat' dir='ltr'><strong>quominus</strong></span> <span class='ocrx_word' id='word_1_222' title='bbox 1656 3022 1984 3085; x_wconf 70' lang='lat' dir='ltr'><strong>hominibus</strong></span> <span class='ocrx_word' id='word_1_223' title='bbox 2021 3025 2103 3104; x_wconf 80' lang='grc' dir='ltr'><strong>τῷ</strong></span> <span class='ocrx_word' id='word_1_224' title='bbox 2130 3023 2519 3090; x_wconf 81' lang='lat' dir='ltr'><strong>Graecorum</strong></span> <span class='ocrx_word' id='word_1_225' title='bbox 2545 3026 2607 3091; x_wconf 78' lang='grc' dir='ltr'><strong>ἐν</strong></span> 
     </span>
     <span class='ocr_line' id='line_1_27' title="bbox 236 3122 2611 3213; baseline 0.005 -29"><span class='ocrx_word' id='word_1_226' title='bbox 236 3122 538 3204; x_wconf 71' lang='grc' dir='ltr'><strong><em>ὦνθρώποις</em></strong></span> <span class='ocrx_word' id='word_1_227' title='bbox 584 3125 956 3213; x_wconf 78' lang='lat' dir='ltr'><strong>respondeat</strong></span> <span class='ocrx_word' id='word_1_228' title='bbox 979 3177 994 3203; x_wconf 88' lang='lat'>,</span> <span class='ocrx_word' id='word_1_229' title='bbox 1048 3126 1215 3213; x_wconf 89' lang='lat' dir='ltr'><strong>quod</strong></span> <span class='ocrx_word' id='word_1_230' title='bbox 1264 3149 1301 3194; x_wconf 89' lang='lat' dir='ltr'><strong>a</strong></span> <span class='ocrx_word' id='word_1_231' title='bbox 1347 3133 1561 3193; x_wconf 87' lang='lat' dir='ltr'><strong>nostro</strong></span> <span class='ocrx_word' id='word_1_232' title='bbox 1615 3126 1720 3211; x_wconf 86' lang='lat' dir='ltr'><strong>„in</strong></span> <span class='ocrx_word' id='word_1_233' title='bbox 1768 3128 1844 3193; x_wconf 93' lang='lat' dir='ltr'><strong>de</strong></span> <span class='ocrx_word' id='word_1_234' title='bbox 1897 3129 2149 3207; x_wconf 86' lang='lat' dir='ltr'><strong>wereld‚</strong></span> <span class='ocrx_word' id='word_1_235' title='bbox 2199 3134 2295 3195; x_wconf 89' lang='lat' dir='ltr'><strong>ter</strong></span> <span class='ocrx_word' id='word_1_236' title='bbox 2343 3129 2611 3196; x_wconf 83' lang='lat' dir='ltr'><strong>wereld&#39;’</strong></span> 
     </span>
    </p>
   </div>
   <div class='ocr_carea' id='block_1_3' title="bbox 236 3226 2610 3405">
    <p class='ocr_par' dir='ltr' id='par_1_9' title="bbox 236 3226 2610 3405">
     <span class='ocr_line' id='line_1_28' title="bbox 236 3226 2610 3319; baseline 0.005 -28"><span class='ocrx_word' id='word_1_237' title='bbox 236 3226 347 3295; x_wconf 82' lang='lat' dir='ltr'><strong>fere</strong></span> <span class='ocrx_word' id='word_1_238' title='bbox 402 3254 531 3300; x_wconf 92' lang='lat' dir='ltr'><strong>non</strong></span> <span class='ocrx_word' id='word_1_239' title='bbox 595 3234 929 3319; x_wconf 87' lang='lat' dir='ltr'><strong>discrepat.</strong></span> <span class='ocrx_word' id='word_1_240' title='bbox 1027 3233 1210 3315; x_wconf 80' lang='lat' dir='ltr'><strong>Quod</strong></span> <span class='ocrx_word' id='word_1_241' title='bbox 1271 3238 1327 3299; x_wconf 85' lang='lat' dir='ltr'><strong>si</strong></span> <span class='ocrx_word' id='word_1_242' title='bbox 1388 3254 1614 3301; x_wconf 84' lang='lat' dir='ltr'><strong>verum</strong></span> <span class='ocrx_word' id='word_1_243' title='bbox 1680 3240 1810 3319; x_wconf 86' lang='lat' dir='ltr'><strong>est,</strong></span> <span class='ocrx_word' id='word_1_244' title='bbox 1873 3235 2226 3301; x_wconf 85' lang='lat' dir='ltr'><strong>iambicum</strong></span> <span class='ocrx_word' id='word_1_245' title='bbox 2290 3239 2610 3302; x_wconf 87' lang='lat' dir='ltr'><strong>senarium</strong></span> 
     </span>
     <span class='ocr_line' id='line_1_29' title="bbox 240 3339 709 3405; baseline 0.011 -6"><span class='ocrx_word' id='word_1_246' title='bbox 240 3339 709 3405; x_wconf 80' lang='lat' dir='ltr'><strong>restituerimus.</strong></span> 
     </span>
    </p>
   </div>
   <div class='ocr_carea' id='block_1_4' title="bbox 316 3439 812 3531">
    <p class='ocr_par' dir='ltr' id='par_1_10' title="bbox 316 3439 812 3531">
     <span class='ocr_line' id='line_1_30' title="bbox 316 3439 812 3531; baseline 0.004 -21"><span class='ocrx_word' id='word_1_247' title='bbox 316 3439 463 3531; x_wconf 81' lang='lat' dir='ltr'><strong>Cep.</strong></span> <span class='ocrx_word' id='word_1_248' title='bbox 515 3444 695 3512; x_wconf 86' lang='lat' dir='ltr'>XIII.</span> <span class='ocrx_word' id='word_1_249' title='bbox 749 3445 812 3512; x_wconf 80' lang='lat'><strong>2.</strong></span> 
     </span>
    </p>
   </div>
   <div class='ocr_carea' id='block_1_5' title="bbox 242 3547 2612 4496">
    <p class='ocr_par' dir='ltr' id='par_1_11' title="bbox 244 3547 2611 3747">
     <span class='ocr_line' id='line_1_31' title="bbox 316 3547 2611 3644; baseline 0.005 -29"><span class='ocrx_word' id='word_1_250' title='bbox 316 3547 535 3636; x_wconf 85' lang='lat' dir='ltr'><strong>Ipsum</strong></span> <span class='ocrx_word' id='word_1_251' title='bbox 597 3555 772 3619; x_wconf 91' lang='lat' dir='ltr'><strong>enim</strong></span> <span class='ocrx_word' id='word_1_252' title='bbox 835 3556 1077 3619; x_wconf 88' lang='lat' dir='ltr'><strong>tectum</strong></span> <span class='ocrx_word' id='word_1_253' title='bbox 1144 3554 1503 3639; x_wconf 81' lang='lat' dir='ltr'><strong>antiquitus</strong></span> <span class='ocrx_word' id='word_1_254' title='bbox 1563 3555 1988 3620; x_wconf 87' lang='lat' dir='ltr'><strong>constitutum</strong></span> <span class='ocrx_word' id='word_1_255' title='bbox 2031 3553 2176 3640; x_wconf 84' lang='lat' dir='ltr'><strong>plus</strong></span> <span class='ocrx_word' id='word_1_256' title='bbox 2221 3555 2373 3623; x_wconf 84' lang='lat' dir='ltr'><strong>salis</strong></span> <span class='ocrx_word' id='word_1_257' title='bbox 2419 3579 2611 3644; x_wconf 87' lang='lat' dir='ltr'><strong>quam</strong></span> 
     </span>
     <span class='ocr_line' id='line_1_32' title="bbox 244 3658 1993 3747; baseline 0.005 -27"><span class='ocrx_word' id='word_1_258' title='bbox 244 3664 521 3743; x_wconf 79' lang='lat' dir='ltr'><strong>sumptus</strong></span> <span class='ocrx_word' id='word_1_259' title='bbox 566 3658 858 3725; x_wconf 84' lang='lat' dir='ltr'><strong>habebat.</strong></span> <span class='ocrx_word' id='word_1_260' title='bbox 1988 3741 1993 3747; x_wconf 17' lang='lat' dir='ltr'>q</span> 
     </span>
    </p>

    <p class='ocr_par' dir='ltr' id='par_1_12' title="bbox 242 3752 2612 4496">
     <span class='ocr_line' id='line_1_33' title="bbox 319 3752 2607 3857; baseline 0.003 -28"><span class='ocrx_word' id='word_1_261' title='bbox 319 3760 626 3851; x_wconf 85' lang='lat' dir='ltr'><strong>Quicquid</strong></span> <span class='ocrx_word' id='word_1_262' title='bbox 700 3770 902 3852; x_wconf 83' lang='lat' dir='ltr'><strong>agunt</strong></span> <span class='ocrx_word' id='word_1_263' title='bbox 961 3768 1372 3852; x_wconf 86' lang='lat' dir='ltr'><strong>interpretes,</strong></span> <span class='ocrx_word' id='word_1_264' title='bbox 1428 3768 1538 3851; x_wconf 90' lang='lat' dir='ltr'><strong>qui</strong></span> <span class='ocrx_word' id='word_1_265' title='bbox 1605 3787 1739 3832; x_wconf 91' lang='lat' dir='ltr'><strong>rem</strong></span> <span class='ocrx_word' id='word_1_266' title='bbox 1802 3786 1840 3831; x_wconf 82' lang='lat' dir='ltr'><strong>a</strong></span> <span class='ocrx_word' id='word_1_267' title='bbox 1904 3765 2163 3835; x_wconf 82' lang='lat' dir='ltr'><strong>Catullo</strong></span> <span class='ocrx_word' id='word_1_268' title='bbox 2207 3775 2270 3857; x_wconf 87' lang='lat' dir='ltr'><strong>et</strong></span> <span class='ocrx_word' id='word_1_269' title='bbox 2315 3752 2607 3838; x_wconf 78' lang='lat' dir='ltr'><strong>Martiali</strong></span> 
     </span>
     <span class='ocr_line' id='line_1_34' title="bbox 242 3872 2611 3962; baseline 0.005 -32"><span class='ocrx_word' id='word_1_270' title='bbox 242 3876 548 3951; x_wconf 83' lang='lat' dir='ltr'><strong>repetunt,</strong></span> <span class='ocrx_word' id='word_1_271' title='bbox 613 3873 782 3935; x_wconf 88' lang='lat' dir='ltr'><strong>irriti</strong></span> <span class='ocrx_word' id='word_1_272' title='bbox 846 3876 995 3936; x_wconf 84' lang='lat' dir='ltr'><strong>sunt</strong></span> <span class='ocrx_word' id='word_1_273' title='bbox 1059 3880 1354 3938; x_wconf 86' lang='lat' dir='ltr'><strong>conatus:</strong></span> <span class='ocrx_word' id='word_1_274' title='bbox 1407 3873 1510 3937; x_wconf 88' lang='lat' dir='ltr'><strong>hic</strong></span> <span class='ocrx_word' id='word_1_275' title='bbox 1556 3872 1839 3951; x_wconf 70' lang='lat' dir='ltr'><strong>modim,</strong></span> <span class='ocrx_word' id='word_1_276' title='bbox 1885 3895 2013 3940; x_wconf 91' lang='lat' dir='ltr'><strong>non</strong></span> <span class='ocrx_word' id='word_1_277' title='bbox 2061 3877 2406 3961; x_wconf 89' lang='lat' dir='ltr'><strong>interprete</strong></span> <span class='ocrx_word' id='word_1_278' title='bbox 2452 3897 2611 3962; x_wconf 89' lang='lat' dir='ltr'><strong>opus</strong></span> 
     </span>
     <span class='ocr_line' id='line_1_35' title="bbox 244 3975 2608 4064; baseline 0.005 -29"><span class='ocrx_word' id='word_1_279' title='bbox 244 3976 337 4036; x_wconf 79' lang='lat' dir='ltr'><strong>eet.</strong></span> <span class='ocrx_word' id='word_1_280' title='bbox 387 3975 549 4057; x_wconf 83' lang='lat' dir='ltr'><strong>Quid</strong></span> <span class='ocrx_word' id='word_1_281' title='bbox 598 3977 722 4041; x_wconf 84' lang='lat' dir='ltr'><strong>sibi</strong></span> <span class='ocrx_word' id='word_1_282' title='bbox 773 3975 964 4043; x_wconf 88' lang='lat' dir='ltr'><strong>vellet</strong></span> <span class='ocrx_word' id='word_1_283' title='bbox 1013 3981 1283 4064; x_wconf 78' lang='lat' dir='ltr'><strong>scriptor</strong></span> <span class='ocrx_word' id='word_1_284' title='bbox 1324 3979 1566 4063; x_wconf 90' lang='lat' dir='ltr'><strong>optime</strong></span> <span class='ocrx_word' id='word_1_285' title='bbox 1604 3978 1925 4044; x_wconf 82' lang='lat' dir='ltr'><strong>intellexit</strong></span> <span class='ocrx_word' id='word_1_286' title='bbox 1962 3981 2087 4055; x_wconf 85' lang='lat' dir='ltr'><strong>PL,</strong></span> <span class='ocrx_word' id='word_1_287' title='bbox 2125 3981 2233 4046; x_wconf 87' lang='lat' dir='ltr'><strong>sed</strong></span> <span class='ocrx_word' id='word_1_288' title='bbox 2269 4002 2374 4047; x_wconf 91' lang='lat' dir='ltr'><strong>me</strong></span> <span class='ocrx_word' id='word_1_289' title='bbox 2397 3982 2608 4048; x_wconf 89' lang='lat' dir='ltr'><strong>iudice</strong></span> 
     </span>
     <span class='ocr_line' id='line_1_36' title="bbox 248 4083 2605 4176; baseline 0.006 -37"><span class='ocrx_word' id='word_1_290' title='bbox 248 4095 373 4145; x_wconf 88' lang='lat' dir='ltr'><strong>cum</strong></span> <span class='ocrx_word' id='word_1_291' title='bbox 418 4087 485 4149; x_wconf 89' lang='lat' dir='ltr'><strong>in</strong></span> <span class='ocrx_word' id='word_1_292' title='bbox 530 4083 745 4149; x_wconf 87' lang='lat' dir='ltr'><strong>locum</strong></span> <span class='ocrx_word' id='word_1_293' title='bbox 790 4084 973 4161; x_wconf 62' lang='lat' dir='ltr'><strong>salsa,</strong></span> <span class='ocrx_word' id='word_1_294' title='bbox 1022 4084 1211 4169; x_wconf 71' lang='lat' dir='ltr'><strong>spatii</strong></span> <span class='ocrx_word' id='word_1_295' title='bbox 1274 4085 1725 4169; x_wconf 75' lang='lat' dir='ltr'><strong>substitueret,</strong></span> <span class='ocrx_word' id='word_1_296' title='bbox 1790 4107 1925 4151; x_wconf 88' lang='lat' dir='ltr'><strong>rem</strong></span> <span class='ocrx_word' id='word_1_297' title='bbox 1990 4108 2108 4152; x_wconf 87' lang='lat' dir='ltr'><strong>acu</strong></span> <span class='ocrx_word' id='word_1_298' title='bbox 2167 4108 2291 4153; x_wconf 92' lang='lat' dir='ltr'><strong>non</strong></span> <span class='ocrx_word' id='word_1_299' title='bbox 2341 4090 2605 4176; x_wconf 84' lang='lat' dir='ltr'><strong>tetigit,</strong></span> 
     </span>
     <span class='ocr_line' id='line_1_37' title="bbox 248 4190 2611 4279; baseline 0.006 -30"><span class='ocrx_word' id='word_1_300' title='bbox 248 4190 734 4276; x_wconf 80' lang='lat' dir='ltr'><strong>quandoquidem</strong></span> <span class='ocrx_word' id='word_1_301' title='bbox 779 4211 968 4257; x_wconf 87' lang='lat' dir='ltr'><strong>nemo</strong></span> <span class='ocrx_word' id='word_1_302' title='bbox 1016 4191 1202 4257; x_wconf 88' lang='lat' dir='ltr'><strong>facile</strong></span> <span class='ocrx_word' id='word_1_303' title='bbox 1265 4191 1636 4279; x_wconf 81' lang='lat' dir='ltr'><strong>intelleget,</strong></span> <span class='ocrx_word' id='word_1_304' title='bbox 1699 4196 1811 4277; x_wconf 89' lang='lat' dir='ltr'><strong>qui</strong></span> <span class='ocrx_word' id='word_1_305' title='bbox 1873 4194 2116 4259; x_wconf 86' lang='lat' dir='ltr'><strong>factum</strong></span> <span class='ocrx_word' id='word_1_306' title='bbox 2179 4196 2265 4258; x_wconf 90' lang='lat' dir='ltr'><strong>sit</strong></span> <span class='ocrx_word' id='word_1_307' title='bbox 2325 4201 2402 4260; x_wconf 88' lang='lat' dir='ltr'><strong>ut</strong></span> <span class='ocrx_word' id='word_1_308' title='bbox 2456 4196 2611 4262; x_wconf 88' lang='lat' dir='ltr'><strong>haec</strong></span> 
     </span>
     <span class='ocr_line' id='line_1_38' title="bbox 256 4297 2612 4388; baseline 0.005 -32"><span class='ocrx_word' id='word_1_309' title='bbox 256 4297 531 4363; x_wconf 80' lang='lat' dir='ltr'><strong>vocabula</strong></span> <span class='ocrx_word' id='word_1_310' title='bbox 569 4304 1107 4382; x_wconf 85' lang='lat' dir='ltr'><strong>permutarentur.</strong></span> <span class='ocrx_word' id='word_1_311' title='bbox 1201 4297 1466 4365; x_wconf 88' lang='lat' dir='ltr'><strong>Nullius</strong></span> <span class='ocrx_word' id='word_1_312' title='bbox 1511 4301 1760 4386; x_wconf 82' lang='lat' dir='ltr'><strong>negotii</strong></span> <span class='ocrx_word' id='word_1_313' title='bbox 1806 4320 1907 4365; x_wconf 86' lang='lat' dir='ltr'><strong>res</strong></span> <span class='ocrx_word' id='word_1_314' title='bbox 1952 4302 2107 4381; x_wconf 85' lang='lat' dir='ltr'><strong>erit,</strong></span> <span class='ocrx_word' id='word_1_315' title='bbox 2155 4304 2210 4364; x_wconf 89' lang='lat' dir='ltr'><strong>si</strong></span> <span class='ocrx_word' id='word_1_316' title='bbox 2258 4303 2375 4365; x_wconf 72' lang='lat' dir='ltr'><strong>soli</strong></span> <span class='ocrx_word' id='word_1_317' title='bbox 2419 4307 2612 4388; x_wconf 90' lang='lat' dir='ltr'><strong>scrip-</strong></span> 
     </span>
     <span class='ocr_line' id='line_1_39' title="bbox 257 4400 2612 4496; baseline 0.005 -31"><span class='ocrx_word' id='word_1_318' title='bbox 257 4400 372 4465; x_wconf 77' lang='lat' dir='ltr'><strong>turn</strong></span> <span class='ocrx_word' id='word_1_319' title='bbox 459 4406 654 4471; x_wconf 79' lang='lat' dir='ltr'><strong>fuisse</strong></span> <span class='ocrx_word' id='word_1_320' title='bbox 739 4407 1079 4471; x_wconf 79' lang='lat' dir='ltr'><strong>coniecerie</strong></span> <span class='ocrx_word' id='word_1_321' title='bbox 1096 4452 1115 4489; x_wconf 88' lang='lat'>,</span> <span class='ocrx_word' id='word_1_322' title='bbox 1188 4426 1346 4490; x_wconf 87' lang='lat' dir='ltr'><strong>quae</strong></span> <span class='ocrx_word' id='word_1_323' title='bbox 1431 4407 1746 4470; x_wconf 85' lang='lat' dir='ltr'><strong>sententia</strong></span> <span class='ocrx_word' id='word_1_324' title='bbox 1811 4406 2297 4473; x_wconf 84' lang='lat' dir='ltr'><strong>commendatur</strong></span> <span class='ocrx_word' id='word_1_325' title='bbox 2364 4431 2612 4496; x_wconf 88' lang='lat' dir='ltr'><strong>quoque</strong></span> 
     </span>
    </p>
   </div>
   <div class='ocr_carea' id='block_1_6' title="bbox 3109 1137 3115 2068">
    <p class='ocr_par' dir='ltr' id='par_1_13' title="bbox 3109 1137 3115 2068">
     <span class='ocr_line' id='line_1_40' title="bbox 3109 1137 3115 2068; baseline 0 0"><span class='ocrx_word' id='word_1_326' title='bbox 3109 1137 3115 2068; x_wconf 95' lang='lat' dir='ltr'><strong> </strong></span> 
     </span>
    </p>
   </div>
  </div>
 </body>
</html>
