3192 5017
947 306 1033 361 An
1080 306 1304 362 novun
1348 302 1842 363 wnswmrm.
2436 278 2568 359 281

222 502 340 548 esse
392 478 615 550 dixeris
676 506 945 570 eamque
1005 487 1411 552 verissimam
1477 505 1614 551 esse
1675 485 2102 551 autumabam
2119 531 2136 563 ,
2195 484 2393 551 donec
2438 483 2574 549 Mi-

220 587 542 654 chelsenius
586 590 668 655 ad
714 591 1007 656 Marcum
1052 612 1116 677 p.
1161 588 1291 655 103
1329 589 1597 655 meliora
1640 611 1745 656 me
1782 590 2034 668 docuit;
2077 590 2362 677 digitum
2402 591 2575 655 enim

220 694 467 759 intendit
510 698 575 759 in
624 695 1006 781 parallelum
1054 695 1267 762 locum
1286 742 1302 772 ‚
1351 716 1542 780 quem
1591 716 1743 762 casu
1790 697 2070 762 conferre
2129 695 2536 781 neglexeram
2558 744 2576 778 ‚

220 797 433 865 Matth.
486 799 588 866 13.
641 800 763 866 58:
811 801 916 864 καὶ
964 804 1070 866 ούκ
1117 803 1396 872 ἐποίησεν
1444 802 1577 866 ἐκεῖ
1620 800 1908 878 δυνάμεις
1955 802 2198 873 πολλὰς
2248 800 2387 866 διὰ
2436 802 2578 874 τὴν

223 907 457 973 ἅτις-ίαν
513 909 737 972 αὐτῶν.
830 906 1012 986 Quod
1057 928 1225 972 nunc
1270 904 1456 972 facile
1502 914 1764 993 apparet
1782 956 1798 986 ,
1846 906 2050 972 Marci
2093 905 2273 973 locus
2321 905 2579 971 aliunde

220 1012 609 1097 interpolatus
672 1012 800 1077 fuit
859 1033 1063 1096 neque
1123 1011 1287 1077 illud
1351 1012 1452 1077 δια
1475 1060 1491 1089 ,
1558 1013 1726 1098 quod
1788 1034 1823 1078 e
1871 1016 2138 1098 pristina
2186 1019 2252 1077 et
2297 1013 2581 1099 genuina

222 1119 549 1184 recensione
594 1125 905 1203 superest.
957 1118 1103 1183 sede
1149 1139 1265 1183 sua
1310 1119 1782 1184 exturbandum
1830 1125 1944 1184 est.
2019 1119 2240 1204 Neque
2287 1117 2581 1205 Evange-

221 1221 351 1289 lista
368 1271 384 1299 ‚
430 1227 530 1290 uti
573 1225 878 1307 arbitror,
927 1226 1282 1309 scripsisset
1326 1226 1462 1310 ipse
1480 1272 1497 1301 ‚
1548 1226 1826 1288 miratum
1872 1226 2069 1290 fuisse
2113 1223 2337 1290 Jesum
2379 1223 2580 1288 obsti-

219 1336 421 1394 natum
467 1330 712 1396 civium
751 1334 1076 1407 animum,
1120 1330 1310 1400 αύτὸς
1348 1332 1478 1410 γὰρ
1518 1331 1811 1409 ἐγίνωσκε
1851 1332 1917 1396 τί
1955 1326 2022 1406 ἦν
2062 1330 2125 1394 ἐν
2162 1332 2249 1410 τῷ
2274 1328 2580 1410 α’νθρώπφ.

299 1542 475 1610 XIV.
522 1543 692 1610 Mire
737 1543 1095 1621 βαπτισμοὶ
1145 1546 1436 1624 ποτηρίων
1475 1544 1779 1609 dicuntur
1816 1544 2020 1610 Marc.
2064 1542 2122 1610 ’7.
2155 1545 2227 1607 4:
2272 1544 2376 1609 καὶ
2404 1540 2580 1608 ἄλλα

223 1649 415 1714 πολλά
479 1651 601 1718 ἑςιν
673 1643 717 1714 ἃ
789 1651 1148 1729 παρέλαβον
1211 1657 1455 1728 κρατεῖν
1518 1651 2058 1728 βαπτισμοὺς
2123 1651 2417 1730 ποτηρίων
2475 1649 2581 1714 καὶ

219 1752 389 1828 ξεςῶν
453 1757 556 1821 καὶ
626 1759 930 1835 χαλκίων.
1026 1753 1150 1821 Sed
1216 1755 1436 1822 eodem
1501 1756 1816 1821 versiculo
1877 1755 2046 1841 quod
2092 1755 2291 1842 vulgo
2338 1755 2581 1821 editur:

221 1859 315 1924 ἐὰν
379 1865 463 1939 μὴ
532 1860 1008 1940 βαπτίσωνται,
1078 1861 1530 1926 Micheleenius
1591 1865 1834 1947 optime
1893 1862 2214 1925 intellexit
2268 1865 2585 1946 praestare

222 1967 374 2049 quod
430 1970 497 2031 in
543 1964 697 2033 cod.
746 1965 959 2032 Vatic.
1008 1973 1074 2033 et
1119 1966 1345 2031 Sinait.
1392 1971 1521 2044 est,
1571 1968 1972 2047 ῥαντίσωνται
2020 1972 2085 2031 et
2129 1965 2585 2052 Bakhuyzenio

221 2091 403 2156 quum
464 2073 540 2139 de
599 2093 674 2138 ea
736 2093 804 2137 re
866 2072 1106 2137 diceret
1160 2094 1222 2158 p.
1279 2070 1429 2148 148,
1479 2072 1752 2137 humani
1798 2071 2045 2156 aliquid
2090 2070 2340 2137 accidit.
2435 2068 2473 2134 J
2478 2090 2585 2135 am

223 2181 361 2272 guia
421 2184 666 2244 constat
732 2180 992 2244 confusa
1052 2199 1186 2244 esee
1244 2177 1441 2242 verba
1498 2176 1959 2254 βασι-τίσασθαι
2020 2182 2086 2242 et
2131 2173 2549 2257 ῥαντίσασθαι
2568 2221 2585 2253 ,

224 2286 426 2348 eadem
497 2288 695 2349 etiam
763 2287 1099 2349 nominum
1171 2283 1454 2348 confusio
1513 2302 1650 2348 esse
1708 2285 1920 2368 potuit
1980 2287 2046 2346 et
2102 2284 2311 2347 multo
2358 2281 2586 2347 malim

223 2389 707 2466 ῥαντισμοὺς
756 2391 1050 2469 ποτηρίων
1096 2386 1417 2473 appellare
1464 2407 1660 2471 quam
1705 2387 2267 2467 βαπτισμούς.

302 2602 443 2670 XV.
504 2605 755 2671 Iterum
817 2603 981 2670 mihi
1042 2602 1384 2678 dicendum
1440 2610 1536 2671 est
1597 2602 1677 2671 de
1739 2604 2123 2672 correctione
2170 2622 2365 2692 quam
2417 2622 2590 2673 com·

227 2711 500 2779 mendavi
546 2715 615 2776 in
661 2711 908 2776 Mnem.
954 2710 1142 2776 XVII
1187 2733 1249 2797 p.
1297 2711 1405 2776 95.
1456 2711 1646 2797 Apud
1696 2712 1994 2778 Marcum
2045 2711 2107 2778 ’7.
2160 2712 2243 2777 19
2292 2716 2386 2777 ita
2430 2713 2591 2800 legi-

227 2820 349 2881 tur:
406 2821 534 2882 πᾶν
596 2818 668 2882 τὸ
732 2815 957 2892 ἔξωθεν
1018 2817 1510 2898 εἰσπορευόμενον
1560 2818 1648 2888 εἷς
1696 2820 1801 2882 τὸν
1847 2815 2169 2898 ἄνθρωπον
2214 2820 2283 2883 ού
2330 2818 2589 2884 δύναται

232 2922 395 2988 αὐτὸν
448 2930 761 3000 κοινῶσαι,
804 2921 914 2987 ὅτι
977 2926 1085 2989 ούκ
1130 2926 1551 3005 εἰσπορεύεται
1603 2927 1795 2989 αὐτοῦ
1841 2926 1932 2996 εἰς
1980 2928 2092 2997 τὴν
2135 2924 2392 3005 καρδίαν
2440 2926 2591 2990 ἀλλ’

231 3028 303 3099 εἰς
358 3033 461 3105 τὴν
524 3030 803 3106 κοιλίαν,
871 3030 976 3094 καὶ
1027 3031 1112 3102 εἷς
1160 3034 1264 3096 τὸν
1311 3029 1639 3110 ἀφεδρῶνα
1688 3032 2084 3109 ἐκπορεύεται
2135 3030 2592 3111 καθαρίζων

230 3134 422 3199 πάντα
482 3138 569 3201 τὰ
627 3136 963 3214 βρώματα.
1057 3136 1157 3201 De
1219 3156 1293 3201 eo
1352 3134 1490 3200 loco
1538 3142 1683 3200 tum
1732 3136 1823 3200 sic
1870 3136 2228 3220 disputavi:
2282 3136 2594 3214 „Partici-

229 3241 389 3323 pium
434 3242 603 3308 illud
650 3241 983 3322 καθαρίζων
1032 3261 1157 3307 non
1203 3242 1398 3307 habet
1443 3261 1569 3325 quo
1619 3241 1928 3307 referatur
1971 3244 2189 3326 itaque
2235 3247 2593 3307 correctum

230 3344 334 3411 fuit
386 3354 460 3413 ut
517 3354 683 3413 esset
744 3347 1065 3427 καθαρίζον
1133 3347 1239 3413 vel
1288 3346 1642 3428 καθαρίζει,
1697 3347 1807 3412 sed
1856 3347 2283 3413 vetustissimi
2329 3346 2595 3413 Codices

230 3456 567 3539 conspirant
613 3457 681 3518 in
730 3453 1081 3533 καθαρίζων.
1132 3452 1306 3518 Illud
1354 3460 1523 3520 certe
1560 3458 1857 3538 apparet,
1897 3457 2114 3517 πάντα
2157 3454 2242 3518 τα
2280 3456 2595 3535 βρώματα

229 3560 719 3647 conjungendum
765 3579 898 3624 esse
945 3580 1093 3625 cum
1133 3560 1327 3625 verbo
1367 3560 1806 3637 ἐκπορεύεται,
1851 3559 1957 3624 cui
1994 3580 2107 3643 pro
2147 3560 2435 3626 subiecto
2479 3568 2595 3626 est.

228 3662 435 3751 Veram
485 3668 869 3751 scripturam
919 3671 992 3731 ut
1038 3667 1496 3752 investigarem
1518 3712 1535 3742 ‚
1585 3669 1686 3731 sic
1727 3686 1980 3731 mecum
2027 3668 2155 3754 egi.
2250 3665 2323 3733 Si
2370 3667 2598 3734 lacuna

228 3779 371 3837 esset
414 3773 481 3837 in
530 3770 761 3838 Codice
806 3777 872 3836 et
918 3771 1272 3858 legeretur:
1325 3773 1412 3844 εἷς
1460 3772 1563 3836 τὸν
1612 3770 1937 3851 ἀφεδρῶνα
1979 3772 2371 3852 ἐκπορεύεται
2400 3818 2595 3838 .....

227 3877 421 3942 πάντα
482 3880 569 3942 τα
626 3878 941 3957 βρώματα
958 3925 976 3961 ,
1040 3877 1343 3961 quidnam
1409 3874 1893 3962 suppleremus?
1938 3874 2219 3943 Unicum
2265 3891 2363 3944 est
2407 3899 2596 3944 voca-

228 3981 463 4061 bulum,
519 3983 688 4068 quod
733 3986 889 4048 satis
938 3983 1095 4047 bene
1141 3985 1439 4049 convenit
1457 4032 1476 4067 ,
1522 4004 1756 4068 nempe
1792 3984 1997 4068 foras.
2046 3982 2375 4061 Quomodo
2421 3984 2596 4050 idem

232 4083 446 4157 Groece
492 4087 769 4154 dicitur?
819 4087 1083 4168 Θύραζε,
1140 4087 1421 4173 opinor.”
1468 4087 1572 4154 Ad
1622 4109 1763 4154 eam
1806 4087 2232 4154 coniecturam
2277 4089 2599 4155 stabilien-

233 4190 359 4258 dam
438 4216 606 4260 nunc
671 4194 853 4260 lubet
921 4195 1080 4260 duos
1148 4194 1320 4260 locos
1390 4194 1657 4277 addere,
1726 4193 1791 4258 in
1865 4212 2021 4277 quos
2089 4200 2308 4278 postea
2375 4196 2596 4262 incidi.

232 4297 467 4367 Primus
528 4309 624 4367 est
687 4300 854 4386 apud
916 4299 1252 4366 Timaeum
1294 4299 1595 4393 'Locrum
1664 4301 1775 4384 qui
1821 4320 1887 4384 p.
1943 4297 2070 4365 102
2095 4302 2154 4364 A
2198 4302 2292 4365 ita
2337 4302 2595 4369 scribit:

233 4405 311 4487 ῥεῖ
356 4409 481 4492 γὰρ
547 4407 649 4473 διὰ
708 4412 815 4472 τοῦ
883 4410 1169 4487 σώματος
1234 4405 1452 4487 θύραζε
1511 4406 1597 4472 τὰ
1661 4407 1998 4486 πνεύματα
2019 4454 2036 4482 ,
2093 4426 2245 4473 nam
2292 4409 2460 4495 quod
2504 4410 2602 4481 ibi
