3192 5017
1156 277 1660 329 Amsropmns.
2472 257 2604 326 365

219 453 387 519 Dum
461 451 760 518 describit
822 450 1212 537 Strepsiades
1273 469 1464 535 quam
1528 471 1789 517 suavem
1856 449 2012 517 olim
2062 451 2267 515 vitam
2316 449 2605 533 duxerit,

220 557 384 625 nihil
440 560 671 625 attinet
716 556 895 623 illius
944 559 1161 624 suavis
1206 559 1378 623 vitae
1425 558 1788 642 praedicare
1834 559 2243 623 suavitatem.
2288 557 2390 622 An
2439 552 2528 630 ἤσ
2547 580 2612 620 υ-

219 687 269 746 χ
288 688 315 729 ο
336 690 366 738 ς
414 662 615 730 latet?

274 876 491 953 ,Idem
544 879 757 966 pergit
805 898 894 945 vs.
949 877 1036 943 50
1083 880 1176 943 ita
1223 876 1457 942 dicere:

581 982 816 1058 ταύτην
864 982 955 1050 ὅτ’
1006 983 1323 1069 ἐγάμουν,
1371 981 1954 1062 συγκατεκλινόμην
2000 985 2122 1063 ἐγώ

579 1089 724 1172 ὄζων
770 1089 1027 1171 τρυγός,
1078 1094 1378 1175 τρασιᾶς,
1429 1089 1645 1169 ἐρίων
1692 1090 2189 1169 περιουσίας.

224 1194 559 1271 Quomodo
631 1199 774 1283 quis
841 1201 1052 1283 potest
1120 1194 1273 1277 ὄζειν
1342 1194 1504 1276 ἐρίων
1566 1192 1957 1275 περιουσίαςῗ
2026 1194 2400 1282 Suspicatus
2462 1217 2607 1262 sum

221 1302 667 1390 corrigendum
738 1323 871 1369 esse
938 1303 1274 1383 ἔριουργίας
1347 1321 1549 1387 neque
1611 1321 1686 1366 ea
1746 1303 2021 1368 mutatio
2089 1302 2353 1368 fortasse
2411 1304 2608 1369 nimis

222 1407 502 1475 violenta
564 1414 694 1486 est:
755 1407 864 1474 sed
929 1407 1048 1473 hoc
1095 1410 1151 1473 si
1197 1407 1611 1493 probabimus
1632 1456 1650 1491 ‚
1700 1407 1864 1488 ἐρίων
1911 1428 2162 1475 servare
2207 1428 2329 1474 non
2370 1411 2607 1494 poteri·

222 1534 385 1578 mus.
436 1513 627 1580 Forte
672 1513 893 1579 Photii
936 1513 1301 1580 recordatus
1347 1534 1525 1590 sum,
1578 1516 1691 1598 qui
1740 1516 1833 1579 ita
1879 1515 2137 1580 scribit:
2188 1513 2494 1590 Ἀθηναῖοι
2544 1514 2608 1580 δὲ

220 1619 321 1684 καὶ
371 1623 492 1686 τῶν
539 1617 747 1686 ἄλλων
796 1619 1106 1695 Ἐλλήνων
1152 1620 1304 1692 τινὲς
1355 1620 1690 1698 ὀρύγματα
1741 1619 1857 1684 ὑπὸ
1906 1627 2024 1699 γῆν
2071 1625 2379 1694 ποιοῦντες
2445 1622 2611 1702 εὔρυ-

217 1736 387 1809 χωρῆ
435 1727 542 1793 καὶ
593 1726 920 1807 myram
967 1727 1070 1792 καὶ
1120 1725 1484 1807 τετράγωνα
1531 1725 1637 1791 καὶ
1680 1728 1988 1799 κονιῶντες
2029 1727 2237 1806 αὐτα,
2278 1724 2426 1793 οἶνον
2467 1727 2614 1794 ὑπο·

221 1833 512 1916 δέχονται
600 1833 704 1897 καὶ
780 1831 985 1898 ἔλαιον
1054 1834 1139 1906 εἷς
1211 1831 1415 1897 αὐτοὶ·
1492 1837 1705 1897 ταῦτα
1776 1833 1880 1898 καὶ
1952 1832 2220 1906 λάκκους
2290 1839 2611 1900 καλοῦσιν.

221 1938 434 2006 Etiam
510 1940 667 2020 σιρὸν
730 1938 1049 2025 appellant
1097 1939 1432 2015 ἐπιτήδειον
1478 1940 1744 2016 ἀγγεῖον
1790 1939 1873 2010 εἷς
1923 1936 2213 2004 ἀπόθεσιν
2261 1946 2458 2020 πυρῶν
2506 1940 2611 2005 καὶ

223 2052 334 2110 τῶν
404 2043 620 2110 ἄλλων
692 2045 981 2126 ὀσπρίων,
1055 2044 1276 2132 Etym.
1343 2043 1434 2110 M.
1505 2064 1569 2129 p.
1640 2043 1772 2112 714
1833 2043 1944 2121 21,
1992 2051 2057 2111 et
2103 2044 2201 2110 illi
2250 2045 2499 2112 scrobes
2545 2047 2613 2112 in

222 2150 497 2220 Thracia
556 2153 963 2238 potissimum
1030 2152 1519 2218 inveniebantur
1537 2200 1554 2227 ,
1621 2151 1789 2237 quod
1835 2150 2291 2218 Demosthenes
2337 2150 2617 2217 ostendit

222 2278 281 2343 p.
329 2257 466 2324 100
522 2264 587 2324 et
631 2257 886 2324 Plinius
931 2255 1260 2323 confirmat
1313 2253 1418 2322 18.
1469 2254 1592 2321 30.-
1640 2256 1823 2322 credo
1868 2261 2124 2342 propter
2170 2256 2330 2323 coeli
2378 2258 2616 2323 intem-

222 2366 488 2449 periem.
538 2362 708 2445 Quid
754 2369 971 2430 autem
1020 2365 1076 2429 si
1122 2365 1401 2429 rusticus
1447 2363 1858 2429 describitur:

589 2470 737 2552 ὄζων
785 2467 1043 2549 τρυγός,
1093 2472 1386 2554 τρασιᾶς,
1437 2475 1702 2550 σιρῶν,
1754 2470 2239 2551 ἑριουργίας.

229 2574 371 2642 Scio
419 2575 683 2661 quidem
732 2596 865 2642 esse
912 2574 1196 2660 aliquam
1245 2575 1713 2640 dubitationem
1761 2577 1926 2641 circa
1966 2578 2391 2661 quantitatem
2432 2597 2620 2662 paen·

230 2682 498 2749 ultimae
543 2681 864 2769 syllabae,
912 2681 1019 2747 sed
1068 2681 1406 2767 Euripides
1453 2686 1622 2746 certe
1668 2683 1736 2745 in
1783 2680 2021 2746 Phrixo
2068 2683 2358 2768 scripsit:

769 2786 1012 2870 χρῄζων
1058 2785 1296 2862 ἀνοῖξαι
1344 2786 1457 2863 μὲν
1503 2785 1697 2865 σιροὺς
1745 2787 1853 2851 οὐκ
1900 2784 2119 2864 ἠξίουν.

232 2892 469 2961 Scribit
538 2890 899 2960 Columella
970 2891 1075 2957 12.
1134 2889 1246 2957 18:
1324 2890 1485 2957 cella
1551 2892 1735 2956 bonis
1800 2891 2097 2958 odoribus
2158 2893 2499 2970 suffienda,
2548 2917 2624 2959 ne

230 3023 391 3085 quem
467 3000 734 3064 redoleat
792 3000 1105 3086 foetorem.
1201 2997 1324 3063 Sed
1385 2997 1685 3083 putidum
1753 3003 1849 3063 est
1914 3001 1981 3063 in
2045 2998 2160 3065 tali
2209 3020 2277 3065 re
2328 3006 2621 3066 veterum

236 3107 622 3172 testimoniis
682 3107 780 3169 uti
844 3111 908 3170 et
977 3102 1332 3170 cavendum
1382 3110 1478 3169 est
1526 3125 1605 3169 ne
1652 3106 1986 3169 imitemur
2031 3104 2399 3191 exemplum
2447 3104 2622 3172 ludi-

238 3215 535 3300 magistri
603 3210 782 3277 illius
850 3209 1163 3296 Hispani,
1231 3211 1377 3295 qui,
1443 3230 1591 3276 nam
1657 3215 1806 3275 nota
1867 3210 2085 3276 fabula
2144 3216 2277 3295 est,
2328 3213 2511 3277 docte
2559 3217 2625 3277 et

240 3338 385 3383 cum
449 3338 600 3384 cura
661 3316 1153 3392 demonstravit,
1219 3335 1448 3400 pueros
1494 3314 1660 3401 apud
1710 3316 2132 3382 Athenienses
2177 3316 2422 3403 plorare
2470 3318 2624 3384 soli·

241 3429 333 3489 tos
379 3425 603 3501 fuisse,
652 3444 847 3508 quum
899 3421 1293 3508 vapularent.

326 3530 626 3597 Ceterum
717 3534 865 3595 sunt
950 3527 1209 3614 quidam
1294 3529 1697 3614 interpretes,
1771 3530 1839 3593 in
1910 3531 2141 3614 quibus
2212 3535 2391 3596 tanta
2459 3531 2626 3597 inest

238 3636 543 3711 λεπτότης
617 3643 734 3701 τῶν
817 3641 1082 3719 φρενῶν,
1165 3639 1240 3698 ut
1312 3636 1468 3698 satis
1534 3634 1839 3699 admirari
1907 3656 2030 3701 non
2099 3637 2355 3721 possim.
2454 3637 2626 3703 Audi

240 3743 415 3808 verbi
499 3761 687 3808 causa
771 3741 938 3827 quod
1023 3760 1227 3827 genus
1309 3740 1624 3804 acuminis
1698 3760 1821 3805 non
1899 3741 2054 3806 olim
2122 3741 2233 3807 sed
2301 3741 2489 3808 hodie
2557 3745 2625 3807 in

241 3845 471 3914 honore
538 3850 643 3913 sit.
740 3849 896 3912 Man
945 3847 1179 3911 beachte
1224 3845 1294 3910 in
1354 3845 1425 3910 V.
1477 3844 1557 3911 51
1610 3847 1740 3910 und
1786 3845 1870 3911 52
1925 3885 2005 3896 —
2058 3848 2290 3931 quibus
2337 3849 2627 3914 versibus

243 3972 425 4020 senex
487 3955 702 4019 uxoris
763 3973 972 4018 mores
1036 3953 1328 4040 depingit
1393 3988 1479 4001 ——
1545 3957 1651 4016 dae
1725 3951 1784 4016 V
1774 3954 2154 4017 orbern-echon
2210 3954 2319 4017 der
2376 3954 2628 4018 weichen

255 4055 696 4138 Cmuonanten,
762 4060 1020 4140 daqeqen
1084 4064 1149 4122 in
1216 4059 1299 4121 50
1347 4059 1458 4120 dae
1503 4058 1612 4121 dee
1652 4055 1729 4122 P.
1778 4058 1865 4121 Es
1907 4059 2027 4122 soll
2068 4059 2222 4123 auch
2266 4063 2346 4122 im
2391 4059 2630 4142 Klanqe

246 4165 349 4228 der
400 4165 479 4231 W
469 4173 593 4230 orte
639 4166 736 4229 die
784 4164 1048 4228 Raulteil
1095 4165 1197 4228 dee
1242 4163 1617 4227 Landlebens
1653 4164 1783 4225 und
1817 4163 1917 4227 die
1952 4163 2008 4226 V
2002 4164 2490 4247 erweiehlichunq
2520 4167 2629 4230 der

238 4270 448 4353 feinen
496 4271 798 4335 stedterin
850 4269 1185 4334 hemerkbar
1233 4269 1484 4332 werden.
1579 4265 1952 4355 Ingeniosel
1998 4269 2186 4335 Nunc
2230 4268 2477 4355 placere
2524 4272 2630 4339 de-

251 4374 419 4442 bebit
479 4378 791 4462 scriptura
849 4396 1043 4460 quam
1103 4373 1577 4451 commendavi,
1629 4394 1780 4440 nam
1830 4377 2100 4459 quatuor
2146 4381 2324 4442 erant
2369 4379 2630 4444 caninae
