3192 5017
524 280 653 351 426
1591 299 1826 351 mvms.

524 496 801 545 ΤΙΜΕΒΕΤ
847 476 1087 565 posse.''
1149 474 1273 555 Qui
1320 475 1440 540 boc
1486 475 1822 541 censebant
1867 474 2095 540 Perseo
2140 476 2664 563 gratificabantur
2706 501 2896 565 quem

523 587 617 651 ita
662 585 829 650 velle
872 583 1058 649 facile
1105 580 1572 668 intelligebant.
1666 581 1936 646 Perseus
1984 584 2190 670 igitur
2235 589 2299 650 et
2343 603 2622 651 muman*
2658 585 2896 650 Roma-

520 712 634 757 nos
694 696 757 756 et
816 690 1128 755 sentiebat
1185 687 1237 752 si
1286 687 1527 752 bellum
1578 694 1929 773 capesseret
1977 695 2041 753 et
2088 698 2165 754 aa
2212 711 2404 779 reg-no
2452 697 2516 756 et
2562 691 2638 756 de
2683 693 2892 775 capite

524 820 590 864 se
632 797 1108 863 dimicaturum.
1172 806 1472 873 „ceterum
1520 795 1716 859 multo
1762 797 1967 860 maior
2002 820 2163 884 pars
2198 798 2527 883 ferocioris
2570 798 2891 861 sententiae

520 905 696 972 erat’'
789 902 1124 969 Servantes
1182 903 1475 985 antiquos
1521 902 1698 982 regni
1745 900 2132 966 nobilissimi
2180 908 2246 967 et
2292 904 2718 988 potentissimi
2764 904 2898 966 ani-

516 1032 655 1077 mos
716 1010 1052 1076 censebant
1118 1010 1354 1085 ‚„,dum
1416 1010 1689 1091 inteyrae
1751 1029 1847 1071 res
1909 1009 2035 1073 sint
2095 1008 2324 1094 (semel)
2397 1023 2660 1074 statuere
2727 1009 2904 1094 apud

517 1121 796 1184 animum
857 1140 1037 1181 suum
1100 1115 1333 1179 Persea
1388 1115 1594 1177 debere
1652 1127 1867 1178 utrum
1926 1115 2168 1199 singula
2216 1118 2584 1181 concedendo
2629 1117 2900 1178 nudatus

517 1229 601 1290 ad
638 1236 977 1289 extremum
1018 1223 1233 1309 opibus
1275 1222 1658 1306 extorrisque
1697 1243 1879 1305 reyno
1905 1220 2403 1287 Samothraciam
2427 1223 2689 1287 aliamve
2713 1243 2902 1306 quam

518 1332 787 1397 insulam
842 1340 1047 1416 petere
1108 1327 1184 1390 ab
1249 1326 1556 1391 Romanis
1619 1326 1725 1390 ubi
1789 1327 2113 1413 [privatus
2160 1326 2319 1411 del.]
2368 1339 2675 1416 superstes
2718 1347 2899 1410 reyno

515 1461 625 1503 suo
672 1440 737 1501 in
783 1447 1085 1500 contemtu
1133 1445 1315 1518 atque
1359 1434 1571 1519 inopia
1620 1445 2026 1510 consenescat,
2075 1433 2288 1510 malit,
2331 1458 2412 1498 an
2450 1446 2735 1498 armatus
2771 1434 2900 1495 vin·

519 1547 635 1609 dex
671 1544 975 1630 fortunae
1020 1540 1458 1625 diynitatisque
1510 1560 1653 1602 suae
1699 1551 1768 1602 ut
1815 1540 1947 1602 viro
1985 1538 2158 1623 forti
2203 1542 2459 1625 diynum
2497 1543 2581 1604 sit
2608 1543 2906 1627 patiatur

519 1654 938 1739 quodcumque
996 1670 1170 1711 casas
1216 1646 1355 1710 belli
1402 1645 1678 1709 tulerit.”
1772 1645 1871 1709 Ad
1920 1645 2081 1710 hanc
2129 1666 2500 1732 generosam
2551 1646 2902 1711 orationem

516 1759 784 1823 Perseus
852 1755 1134 1839 deposito
1198 1753 1426 1816 timore
1486 1748 1758 1815 incaluit
1805 1755 1869 1816 et
1920 1774 2244 1836 „yet-amus
2290 1776 2465 1838 erqo,
2516 1754 2756 1839 inquit,
2804 1754 2904 1815 dis

520 1867 660 1930 bene
731 1862 1113 1937 iuvantibus,
1187 1860 1434 1945 quando
1504 1860 1596 1921 ita
1657 1859 1930 1933 videtur,
1994 1859 2279 1923 bellum·”
2374 1858 2563 1924 Nunc
2635 1858 2902 1923 demum

520 1973 684 2036 serio
753 1970 830 2034 de
885 1966 1053 2033 bello
1113 1965 1386 2052 gerendo
1449 1966 1731 2050 cogitare
1795 1967 2001 2049 coepit
2065 1966 2240 2031 omni
2303 1986 2414 2051 spe
2461 1966 2634 2050 pacis
2681 1966 2902 2029 recisa.

519 2077 611 2142 Eo
674 2077 888 2141 animo
946 2075 1153 2160 igitur
1202 2072 1594 2148 „cohortatus
1642 2083 1729 2134 est
1775 2071 1998 2136 milites
2045 2075 2130 2135 ad
2173 2073 2433 2137 bellum.-
2480 2074 2747 2136 iniurias
2786 2093 2902 2157 po·

516 2183 661 2271 puli
716 2181 995 2245 Romani
1053 2181 1118 2243 in
1157 2190 1408 2265 patrem
1456 2198 1631 2262 seque
1676 2180 2169 2242 commemoravit
2221 2215 2301 2225 —-
2339 2178 2568 2264 fallaci
2606 2176 2904 2262 colloquio

512 2312 632 2378 per
693 2288 945 2374 speciem
999 2285 1472 2349 reconciliandae
1510 2286 1689 2369 pacis
1730 2295 2070 2347 extractam
2118 2285 2370 2348 hiemem
2419 2296 2488 2347 ut
2537 2297 2775 2369 tempus
2820 2284 2910 2346 ad

524 2394 1012 2482 comparandum
1073 2390 1373 2454 haberent.
1428 2425 1510 2437 -
1562 2412 1699 2453 cum
1750 2401 1935 2476 patre
1995 2413 2103 2454 suo
2155 2403 2424 2475 gerentes
2476 2389 2697 2453 bellum
2766 2387 2905 2452 Ro-

520 2525 735 2566 manos
805 2498 1140 2586 speciosum
1211 2492 1502 2560 Graeciae
1561 2495 1910 2559 liberandae
1967 2497 2331 2584 praetulisse
2391 2497 2682 2570 titulum,·
2745 2519 2908 2560 nunc

511 2607 852 2697 propalam
898 2604 1327 2667 Macedoniam
1380 2603 1445 2665 in
1492 2605 1841 2665 servitutem
1878 2615 2080 2689 petere
2116 2625 2190 2667 ne
2229 2624 2336 2667 rex
2377 2606 2604 2668 vicinus
2643 2603 2906 2689 imperio

521 2717 601 2779 sit
656 2713 984 2786 Romano,
1030 2731 1103 2773 ne
1144 2730 1291 2793 qens
1337 2707 1485 2772 bello
1530 2708 1749 2771 nobilis
1795 2731 1977 2771 arma
2025 2708 2261 2773 habeat.
2356 2708 2528 2773 Haec
2571 2711 2724 2772 enim
2767 2721 2906 2772 tra-

525 2821 725 2885 denda
785 2816 1061 2905 superbis
1107 2816 1373 2878 dominis
1419 2835 1539 2879 esse
1584 2838 1723 2877 cum
1769 2836 1905 2898 reye
1946 2836 2246 2900 reynoque
2263 2864 2280 2898 ,
2330 2818 2386 2879 si
2419 2815 2719 2879 abstinere
2756 2814 2907 2880 bello

518 2940 576 2992 et
614 2927 825 3012 facere
870 2926 1180 3009 imperata
1226 2919 1474 2984 velint.'’
1567 2919 1837 2984 Perseus
1885 2926 2101 2986 tamen
2147 2921 2421 2986 incensis
2470 2921 2561 2986 sic
2610 2924 2902 2987 omnium

522 3033 755 3112 animis
801 3028 965 3093 nihil
1012 3027 1244 3114 agebat
1297 3030 1363 3090 et
1409 3027 1664 3109 quietus
1711 3025 1778 3089 in
1824 3025 2201 3092 Macedonia
2247 3026 2593 3093 desidebat.
2660 3027 2906 3092 Interea

522 3135 741 3203 consul
809 3133 1137 3199 Romanus
1204 3134 1269 3196 in
1331 3128 1786 3195 Athamaniam
1849 3144 2265 3216 transyressus
2328 3135 2538 3221 asperi
2595 3156 2666 3197 ac
2703 3155 2909 3221 prope

517 3248 669 3310 invii
718 3242 833 3306 soli
876 3264 1012 3305 cum
1059 3240 1293 3323 inqenti
1336 3238 1694 3324 difficultate
1733 3240 1956 3325 parvis
2000 3240 2320 3304 itineribus
2365 3261 2541 3325 aeyre
2587 3236 2907 3326 Gomphos

514 3350 815 3439 pervenit.
920 3344 1037 3410 Cui
1103 3346 1158 3407 si
1222 3346 1453 3408 vexatis
1515 3343 1862 3408 hominibus
1926 3350 2209 3431 equisque
2270 3348 2529 3411 tironem
2574 3348 2903 3410 exercitum

521 3456 763 3543 dne-enti
817 3454 941 3517 acie
1001 3454 1302 3515 instructa
1365 3461 1422 3514 et
1486 3450 1614 3514 loco
1678 3473 1786 3514 suo
1844 3463 1901 3515 et
1949 3463 2220 3539 tempore
2266 3453 2594 3517 obstitisset
2639 3473 2775 3526 rex,
2824 3472 2899 3515 ne

523 3561 801 3627 Romani
868 3559 1112 3644 quidem
1180 3557 1458 3620 abnuunt
1514 3580 1744 3641 mayna
1806 3581 1920 3621 sua
1983 3581 2121 3622 cum
2178 3558 2346 3622 clade
2397 3559 2602 3644 fuisse
2653 3580 2900 3646 puyna-

520 3665 758 3734 turos.”

612 3771 807 3840 Haud
868 3769 957 3834 ita
1018 3766 1226 3832 multo
1286 3773 1427 3851 post
1486 3768 1723 3833 accidit
1784 3774 1857 3833 ut
1902 3769 2168 3836 Perseus
2214 3789 2431 3857 pugna
2476 3772 2754 3854 equestri
2803 3772 2906 3835 in-

524 3885 773 3969 signem
837 3877 914 3941 de
974 3874 1284 3940 Romanis
1348 3876 1685 3940 victoriam
1749 3880 2098 3961 reportaret
2163 3876 2332 3963 (Lair.
2386 3876 2497 3955 42,
2552 3876 2699 3961 59):
2756 3901 2906 3965 „op-

515 4005 785 4078 portune
842 3983 1187 4070 supervenit
1238 3981 1542 4068 phalanx.
1596 4019 1679 4029 —
1730 3982 2094 4048 Fluctuante
2157 4006 2292 4069 reye
2352 3986 2512 4048 inter
2557 4005 2730 4071 spem
2776 4006 2906 4049 me-

527 4108 773 4179 tumque
844 4100 1051 4155 tantae
1120 4089 1210 4152 rei
1274 4090 1582 4153 conandae
1660 4086 1960 4154 Cretensis
2029 4091 2332 4155 Euander
2403 4127 2485 4138 -
2553 4092 2641 4154 ad
2704 4112 2906 4176 reqem

523 4200 791 4266 accurrit
849 4210 905 4262 et
962 4218 1204 4260 monere
1271 4197 1499 4259 institit
1567 4218 1641 4259 ne
1685 4195 1880 4260 elatus
1944 4196 2247 4282 felicitate
2314 4220 2622 4262 summam
2695 4219 2907 4262 rerum

512 4321 743 4385 ,temere
809 4307 875 4369 in
934 4325 1057 4368 non
1122 4303 1522 4367 necessariam
1576 4302 1766 4367 aleam
1827 4305 2025 4368 daret.
2124 4303 2198 4368 Si
2259 4316 2571 4368 contentus
2634 4305 2775 4368 bene
2840 4328 2907 4368 re

521 4427 688 4499 qesta
737 4414 989 4498 quiesset
1035 4431 1100 4474 eo
1147 4409 1246 4472 die
1292 4408 1381 4471 vel
1417 4410 1595 4495 pacis
1646 4408 1928 4473 honestae
1973 4412 2376 4475 conditionem
2418 4411 2776 4475 habiturum
2819 4412 2910 4476 vel
