3192 5017
473 273 606 342 348
969 329 973 334 .
1513 281 1824 344 nms‘ruu

560 463 712 531 Tria
759 464 911 530 baec
956 464 1410 550 Xenophontea
1454 471 1802 551 sequantur
1844 488 2048 552 pauca
2091 488 2168 532 ex
2215 465 2669 533 Demosthenis
2716 485 2855 537 ora-

472 573 681 654 tione,
729 592 889 656 quae
939 571 1072 650 περὶ
1124 577 1231 637 τοῦ
1280 573 1592 652 στεφάνου
1640 574 2044 658 inscribitur,
2094 574 2447 660 desumpta.

562 677 639 741 In
700 678 737 762 ᾗ
787 677 910 742 111
981 678 1162 764 (edit.
1234 677 1707 762 Westermann,
1761 679 1961 762 1874)
2007 700 2304 745 summus
2347 679 2460 745 ille
2504 688 2716 746 orator
2759 706 2857 746 το·

469 783 666 863 σούτςο
710 786 875 868 γάρ,
925 787 1157 869 inquit.
1214 783 1324 848 δέω
1374 784 1583 863 λέγειν
1631 788 1710 855 ὥς
1761 788 1866 850 οὐκ
1914 783 2041 862 εἴμ’
2086 786 2439 863 ὑπεύθυνος,
2488 778 2516 850 ὃ
2558 792 2658 850 νῦν
2685 784 2854 860 οὗτος

472 889 779 969 διέβαλλε
805 891 909 953 καὶ
935 889 1253 970 διωρίζετο,
1273 887 1408 954 ὅσθ’
1434 887 1696 956 ἅπαντα
1722 894 1825 955 τὸν
1850 890 1986 968 βίον
2012 892 2332 963 ὑπεύθυνος
2360 888 2512 957 εἶναι
2546 891 2855 970 ὁμολογῶ.

561 996 736 1077 Quae
773 998 873 1062 vis
912 998 1033 1072 sit,
1076 1004 1220 1081 post
1264 1017 1462 1084 grave
1503 995 1669 1061 illud
1711 996 2050 1075 διέβαλλε,
2089 997 2281 1063 huius
2333 999 2505 1063 verbi
2551 998 2857 1079 διωρίζετο

468 1105 582 1167 vix
628 1106 829 1188 capio.

560 1208 826 1293 Saepius
887 1209 1054 1293 apud
1117 1207 1615 1274 Demosthenem
1681 1209 1955 1273 inveniri
2003 1219 2222 1274 notum
2275 1217 2372 1275 est
2415 1211 2522 1275 sed
2571 1232 2645 1276 ea
2689 1232 2855 1276 sem·

470 1334 580 1398 per
625 1312 1088 1401 significatione
1138 1316 1315 1378 venit
1361 1321 1435 1378 ut
1483 1313 1614 1377 fere
1660 1317 1741 1393 τῷ
1794 1314 2168 1379 Latinorum
2216 1315 2470 1398 definire
2488 1365 2506 1400 ,
2553 1325 2812 1381 statuere
2830 1365 2846 1393 ‚

467 1426 821 1483 constituere
880 1418 1273 1503 respondeat.
1367 1418 1562 1484 Velut
1626 1422 1663 1504 ξ
1725 1419 1859 1484 274
1923 1430 2172 1486 nostrae
2236 1422 2538 1487 orationis
2588 1470 2605 1486 .
2632 1470 2647 1486 .
2676 1471 2691 1485 .
2740 1424 2845 1502 ὁρῶ

468 1530 660 1589 πᾶσιν
725 1524 1046 1603 ἀνθρώποις
1111 1524 1471 1604 διωρισμένα
1536 1532 1640 1589 καὶ
1702 1527 2073 1603 τεταγμένα
2137 1550 2262 1597 πως
2331 1529 2416 1592 τοὶ
2474 1534 2736 1593 τοιαῦτα
2787 1537 2853 1596 et

467 1633 503 1716 ξ
560 1631 693 1696 275
759 1634 794 1706 ἡ
852 1632 1037 1710 Φύσις
1112 1633 1275 1704 αὐτὴ
1349 1679 1365 1696 .
1394 1679 1410 1697 .
1441 1682 1456 1695 .
1527 1631 1804 1710 διώρικεν.
1901 1632 2327 1713 Quamobrem
2399 1654 2624 1718 parum
2698 1634 2852 1700 huic

465 1737 603 1804 loco
660 1744 884 1823 aptum
950 1743 1015 1802 et
1061 1745 1432 1821 corruptum
1480 1758 1559 1802 ex
1608 1736 1917 1816 διωδύρετο
1968 1738 2224 1802 videtur
2269 1739 2441 1822 quod
2463 1785 2479 1816 ‚
2534 1747 2849 1822 quantum

465 1844 632 1909 mihi
693 1844 950 1927 quidem
1001 1845 1277 1908 innotuit
1300 1893 1315 1916 ,
1366 1864 1679 1929 nusquam
1727 1845 1851 1908 nisi
1900 1846 1965 1907 in
2012 1842 2296 1909 eiusdem
2347 1848 2613 1909 oratoris
2658 1844 2849 1910 Nico-

463 1959 699 2016 stratea
768 1958 1093 2015 servatum
1163 1956 1373 2033 extat,
1444 1950 1557 2014 ubi
1621 1950 1657 2033 §
1720 1947 1759 2014 7
1822 1949 2064 2035 legitur
2124 1949 2436 2028 διωδύρετο
2501 1953 2608 2023 τὴν
2657 1952 2850 2015 αὑτοῦ

462 2057 790 2135 συμφοράν
854 2056 959 2119 καὶ
1023 2057 1377 2133 κατηγορῶν
1436 2053 1580 2129 ἅμα
1639 2061 1755 2118 τῶν
1819 2055 2036 2119 ἑαυτοῦ
2096 2056 2323 2119 οἰκείων
2370 2079 2427 2118 κ.
2476 2081 2533 2120 τ.
2584 2072 2641 2121 λ.
2741 2055 2850 2120 Sic

465 2174 562 2228 est
630 2164 699 2226 in
763 2161 1041 2227 Bekkeri
1103 2160 1377 2226 editione
1439 2168 1504 2225 et
1565 2158 1820 2244 culpam
1888 2163 2211 2226 commisit
2273 2159 2636 2226 Dindorfius
2697 2182 2846 2226 cum

461 2268 755 2333 codicum
804 2266 1195 2352 quorundam
1249 2268 1629 2331 auctoritate
1675 2265 1876 2330 fretus
1919 2268 1987 2329 in
2033 2264 2285 2344 ὠδύρετο
2327 2269 2628 2333 mutavit.
2678 2267 2845 2331 Nam

461 2374 637 2439 aliud
687 2380 785 2439 est
831 2373 1160 2455 ὀδύρεσθαι,
1202 2372 1377 2437 aliud
1415 2371 1810 2452 διοδύρεσθαι,
1858 2392 1983 2437 uno
2026 2378 2239 2438 tenore
2277 2376 2413 2439 sive
2454 2376 2849 2439 continenter

458 2480 817 2546 lamentari.
913 2478 1153 2560 Quodsi
1210 2499 1434 2544 verum
1482 2490 1613 2555 est,
1662 2479 1755 2544 id·
1777 2479 1935 2542 dicit
1980 2489 2188 2543 orator
2234 2487 2307 2543 ut
2357 2479 2697 2545 Aeschines
2744 2484 2847 2546 in-

341 2635 344 2638 >
459 2586 703 2651 vidiam
760 2587 884 2651 sibi
931 2587 1212 2651 excitans
1257 2585 1596 2650 lamentari
1641 2605 1762 2649 uon
1813 2584 2091 2650 desierit.

551 2692 964 2758 Incommodo
1023 2690 1188 2756 mihi
1250 2691 1484 2756 accidit
1544 2698 1618 2756 ut
1666 2691 2012 2769 διωρύεσθοιι
2060 2691 2229 2776 apud
2278 2690 2553 2758 Graecos
2599 2696 2666 2758 in
2717 2714 2837 2757 usu

457 2821 583 2866 non
649 2799 880 2876 fuerit,
952 2818 1098 2863 cum
1161 2799 1474 2863 eiusmodi
1539 2798 1805 2862 verbum
1870 2800 1936 2862 in
2000 2797 2167 2862 hunc
2227 2797 2441 2863 locum
2504 2801 2837 2883 aptissime

457 2906 810 2990 quadraret.
906 2903 977 2968 Si
1025 2903 1178 2987 quid
1224 2905 1460 2968 novisti
1507 2907 1745 2968 rectius
1789 2903 1926 2980 his,
1976 2904 2282 2968 candidus
2328 2903 2623 2990 impertil

549 3013 674 3091 Qui
714 3011 954 3076 factum
995 3012 1081 3074 sit
1119 3016 1194 3074 ut
1234 3010 1401 3093 quod
1440 3008 1762 3075 emblema
1799 3011 1926 3093 in§
1957 3008 2075 3073 171
2110 3007 2218 3073 Οι·.
2245 3009 2321 3076 de
2347 3007 2490 3075 Cor.
2519 3013 2845 3076 invenitur

456 3138 676 3184 omnes
737 3116 1007 3182 editores
1065 3114 1283 3180 fallere
1348 3118 1630 3200 potuerit
1675 3114 1969 3199 equidem
2020 3134 2144 3180 non
2192 3114 2521 3203 intellego.
2616 3116 2687 3180 In
2737 3139 2843 3182 ex·

454 3225 661 3290 trema
720 3225 757 3307 ς
809 3221 937 3289 170
996 3219 1362 3286 Dobraeum
1423 3224 1629 3286 secuti
1690 3219 2059 3286 Dindorfius
2119 3229 2183 3286 et
2242 3220 2708 3288 Herwerdenus
2771 3215 2842 3295 ἣν

456 3332 583 3408 γὰρ
610 3367 692 3378 —-
723 3331 1006 3405 ἡγεῖσθαι
1053 3327 1450 3393 sustulerunt
1495 3349 1700 3412 neque
1748 3327 2094 3412 quidquam
2145 3348 2343 3415 sagax
2397 3348 2613 3393 eorum
2661 3351 2844 3394 mens

457 3442 523 3501 in
571 3438 608 3520 ς
658 3434 782 3501 171
834 3435 1091 3500 odorata
1134 3441 1249 3499 est.

550 3540 649 3606 Ibi
712 3545 920 3606 orator
968 3540 1201 3617 καίτοι,
1250 3541 1495 3624 inquit,
1547 3542 1596 3604 εἷ
1647 3541 1761 3616 μὲν
1809 3540 1948 3612 τοὺς
2000 3541 2257 3614 σωθῆναι
2305 3542 2415 3613 τὴν
2464 3540 2641 3605 πόλιν
2685 3541 2843 3620 βου-

456 3647 744 3723 λομένους
806 3645 1131 3724 παρελθεῖν
1195 3646 1311 3711 ἔδει
1380 3647 1612 3718 πάντες
1686 3645 1761 3709 ἂν
1820 3647 1991 3724 ὑμεῖς
2044 3648 2147 3711 καί
2194 3648 2247 3710 οἱ
2296 3644 2480 3712 ἄλλοι
2530 3648 2841 3722 Ἀθηναῖοι

458 3754 846 3822 ἀναστάντες
911 3751 1011 3814 ἐπὶ
1076 3752 1146 3815 τὸ
1200 3753 1361 3830 βῆμ’
1411 3751 1777 3832 ἐβαδίζετε·
1826 3752 2058 3822 πάντες
2108 3753 2234 3830 γάρ
2282 3748 2391 3817 οἶδ’
2440 3751 2531 3818 ὅτι
2580 3758 2840 3827 σωθῆναι

456 3861 651 3934 αὐτὴν
720 3856 1068 3936 ἐβούλεσθε.
1132 3859 1183 3922 εἶ
1251 3858 1313 3922 δὲ
1374 3858 1515 3929 τοὺς
1579 3859 2074 3929 πλουσιωτάτους
2135 3860 2186 3922 οἱ
2250 3859 2610 3937 τριάκοσιοι·
2672 3863 2723 3925 εἰ
2774 3861 2841 3926 δὲ

454 3968 593 4038 τοὺς
665 3964 1001 4043 άμΦότερα
1071 3970 1282 4028 ταῦτα
1352 3965 1484 4047 [καὶ
1557 3965 1762 4035 εὔνους
1824 3974 1900 4046 τῇ
1965 3964 2142 4029 πόλει
2212 3965 2318 4029 καὶ
2382 3968 2734 4050 πλουσίους]
2783 3968 2838 4032 οἱ

453 4075 623 4152 μετά
671 4076 877 4137 ταῦτα
926 4071 1043 4140 τὰς
1098 4069 1400 4148 μεγάλας
1449 4070 1745 4141 ἐπιδόσεις
1794 4068 2096 4143 ἐπιδόντες
2120 4093 2135 4108 ·
2177 4073 2284 4135 καὶ
2325 4072 2453 4150 γάρ
2489 4073 2687 4154 εὐνοίᾳ
2727 4073 2835 4137 καὶ

454 4178 700 4259 πλούτῳ
745 4178 912 4242 τοῦτ’
961 4177 1274 4250 ἐποίησαν.
1321 4175 1587 4242 Uncinis
1634 4176 1882 4243 inclusa
1928 4197 1967 4242 a
2011 4176 2147 4242 ludi
2198 4178 2508 4264 magistro
2557 4178 2835 4262 quodam

451 4285 768 4369 adscripta
813 4283 1009 4349 fuisse
1057 4291 1132 4348 ut
1177 4285 1314 4355 τοὺς
1363 4282 1701 4365 ἀμφότερα
1749 4288 1959 4348 ταῦτα
2009 4288 2559 4368 interpretaretur,
2610 4283 2706 4350 vel
2755 4305 2838 4349 ex

451 4392 556 4459 καὶ
607 4392 733 4474 γάρ
760 4389 838 4454 α.
886 4414 944 4454 τ.
992 4405 1051 4454 λ.
1104 4399 1378 4476 apparet.
