3192 5017
1036 290 1772 344 mmououronoml.
2475 269 2604 338 175

222 464 488 531 scribere
524 462 828 529 debuerat
865 464 927 534 ὃς
962 460 1164 542 Φόβον
1204 461 1366 548 ᾖξεν,
1407 463 1514 531 vel
1550 458 1661 545 ᾖξε
1696 462 1983 543 Φόβονὸε.
2026 461 2125 528 Of.
2152 461 2338 529 Iliad.
2367 473 2410 527 Ρ
2439 459 2599 528 579.

220 569 286 634 N
286 591 356 636 ec
399 569 589 656 longe
635 569 863 633 absum
909 572 1062 654 quin
1111 569 1364 636 credam
1412 576 1702 636 nostrum
1751 589 1969 637 revera
2015 570 2377 654 scripsisse:

446 673 921 755 Πτερνόγλυφον
967 675 1021 741 δ’
1070 674 1285 740 ἐπιδὼν
1334 672 1767 754 Καλαμίνθιος
1816 677 1876 749 ἐς
1925 673 2126 757 Φόβον
2171 671 2375 756 ᾖξεν.

221 781 386 847 Nam
453 780 874 846 Homericum
944 798 1111 859 esse,
1182 780 1393 859 ἄϊξεν,
1458 781 1527 847 id
1586 787 1876 847 nostrum
1939 801 2063 848 non
2121 784 2407 847 moretm
2427 826 2444 857 ,
2494 782 2605 864 qui

220 887 340 954 hoc
388 888 654 954 verbum
700 887 1003 953 similiter
1050 891 1365 954 contraxit
1410 908 1501 955 vs.
1558 886 1688 953 120

586 997 798 1058 τοῦτον
845 992 1179 1071 ἀπέπνιξεν
1229 993 1609 1071 <suolmam
1660 994 1721 1065 lc
1767 990 1968 1071 βυθὸν
2018 991 2222 1075 ᾅξας
2247 1042 2265 1066 ,

222 1104 298 1163 ut
341 1100 585 1184 optime
630 1103 983 1165 correctum
1033 1106 1131 1165 cst
1177 1119 1290 1185 pro
1335 1097 1523 1174 ἄξας.

312 1202 614 1271 Ceterum
659 1225 773 1289 pro
820 1203 874 1269 δ’
924 1203 1140 1271 ἐπιδὼν
1196 1204 1301 1292 (cf.
1350 1204 1508 1289 229)
1558 1200 1974 1272 Homericum
2023 1204 2186 1270 foret
2232 1203 2295 1269 δὲ
2343 1203 2497 1269 ἰδών.

314 1308 391 1374 V.
441 1307 576 1374 223
621 1310 701 1375 de
749 1307 943 1385 ἥλατο
989 1330 1103 1396 pro
1149 1310 1329 1397 ἆλτο,
1355 1316 1661 1396 usurpato
1705 1331 1895 1395 supra
1938 1310 2240 1377 vidimus.

314 1414 401 1480 V.
450 1413 583 1480 225
631 1414 1035 1482 Vocabulum
1082 1415 1340 1495 βρέγμα
1379 1419 1666 1503 primum
1705 1416 1949 1504 legitur
1986 1417 2155 1502 apud
2177 1415 2610 1483 Aristotelem.

315 1519 393 1585 V.
442 1517 576 1586 232
624 1521 730 1585 καὶ
777 1519 951 1599 βάλε
999 1530 1350 1601 Πρασσαῒον
1395 1547 1448 1600 μ
1474 1524 1637 1597 ›in-m
1685 1524 1881 1601 γαίας
1927 1521 2267 1600 ἐπιβάντα.

225 1625 482 1693 Veteris
527 1629 836 1695 sermonis
883 1632 1174 1714 syntaxis
1218 1627 1572 1714 postularet
1617 1653 1645 1693 ο
1665 1627 1703 1695 ὕ
1721 1653 1770 1694 π
1788 1653 1850 1694 ω.

317 1731 428 1799 Vs.
480 1731 615 1799 234

411 1836 888 1918 Κραμβοβιέτης
940 1838 995 1904 δ’
1047 1839 1250 1906 ἐσιδὼν
1298 1845 1498 1915 πηλοῦ
1547 1838 1801 1918 δράκα
1849 1842 2023 1920 ρῒψεν
2070 1840 2171 1903 ἐπ’
2221 1839 2426 1907 αὐτόν.

226 1943 459 2011 Exstat
505 1944 624 2011 hoc
669 1944 1056 2011 vocabulum
1104 1965 1179 2012 eo
1225 1967 1413 2013 sensu
1461 1945 1628 2030 apud
1678 1945 2081 2027 Septuaqinta.
2129 1943 2185 2010 E
2229 1944 2494 2011 Polluce
2553 1952 2618 2010 et

225 2049 561 2137 Hesychio
608 2050 914 2116 discimus
961 2048 1235 2117 Graecos
1281 2052 1349 2117 id
1393 2071 1729 2136 usurpasse
1774 2071 1888 2136 pro
1935 2069 2010 2115 eo
2057 2050 2224 2135 quod
2265 2057 2362 2117 est
2400 2047 2611 2129 θέναρ.

322 2155 397 2222 V.
451 2154 585 2220 249
635 2156 923 2233 aiala-2002
960 2159 1097 2223 sine
1135 2156 1429 2240 exemplo
1467 2157 1712 2223 dictum
1749 2176 1864 2241 pro
1903 2156 2206 2234 ἡμιθνῆτα
2231 2155 2336 2222 vel
2362 2153 2612 2236 ἧμίζων.

564 2363 736 2439 οὗτος
782 2366 1258 2449 ἄναιμα-ἄξαι
1305 2367 1655 2450 βατράχων
1703 2370 1921 2446 yrum
1967 2369 2322 2437 ἐπηπείλει.

228 2473 435 2540 Vetus
483 2474 774 2561 syntaxis
820 2474 1101 2558 postulat
1147 2472 1548 2554 ἀναρπάξιιν.
1642 2474 1877 2541 Utrum
1935 2480 2157 2560 poetae
2213 2495 2292 2540 an
2328 2473 2615 2541 librario·

228 2600 380 2645 rum
428 2578 621 2664 culpa
663 2577 753 2644 sic
799 2580 1141 2657 scribatur,
1192 2580 1436 2667 ignoro.

321 2686 404 2750 V.
461 2683 589 2750 291
642 2684 1089 2764 δςρακόδερμοι.
1139 2684 1541 2751 Vocabulum
1589 2683 2097 2751 Aristotelicum.

324 2791 402 2857 V.
453 2789 588 2857 292
636 2789 1044 2856 mmmmm.
1092 2789 1363 2878 Legitur
1407 2811 1533 2857 vox
1579 2790 1746 2876 apud
1797 2789 2209 2875 Geoponicos.

322 2896 402 2961 V.
455 2894 591 2963 292
650 2895 1103 2973 ἀποστίλβοντες
1170 2904 1280 2961 ΕΝ
1345 2895 1542 2974 ὤμοις.
1587 2894 1952 2962 Admodum
2001 2895 2231 2961 dubiae
2277 2902 2373 2961 est
2419 2894 2621 2963 Grae-

229 3005 475 3070 citatis.

325 3107 407 3175 V.
463 3106 599 3173 294
643 3105 1001 3177 ὀκτάποδες.
1052 3106 1303 3174 Veteris
1347 3106 1611 3194 linguae
1656 3108 1819 3171 ratio
1867 3105 2218 3190 postularet
2257 3105 2620 3181 ὄκτώποδες.

228 3215 406 3301 quod
452 3218 657 3281 metro
700 3213 1089 3279 adversatur.
1180 3210 1374 3296 Apud
1418 3208 1779 3277 Homerum
1826 3200 1876 3277 E
1929 3209 2061 3278 723
2106 3211 2318 3277 editur
2363 3211 2621 3297 quidem

228 3324 621 3395 διιτΔκνημαι
644 3367 663 3403 ,
708 3317 817 3385 sed
863 3339 1087 3385 verum
1134 3318 1390 3385 videtur
1433 3316 1849 3394 δκτΩκνημαι.

328 3427 407 3491 V.
462 3423 596 3490 294
664 3424 942 3503 amimae
1010 3442 1125 3509 pro
1195 3421 1455 3508 antiquo
1524 3421 1835 3501 δικέρωτες
1907 3421 2149 3508 legitur
2219 3424 2386 3508 apud
2459 3444 2628 3490 seros

232 3531 674 3618 Anthologiae
722 3528 1000 3597 Graecae
1044 3534 1285 3615 poetas.

330 3637 412 3702 V.
464 3636 598 3702 294
651 3636 932 3718 ἀχύροις
981 3635 1060 3702 ob
1112 3655 1409 3701 numeros
1452 3636 1906 3711 necessarium,
1958 3635 2067 3700 sed
2116 3634 2622 3702 semibarbarum

233 3752 338 3811 est
385 3763 503 3829 pro
550 3739 823 3824 ἄχείρες.

333 3850 414 3914 V.
465 3846 597 3913 299
667 3848 890 3923 τελετή
954 3868 1065 3933 pro
1128 3846 1303 3921 τέλος
1368 3869 1416 3912 s.
1481 3850 1782 3922 τελευτή,
1841 3846 2008 3932 quod
2056 3848 2294 3924 sciam,
2344 3845 2627 3924 nullam,

235 3957 612 4032 μονοήμσρος
660 3973 786 4019 non
831 3954 956 4018 nisi
1003 3956 1369 4038 sequiorum
1416 3954 1801 4037 scriptorum
1847 3952 2041 4017 habet
2083 3954 2551 4017 auctoritatem.

333 4058 468 4124 Vix
513 4060 716 4146 igitur
761 4056 975 4122 ullum
1022 4065 1229 4122 exstat
1273 4060 1342 4122 in
1388 4056 1650 4122 Graecis
1695 4053 1934 4137 litteris
1977 4075 2170 4141 opus,
2218 4055 2385 4140 quod
2431 4060 2529 4121 tot
2570 4063 2635 4121 et

236 4178 384 4233 tam
447 4164 787 4228 manifesta
846 4162 1097 4228 serioris
1157 4162 1422 4250 originis
1481 4164 1653 4249 gerit
1714 4163 1912 4244 quasi'
1942 4161 2145 4225 fronte
2191 4162 2496 4247 inscripta
2541 4163 2634 4226 in-

238 4272 417 4337 dicia
491 4289 683 4357 quam
752 4266 1479 4355 Batrachomyomachia
1498 4314 1513 4344 ‚
1587 4265 1755 4351 quod
1815 4285 2066 4331 carmen
2133 4286 2313 4351 spero
2369 4266 2500 4332 fore
2563 4273 2637 4331 ut

239 4395 441 4443 nemo
502 4373 761 4461 posthac
823 4372 901 4439 ad
960 4379 1238 4439 veterem
1293 4378 1546 4458 poetam
1614 4369 1932 4441 Graecum
1997 4375 2316 4441 auctorem
2381 4371 2633 4441 referat.
