3192 5017
597 276 732 345 270
1615 299 1975 347 nummu.

1147 469 1343 537 πάλιν
1391 469 1713 548 πλέωμεν·
1762 469 2042 547 δεξιὰν
2089 468 2301 536 κέλευε
2348 470 2440 535 σύ.

600 575 951 644 Tantalum
1016 577 1254 642 vitium
1315 595 1534 642 omnes
1585 572 1887 640 latuisse!
1953 575 2013 641 N
2015 595 2087 640 ec
2130 580 2349 660 potero
2397 576 2659 642 fortasse
2708 577 2955 641 excitare

598 682 840 759 locum,
896 683 1007 748 ubi
1055 682 1174 748 hoc
1222 684 1435 766 ipsum
1481 682 1725 768 legitur
1762 679 1970 756 δεξιὰν
2009 683 2312 759 κελεύειν,
2355 682 2461 748 sed
2503 702 2705 768 quum
2752 684 2959 746 Aristo-

600 789 837 875 phanes
900 788 1167 853 dixerit:
1231 785 1410 868 ὀρθὴν
1477 786 1752 858 κελεύεις
1816 784 1852 868 ᾖ
1897 786 1965 851 τὸ
2013 787 2241 867 δένδρον
2290 788 2627 867 φαίνεται,
2680 786 2844 853 nihil
2884 794 2962 853 est

597 916 713 962 cur
758 894 1129 960 dubitemus
1177 913 1255 959 an
1304 898 1472 959 recte
1518 892 1769 959 dicatur
1812 892 2020 969 δεξιὰν
2067 893 2358 959 κελεύειν.

689 1104 765 1169 In
813 1111 1095 1171 extrema
1140 1104 1356 1169 fabula
1403 1124 1500 1169 vs.
1550 1107 1649 1168 est
1702 1102 1911 1170 1679:

964 1210 1105 1281 τοὺς
1155 1212 1426 1288 εὐγενεῖς
1475 1212 1603 1290 γὰρ
1649 1211 1715 1275 οὐ
1761 1215 2018 1288 ςυγοῦσι
2067 1210 2381 1289 δαίμονες·

963 1322 1079 1381 τῶν
1126 1315 1183 1382 δ’
1235 1312 1821 1396 ἀναριθμήτων
1866 1317 2117 1393 μᾶλλόν
2165 1318 2317 1381 εἰσιν
2364 1319 2415 1381 οἱ
2463 1317 2652 1383 πόνοι.

603 1423 984 1511 Hartungus
1047 1443 1194 1488 cum
1266 1420 1657 1509 intelligeret
1725 1424 2107 1488 sententiam
2179 1421 2532 1489 claudicare
2547 1472 2563 1500 ,
2638 1423 2967 1489 secundum

599 1527 991 1596 versiculum
1056 1529 1401 1613 expunxit,
1465 1547 1590 1612 qua
1653 1527 1831 1593 nulla
1896 1527 2022 1593 alia
2088 1530 2250 1593 ratio
2312 1530 2521 1616 magis
2569 1534 2669 1595 est
2716 1528 2969 1615 simplex

600 1641 790 1720 atque
838 1633 1152 1719 expedita.
1246 1632 1495 1699 Videbo
1535 1636 1752 1698 tamen
1793 1654 1870 1698 an
1911 1633 2064 1698 huic
2108 1653 2362 1719 quoque
2409 1634 2579 1700 malo
2626 1655 2970 1702 succurrere

602 1742 875 1826 possim,
947 1745 1287 1824 antequam
1362 1738 1729 1826 confugiam
1792 1740 1876 1809 εἷς
1940 1742 2009 1805 τὸ
2072 1747 2283 1815 τεμεῖν
2345 1740 2451 1804 καὶ
2500 1745 2780 1827 καῦσαι,
2825 1725 2967 1828 quod

603 1847 770 1912 mihi
832 1845 1122 1912 odiosum
1184 1849 1282 1910 est
1341 1845 1501 1920 ὁμῶς
1570 1845 1781 1910 Ἀίδαο
1840 1846 2123 1925 πύλῃσιν.
2171 1843 2465 1912 Dioscuri
2511 1847 2681 1913 mihi
2728 1849 2847 1914 hoc
2886 1850 2968 1913 in·

601 1973 795 2018 nuere
858 1951 1189 2017 videntur:
1256 1972 1378 2017 non
1443 1958 1593 2017 sunt
1642 1972 1790 2017 sane
1837 1953 2125 2038 generosi
2175 1952 2296 2018 viri
2341 1953 2824 2020 immortalibus
2867 1955 2969 2019 diis

602 2058 784 2143 odio,
850 2057 960 2123 sed
1022 2077 1293 2139 quorum
1356 2077 1586 2122 nomen
1651 2046 1715 2121 et
1761 2057 1933 2122 fama
1980 2063 2109 2141 est,
2159 2057 2227 2121 hi
2274 2058 2623 2124 maioribus
2673 2062 2970 2126 aerumnis

601 2169 973 2231 exercentur
1017 2169 1091 2228 ut
1139 2161 1488 2229 Herculem
1531 2164 1774 2228 imitati
1813 2161 2138 2229 laboribus
2176 2162 2515 2230 exantlatis
2554 2168 2818 2233 tandem
2854 2170 2967 2277 ipso

601 2271 773 2338 coelo
818 2272 1181 2357 potiantur.

963 2378 1079 2441 τῶν
1129 2373 1185 2441 δ’
1236 2372 1802 2456 ἑναριθμήτων
1851 2375 2102 2452 μᾶλλόν
2150 2377 2298 2440 εἰσιν
2343 2378 2394 2440 οἱ
2445 2377 2629 2443 πόνοι.

688 2799 786 2864 Ad
834 2799 1132 2862 Electram
1178 2816 1378 2884 pauca
1427 2796 1591 2860 mihi
1634 2797 1988 2862 adnotanda
2029 2807 2397 2883 supersunt,
2446 2820 2597 2864 nam
2638 2799 2963 2886 quaemihi

600 2910 766 2969 recte
827 2904 1350 2969 animadvertisse
1412 2901 1706 2977 videbar,
1770 2923 1988 2968 eorum
2057 2925 2359 2992 magnam
2411 2910 2659 2990 partem
2714 2905 2963 2992 comperi

601 3012 679 3077 ab
729 3010 874 3076 aliis
922 3011 1085 3075 mihi
1133 3011 1327 3074 fuisse
1374 3014 1721 3093 praerepta.
1773 3008 1946 3088 Quae
1994 3018 2333 3095 supersunt
2379 3014 2634 3078 minuta
2672 3015 2806 3080 fere
2842 3018 2965 3079 sunt

599 3138 713 3184 nec
759 3120 915 3183 satis
963 3116 1160 3203 digna
1203 3116 1468 3181 fortasse
1514 3134 1675 3199 quae
1724 3115 1992 3181 edantur
2038 3118 2105 3180 in
2153 3115 2382 3183 lucem.
2483 3117 2704 3184 Veluti
2762 3143 2851 3186 vs.
2895 3114 2962 3181 36

599 3224 792 3290 verba
837 3228 987 3288 sunt
1033 3224 1257 3287 rustici
1305 3219 1799 3301 προλογίζοντος·

1047 3331 1193 3405 ἡμῖν
1239 3328 1303 3392 δὲ
1351 3326 1421 3401 33,
1473 3326 1705 3392 δίδωσιν
1753 3325 2097 3408 Ἠλέκτραν
2145 3328 2313 3412 ἔχειν

1050 3435 1386 3514 δάμαρτα,
1438 3433 1716 3513 πατέρων
1762 3434 1873 3510 μὲν
1924 3439 2293 3509 Μυκηναίων
2339 3434 2466 3502 ἄπο

1055 3547 1354 3619 γεγῶσιν·
1405 3543 1470 3605 οὐ
1520 3541 1589 3615 33,
1639 3542 1819 3606 τοῦτο’
1867 3543 1934 3618 γ’
1984 3542 2576 3622 ἐξελέγχομαι.

600 3648 868 3717 Malim:
919 3643 1500 3724 ἐξελέγξομαι.
1551 3645 1733 3725 Quod
1782 3647 1940 3711 dicit
1988 3668 2055 3712 se
2104 3668 2443 3733 pauperem
2496 3670 2631 3715 esse
2669 3658 2731 3715 et
2776 3659 2956 3715 tamen

599 3760 952 3843 ingenuum
977 3801 992 3830 ‚
1053 3753 1116 3816 id
1181 3773 1368 3817 nemo
1430 3760 1733 3833 coar-quet,
1800 3772 1922 3817 non
1973 3756 2279 3841 coarguit.
2377 3754 2596 3842 Magis
2641 3759 2831 3822 etiam
2876 3755 2957 3818 hic

601 3866 888 3928 futurum
935 3860 1356 3924 necessarium
1407 3863 1502 3923 est
1549 3877 1743 3941 quam
1792 3881 1886 3924 vs.
1942 3858 2103 3924 363:

1418 3965 1523 4028 καὶ
1573 3963 1700 4043 γὰρ
1756 3967 1807 4029 εἷ
1853 3967 2036 4041 πένης
2082 3966 2276 4045 ἔφυν,

1145 4069 1305 4136 οὗτοι
1353 4069 1493 4148 τόγ’
1544 4063 1689 4143 ἦθος
1737 4071 2025 4149 δυσγενὲς
2076 4071 2446 4151 παρέξομαι.

693 4291 1076 4358 Plutarchus
1121 4293 1190 4356 in
1235 4288 1550 4376 Lysandri
1600 4293 1733 4355 vita
1779 4290 2088 4356 celebrem
2133 4291 2285 4357 fecit
2325 4290 2614 4358 Electrae
2651 4290 2947 4379 paludum,

599 4402 782 4466 cuius
828 4399 983 4465 haec
1030 4398 1234 4482 prima
1281 4395 1473 4461 verba
1519 4403 1707 4461 sunt:
