3192 5017
550 281 677 346 180
1558 294 1866 342 eAnnnus.
2681 340 2706 373 ι

633 469 1048 535 Proverbium
1101 473 1229 534 est:
1279 465 1386 547 ὄνῳ
1433 489 1528 539 τις
1574 465 1758 544 ἔλεγε
1804 466 2024 545 μῦθον,
2068 465 2096 529 ὅ
2139 464 2202 529 δὲ
2245 464 2331 529 τὰ
2367 460 2501 528 ὦτα
2539 461 2720 527 ἐκίνει
2765 458 2918 545 apud

541 574 891 640 Zenobium
938 572 1015 638 V.
1069 573 1178 638 42.
1227 574 1337 638 ubi
1389 574 1537 639 vide
1586 573 2163 639 Schneidewinum.

634 782 809 848 Tom.
865 781 950 846 11.
997 803 1146 869 pag.
1201 780 1356 846 218.
1419 782 1722 849 notabilis
1767 782 1947 849 locus
1993 789 2116 848 est:
2172 782 2467 858 παρόντος
2523 778 2921 857 Ἀλεξάνδρου

545 893 652 953 τοῦ
703 893 1125 966 Δαμασκηνοῦ
1173 892 1282 953 τοῦ
1333 892 1434 952 νῦν
1476 889 1794 963 Ἀθήνησιν
1833 886 2192 965 ἀξιουμένου
2231 887 2370 960 τοὺς
2413 886 2923 966 περιπατητικοὺς

540 994 767 1072 λόγους
831 994 1139 1060 διδάσκειν
1206 994 1490 1078 δημοσία.
1590 994 1910 1059 Lucianus
1957 998 2024 1058 in
2072 995 2362 1059 Eunucho
2409 1015 2542 1079 cap.
2598 991 2672 1059 3:
2727 990 2924 1055 συντέ·

540 1125 817 1177 τακται,
883 1104 957 1172 ὦς
1025 1097 1234 1185 οἶσθα,
1297 1101 1365 1164 ἐκ
1427 1100 1739 1176 βασιλέως
1806 1099 2150 1179 μισθοφορά
2220 1123 2314 1172 τις
2376 1103 2441 1165 οὐ
2490 1098 2714 1178 Φαύλη
2765 1098 2925 1163 κατὰ

543 1207 690 1285 γένη
754 1214 879 1279 τοῖς
946 1205 1352 1287 Φιλοσόφοις,
1419 1209 1712 1277 Στωϊκοῖς
1761 1207 1927 1284 λέγω
1977 1208 2081 1270 καὶ
2134 1215 2552 1277 Πλατωνικοῖς
2602 1206 2707 1269 καὶ
2757 1207 2927 1269 'Em-

542 1313 853 1392 κουρείοις,
918 1312 1010 1376 ἔτι
1074 1313 1135 1377 δὲ
1185 1313 1290 1378 καὶ
1342 1322 1466 1383 τοῖς
1513 1316 1581 1376 ἐκ
1630 1318 1736 1376 τοῦ
1788 1314 2151 1392 περιπάτου.
2205 1351 2289 1360 -
2342 1314 2445 1377 καὶ
2497 1314 2583 1376 τά
2634 1306 2808 1376 ἆθλα
2855 1348 2928 1358 —-

543 1420 756 1498 μύριαι
818 1419 987 1483 κατὰ
1052 1419 1155 1484 τὸν
1217 1418 1526 1496 ἐνιαυτόν,
1577 1421 1681 1495 ἐφ’
1727 1416 1843 1498 ’ὅτῳ
1893 1427 2157 1485 συνεῖναι
2207 1426 2335 1491 τοῖς
2386 1418 2554 1490 νέοις.
2649 1418 2933 1494 Quatuor

544 1526 903 1612 principum
975 1533 1291 1590 sectarum
1353 1525 1717 1611 philosophi
1781 1527 2185 1613 quadragena
2245 1527 2585 1611 quotannis
2643 1546 2724 1590 ex
2791 1522 2929 1588 fisco

547 1635 837 1697 sestertia
883 1632 1298 1716 accipiebant.
1392 1631 1811 1719 Singularum
1861 1641 2179 1698 sectarum
2228 1633 2407 1697 binos
2453 1632 2651 1697 fuisse
2699 1630 2928 1717 profes·

550 1758 720 1803 sores
767 1737 1085 1803 Lucianus
1135 1738 1413 1804 declarat
1459 1739 1562 1803 his
1611 1740 1854 1803 verbis:
1906 1739 2102 1822 φασιν
2142 1738 2414 1820 ἔναγχος
2459 1739 2788 1802 άποθανεῖν
2828 1736 2932 1800 τῶν

551 1851 1056 1923 Περιπατητικῶν
1103 1853 1285 1909 TON
1335 1842 1730 1910 ἝΤΕΡΟΝ.

640 1951 739 2016 De
776 1951 1134 2017 Alexandro
1174 1950 1564 2016 Damascene
1606 1953 1827 2017 scribit
1866 1949 2150 2017 Galenus
2180 1951 2361 2017 Tom.
2389 1951 2569 2017 XIV.
2595 1973 2742 2038 pag.
2775 1946 2931 2015 627:

557 2054 833 2133 Φλάβιος
899 2058 1111 2132 Βοηθὸς
1164 2059 1459 2128 ὑπατικὸς
1512 2060 1658 2134 άνηρ
1711 2094 1793 2106 -
1845 2056 2199 2139 διδασκάλῳ
2248 2059 2470 2137 ἐχρῆτο
2516 2066 2634 2122 τῶν
2683 2080 2935 2138 περιπα-

553 2170 811 2238 τητικῶν
883 2163 1215 2241 δογμάτων
1287 2162 1673 2243 Ἀλεξάνδρῳ
1741 2164 1826 2244 τῷ
1891 2167 2294 2243 Δαμασκηνῷ
2357 2165 2768 2243 γιγνώσκοντι
2833 2163 2936 2240 μὲν

553 2270 655 2334 καὶ
703 2270 789 2334 τοὶ
838 2276 944 2334 τοῦ
999 2268 1327 2341 Πλάτωνος
1369 2269 1545 2333 άλλά
1585 2278 1712 2341 τοῖς
1756 2268 2176 2348 ’Λριςοτέλους
2220 2270 2629 2351 προσκειμένῳ
2671 2275 2931 2349 μᾶλλον.

648 2491 845 2573 Saepe
908 2480 1196 2571 queritur
1259 2483 1541 2553 Galenus
1588 2507 1919 2573 corporum
1970 2488 2400 2553 humanorum
2447 2489 2773 2554 resecandi
2821 2488 2932 2554 sibi

560 2596 805 2679 copiam
872 2598 937 2657 et
994 2591 1364 2657 facultatem
1433 2613 1555 2659 non
1620 2614 1780 2669 esse,
1835 2592 2247 2678 quamobrem
2298 2597 2519 2659 simias
2566 2601 2631 2659 et
2672 2595 2834 2661 alias
2875 2592 2934 2659 id

553 2720 754 2787 genus
825 2699 1060 2762 bestias
1130 2717 1408 2763 resecare
1477 2700 1631 2764 satis
1702 2699 1992 2764 habebat.
2090 2699 2311 2784 Itaque
2375 2721 2597 2785 operae
2659 2704 2931 2785 pretium

554 2826 687 2871 esse
746 2805 1001 2890 putavit
1060 2825 1313 2870 narrare
1361 2825 1435 2870 ea
1480 2825 1642 2889 quae
1689 2805 1997 2892 leguntur
2044 2804 2219 2871 Tom.
2273 2805 2353 2870 11.
2407 2827 2554 2893 pag.
2604 2806 2773 2871 221:
2825 2806 2934 2869 ἔθε·

557 2910 851 2987 ασάμεθα
901 2908 965 2974 δέ
1015 2933 1165 2975 ποτε
1211 2909 1316 2974 καὶ
1366 2914 1552 2988 ληςοῦ
1604 2910 1897 2975 σκελετὸν
1947 2911 2007 2974 ἐν
2055 2910 2167 2989 ὄρει
2222 2911 2493 2989 κείμενον
2542 2914 2752 2991 ὀλίγον
2803 2912 2931 2989 ἔξω·

554 3017 700 3097 τὲρω
750 3025 860 3091 τῆς
911 3017 1081 3092 ὀδοῦ,
1134 3009 1196 3080 ὃν
1244 3017 1567 3081 άπέκτεινε
1619 3017 1736 3091 μέν·
1780 3040 1874 3087 τις
1925 3016 2219 3096 ὃδοιπόρος
2273 3020 2766 3100 ἐπεγχειροῦντα
2806 3017 2934 3099 πρό-

552 3147 718 3204 τερον
781 3120 965 3197 ὁμόσε
1030 3123 1360 3201 χωρήσας,
1410 3124 1514 3187 οὐκ
1564 3120 1796 3200 ἔμελλε
1844 3122 1906 3187 δὲ
1955 3123 2177 3204 θάψειν
2223 3124 2415 3196 οὐδεὶς
2462 3132 2580 3190 τῶν
2627 3128 2932 3208 οἰκητόρων

551 3237 660 3303 τῆς
727 3227 934 3310 χώρας
999 3228 1262 3311 ἐκείνης,
1328 3230 1479 3293 άλλ’
1532 3230 1644 3293 ὑπὸ
1695 3230 1907 3306 μίσους
1959 3229 2285 3309 ἐπέχαιρον
2335 3232 2649 3314 ἕσθιομένῳ
2696 3238 2782 3314 τςῖ·
2832 3236 2932 3298 σώ-

550 3360 709 3415 ματι
756 3338 898 3415 πρὸς
950 3341 1066 3400 τῶν
1115 3337 1356 3412 οἰωνῶν,
1407 3332 1615 3407 οἵτινες
1666 3335 1724 3399 ἐν
1776 3335 1942 3399 δυσὶν
1990 3337 2240 3414 ἡμέραις
2292 3339 2482 3402 αὐτοῦ
2525 3338 2932 3421 καταφαγόν-

550 3468 653 3515 τες
719 3444 836 3514 τοὶς
900 3441 1134 3521 σάρκας
1186 3441 1493 3507 άπέλιπον
1541 3443 1616 3514 ὥς
1669 3443 1754 3514 εἷς
1804 3441 2216 3508 διδασκαλίαν
2267 3446 2348 3523 τῷ
2395 3445 2752 3523 βουληθέντι
2809 3444 2933 3511 θεά-

552 3550 779 3614 σασθαι
829 3549 931 3612 τὸν
980 3546 1294 3611 σκελετόν.

640 3655 937 3721 Laudans
1000 3652 1427 3739 Herophilum
1490 3652 1671 3719 Tom.
1708 3652 1821 3729 ,11.
1881 3675 2027 3742 pag.
2095 3653 2248 3720 895.
2299 3659 2553 3722 scribit:
2616 3659 2823 3734 ἱκανὸς
2871 3656 2929 3734 ἦν

552 3764 635 3830 τά
688 3787 756 3827 τε
808 3760 983 3827 ἄλλα
1032 3768 1141 3833 τῆς
1194 3759 1421 3842 τέχνης
1469 3759 1574 3824 καὶ
1624 3766 1740 3824 τῶν
1792 3760 1870 3824 δι’
1919 3763 2238 3837 άνατομῆς
2287 3766 2796 3841 γιγνωσκομένων
2837 3763 2926 3829 ἐπὶ

552 3875 620 3937 τὸ
681 3866 1091 3947 άκριβέςατον
1155 3866 1307 3943 ἥκων
1372 3866 1477 3930 καὶ
1536 3868 1647 3938 την
1693 3868 1953 3942 πλείςην
2004 3867 2333 3944 ἐπίγνωσιν
2383 3871 2488 3933 οὐκ
2539 3870 2637 3935 ἐπὶ
2693 3873 2928 3950 άλὸγων

550 3976 746 4059 ζῴων,
791 3972 1067 4051 καθάπερ
1109 3974 1159 4038 οἱ
1206 3973 1457 4049 πολλοί,
1503 3974 1653 4038 άλλ*
1680 3976 1779 4037 ἐπ’
1805 3976 2147 4038 αὐτῶντῶν
2173 3975 2489 4052 άνθρώπων
2515 3980 2925 4054 πεποιημένος.

639 4080 1092 4157 Alexandriae,
1157 4080 1322 4164 quod
1368 4082 1660 4163 mireris,
1711 4100 1944 4166 magna
1991 4087 2126 4145 erat
2170 4081 2364 4146 huius
2411 4084 2503 4147 rei
2551 4084 2753 4169 copia.
2808 4083 2926 4151 Ga-

547 4190 731 4256 lenus
771 4185 952 4253 Tom.
1005 4184 1083 4250 II.
1131 4207 1277 4271 pag.
1319 4184 1489 4249 220:
1538 4185 1628 4253 ἔςι
1680 4186 1733 4249 δ’
1781 4187 1842 4249 ἐν
1892 4184 2336 4270 ’Λλεξανδρείᾳ
2382 4189 2495 4266 μὲν
2543 4194 2723 4256 τοῦτο
2772 4188 2923 4256 πάνυ

549 4294 744 4380 ῥᾴδιον
818 4289 932 4361 ὅτε
1008 4292 1110 4357 καὶ
1175 4292 1282 4366 την
1349 4292 1763 4356 διδασκαλίαν
1823 4292 2026 4357 αὐτῶν
2091 4300 2215 4365 τοῖς
2279 4300 2613 4372 Φοιτηταῖς
2677 4299 2728 4362 οἱ
2793 4297 2923 4361 κατ’

551 4403 739 4467 ἐκεῖνο
786 4399 856 4465 τὸ
904 4399 1122 4482 χωρίον
1170 4396 1358 4478 ἰατροὶ
1412 4398 1581 4473 μετὰ
1631 4405 1740 4472 τῆς
1791 4400 2102 4477 αὑτοψίας
2149 4398 2512 4481 πορίζονται.
