<?xml version="1.0" encoding="UTF-8"?>
<!DOCTYPE html PUBLIC "-//W3C//DTD XHTML 1.0 Transitional//EN"
    "http://www.w3.org/TR/xhtml1/DTD/xhtml1-transitional.dtd">
<html xmlns="http://www.w3.org/1999/xhtml" xml:lang="en" lang="en">
 <head>
  <title>
</title>
<meta http-equiv="Content-Type" content="text/html;charset=utf-8" />
  <meta name='ocr-system' content='tesseract 3.04.00' />
  <meta name='ocr-capabilities' content='ocr_page ocr_carea ocr_par ocr_line ocrx_word'/>
</head>
<body>
  <div class='ocr_page' id='page_1' title='image "./mnemosynebiblio14servgoog_0693.png"; bbox 0 0 3192 5017; ppageno 0'>
   <div class='ocr_carea' id='block_1_1' title="bbox 1250 274 2614 347">
    <p class='ocr_par' dir='ltr' id='par_1_1' title="bbox 1250 274 2614 347">
     <span class='ocr_line' id='line_1_1' title="bbox 1250 274 2614 347; baseline 0 -1"><span class='ocrx_word' id='word_1_1' title='bbox 1250 294 1583 347; x_wconf 62' lang='lat' dir='ltr'><strong><em>strumus.</em></strong></span> <span class='ocrx_word' id='word_1_2' title='bbox 2480 274 2614 346; x_wconf 76' lang='lat'><strong><em>237</em></strong></span> 
     </span>
    </p>
   </div>
   <div class='ocr_carea' id='block_1_2' title="bbox 212 468 2622 4473">
    <p class='ocr_par' dir='ltr' id='par_1_2' title="bbox 232 468 2612 662">
     <span class='ocr_line' id='line_1_2' title="bbox 322 468 2612 557; baseline 0 -23"><span class='ocrx_word' id='word_1_3' title='bbox 322 470 448 535; x_wconf 87' lang='lat' dir='ltr'><strong><em>Pro</em></strong></span> <span class='ocrx_word' id='word_1_4' title='bbox 495 469 701 543; x_wconf 74' lang='grc' dir='ltr'><strong><em>ἐπειδή</em></strong></span> <span class='ocrx_word' id='word_1_5' title='bbox 750 474 825 535; x_wconf 77' lang='lat' dir='ltr'><strong><em>ut</em></strong></span> <span class='ocrx_word' id='word_1_6' title='bbox 871 468 1234 535; x_wconf 78' lang='lat' dir='ltr'>Herodotus</span> <span class='ocrx_word' id='word_1_7' title='bbox 1279 470 1502 534; x_wconf 77' lang='lat' dir='ltr'><strong>scribit</strong></span> <span class='ocrx_word' id='word_1_8' title='bbox 1551 469 1688 534; x_wconf 75' lang='grc' dir='ltr'><strong><em>ἐπεί</em></strong></span> <span class='ocrx_word' id='word_1_9' title='bbox 1733 493 1825 534; x_wconf 79' lang='grc' dir='ltr'><strong><em>τε.</em></strong></span> <span class='ocrx_word' id='word_1_10' title='bbox 1874 489 2024 557; x_wconf 73' lang='lat' dir='ltr'><strong>pag.</strong></span> <span class='ocrx_word' id='word_1_11' title='bbox 2074 469 2137 534; x_wconf 89' lang='lat'><strong><em>4.</em></strong></span> <span class='ocrx_word' id='word_1_12' title='bbox 2185 469 2323 535; x_wconf 77' lang='grc' dir='ltr'><strong><em>ἐπεί</em></strong></span> <span class='ocrx_word' id='word_1_13' title='bbox 2366 492 2437 535; x_wconf 81' lang='grc' dir='ltr'><strong><em>τε</em></strong></span> <span class='ocrx_word' id='word_1_14' title='bbox 2485 468 2612 535; x_wconf 70' lang='grc' dir='ltr'><strong><em>ἑκο-</em></strong></span> 
     </span>
     <span class='ocr_line' id='line_1_3' title="bbox 232 574 1911 662; baseline -0.001 -23"><span class='ocrx_word' id='word_1_15' title='bbox 232 575 428 655; x_wconf 80' lang='grc' dir='ltr'><strong><em>ρέσθη.</em></strong></span> <span class='ocrx_word' id='word_1_16' title='bbox 478 581 544 641; x_wconf 78' lang='lat' dir='ltr'><strong><em>et</em></strong></span> <span class='ocrx_word' id='word_1_17' title='bbox 588 596 734 662; x_wconf 76' lang='lat' dir='ltr'><strong>pag.</strong></span> <span class='ocrx_word' id='word_1_18' title='bbox 792 574 941 642; x_wconf 87' lang='lat'>147.</span> <span class='ocrx_word' id='word_1_19' title='bbox 991 576 1128 640; x_wconf 71' lang='grc' dir='ltr'><strong><em>ἐπεί</em></strong></span> <span class='ocrx_word' id='word_1_20' title='bbox 1170 599 1242 640; x_wconf 93' lang='grc' dir='ltr'><strong><em>τε</em></strong></span> <span class='ocrx_word' id='word_1_21' title='bbox 1288 575 1595 655; x_wconf 66' lang='grc' dir='ltr'><strong><em>ἐγκρατὴς</em></strong></span> <span class='ocrx_word' id='word_1_22' title='bbox 1647 574 1911 653; x_wconf 72' lang='grc' dir='ltr'><strong><em>ἐγένετο.</em></strong></span> 
     </span>
    </p>

    <p class='ocr_par' dir='ltr' id='par_1_3' title="bbox 229 679 2617 875">
     <span class='ocr_line' id='line_1_4' title="bbox 322 679 2617 769; baseline 0 -22"><span class='ocrx_word' id='word_1_23' title='bbox 322 681 465 747; x_wconf 89' lang='lat' dir='ltr'><strong><em>Non</em></strong></span> <span class='ocrx_word' id='word_1_24' title='bbox 512 681 765 747; x_wconf 78' lang='lat' dir='ltr'><strong>dubitat</strong></span> <span class='ocrx_word' id='word_1_25' title='bbox 812 682 1020 747; x_wconf 82' lang='lat' dir='ltr'>dicere</span> <span class='ocrx_word' id='word_1_26' title='bbox 1066 687 1214 769; x_wconf 77' lang='lat' dir='ltr'><strong>pag.</strong></span> <span class='ocrx_word' id='word_1_27' title='bbox 1264 679 1416 748; x_wconf 89' lang='grc'><strong>577.</strong></span> <span class='ocrx_word' id='word_1_28' title='bbox 1466 681 1495 745; x_wconf 80' lang='grc' dir='ltr'><em>ὃ</em></span> <span class='ocrx_word' id='word_1_29' title='bbox 1541 680 1606 746; x_wconf 74' lang='grc' dir='ltr'><strong><em>δὲ</em></strong></span> <span class='ocrx_word' id='word_1_30' title='bbox 1660 681 1957 754; x_wconf 82' lang='grc' dir='ltr'><strong><em>πολλὸς</em></strong></span> <span class='ocrx_word' id='word_1_31' title='bbox 2016 682 2076 753; x_wconf 75' lang='grc' dir='ltr'><strong><em>ἐς</em></strong></span> <span class='ocrx_word' id='word_1_32' title='bbox 2143 682 2436 748; x_wconf 83' lang='grc' dir='ltr'><strong><em>Σικελίαν</em></strong></span> <span class='ocrx_word' id='word_1_33' title='bbox 2501 681 2617 765; x_wconf 71' lang='grc' dir='ltr'><strong><em>ᾔει.</em></strong></span> 
     </span>
     <span class='ocr_line' id='line_1_5' title="bbox 229 784 1446 875; baseline -0.001 -22"><span class='ocrx_word' id='word_1_34' title='bbox 229 792 297 853; x_wconf 80' lang='lat' dir='ltr'><strong><em>et</em></strong></span> <span class='ocrx_word' id='word_1_35' title='bbox 340 807 489 875; x_wconf 79' lang='lat' dir='ltr'><strong>pag.</strong></span> <span class='ocrx_word' id='word_1_36' title='bbox 541 785 693 853; x_wconf 87' lang='grc'><strong>630.</strong></span> <span class='ocrx_word' id='word_1_37' title='bbox 741 790 957 869; x_wconf 78' lang='grc' dir='ltr'><strong><em>φθορὸς</em></strong></span> <span class='ocrx_word' id='word_1_38' title='bbox 1005 784 1074 864; x_wconf 77' lang='grc' dir='ltr'><strong><em>ἦν</em></strong></span> <span class='ocrx_word' id='word_1_39' title='bbox 1122 787 1446 859; x_wconf 83' lang='grc' dir='ltr'><strong><em>πολλός.</em></strong></span> 
     </span>
    </p>

    <p class='ocr_par' dir='ltr' id='par_1_4' title="bbox 228 893 2621 1618">
     <span class='ocr_line' id='line_1_6' title="bbox 321 893 2620 984; baseline 0 -25"><span class='ocrx_word' id='word_1_40' title='bbox 321 893 420 959; x_wconf 82' lang='lat' dir='ltr'><strong><em>Ex</em></strong></span> <span class='ocrx_word' id='word_1_41' title='bbox 456 893 672 960; x_wconf 88' lang='lat' dir='ltr'>eodem</span> <span class='ocrx_word' id='word_1_42' title='bbox 719 896 954 959; x_wconf 75' lang='lat' dir='ltr'><strong>sumsit</strong></span> <span class='ocrx_word' id='word_1_43' title='bbox 998 915 1146 982; x_wconf 77' lang='lat' dir='ltr'><strong>pag.</strong></span> <span class='ocrx_word' id='word_1_44' title='bbox 1199 893 1354 961; x_wconf 87' lang='grc'><strong>318.</strong></span> <span class='ocrx_word' id='word_1_45' title='bbox 1404 903 1620 973; x_wconf 74' lang='grc' dir='ltr'><strong><em>μιῆναι</em></strong></span> <span class='ocrx_word' id='word_1_46' title='bbox 1667 903 1731 961; x_wconf 89' lang='lat' dir='ltr'><strong><em>et</em></strong></span> <span class='ocrx_word' id='word_1_47' title='bbox 1775 915 1923 984; x_wconf 74' lang='lat' dir='ltr'><strong>pag.</strong></span> <span class='ocrx_word' id='word_1_48' title='bbox 1974 895 2126 962; x_wconf 84' lang='lat'>412.</span> <span class='ocrx_word' id='word_1_49' title='bbox 2175 894 2526 978; x_wconf 77' lang='grc' dir='ltr'><strong><em>ἐφθάρατο,</em></strong></span> <span class='ocrx_word' id='word_1_50' title='bbox 2552 902 2620 963; x_wconf 80' lang='lat' dir='ltr'><strong><em>et</em></strong></span> 
     </span>
     <span class='ocr_line' id='line_1_7' title="bbox 228 997 2620 1091; baseline 0.001 -24"><span class='ocrx_word' id='word_1_51' title='bbox 228 1022 379 1088; x_wconf 78' lang='lat' dir='ltr'><strong>pag.</strong></span> <span class='ocrx_word' id='word_1_52' title='bbox 454 997 604 1065; x_wconf 86' lang='lat'>640.</span> <span class='ocrx_word' id='word_1_53' title='bbox 666 998 1037 1081; x_wconf 70' lang='grc' dir='ltr'><strong><em>διεφθάρατο</em></strong></span> <span class='ocrx_word' id='word_1_54' title='bbox 1093 1006 1158 1066; x_wconf 77' lang='lat' dir='ltr'><strong><em>et</em></strong></span> <span class='ocrx_word' id='word_1_55' title='bbox 1203 1022 1351 1088; x_wconf 75' lang='lat' dir='ltr'><strong>pag.</strong></span> <span class='ocrx_word' id='word_1_56' title='bbox 1402 998 1555 1066; x_wconf 89' lang='grc'><strong>278.</strong></span> <span class='ocrx_word' id='word_1_57' title='bbox 1606 1002 2101 1084; x_wconf 87' lang='grc' dir='ltr'><strong><em>άναμεμίχατο,</em></strong></span> <span class='ocrx_word' id='word_1_58' title='bbox 2150 1007 2217 1068; x_wconf 80' lang='lat' dir='ltr'><strong><em>et</em></strong></span> <span class='ocrx_word' id='word_1_59' title='bbox 2261 1022 2408 1091; x_wconf 74' lang='lat' dir='ltr'><strong>pag.</strong></span> <span class='ocrx_word' id='word_1_60' title='bbox 2459 999 2620 1069; x_wconf 80' lang='lat'>509.</span> 
     </span>
     <span class='ocr_line' id='line_1_8' title="bbox 228 1107 2617 1197; baseline 0.001 -26"><span class='ocrx_word' id='word_1_61' title='bbox 228 1109 474 1173; x_wconf 90' lang='grc' dir='ltr'><strong><em>τίσαιτο</em></strong></span> <span class='ocrx_word' id='word_1_62' title='bbox 520 1113 585 1172; x_wconf 80' lang='lat' dir='ltr'><strong><em>et</em></strong></span> <span class='ocrx_word' id='word_1_63' title='bbox 630 1108 882 1192; x_wconf 78' lang='lat' dir='ltr'><strong><em>saepius</em></strong></span> <span class='ocrx_word' id='word_1_64' title='bbox 920 1108 1228 1173; x_wconf 78' lang='grc' dir='ltr'><strong><em>τίννυσθαι</em></strong></span> <span class='ocrx_word' id='word_1_65' title='bbox 1270 1129 1383 1194; x_wconf 89' lang='lat' dir='ltr'><strong><em>pro</em></strong></span> <span class='ocrx_word' id='word_1_66' title='bbox 1421 1108 1848 1188; x_wconf 77' lang='grc' dir='ltr'><strong><em>τιμωρεῖσθαι,</em></strong></span> <span class='ocrx_word' id='word_1_67' title='bbox 1893 1113 1959 1174; x_wconf 77' lang='lat' dir='ltr'><strong><em>et</em></strong></span> <span class='ocrx_word' id='word_1_68' title='bbox 1996 1128 2145 1197; x_wconf 74' lang='lat' dir='ltr'><strong>pag.</strong></span> <span class='ocrx_word' id='word_1_69' title='bbox 2173 1107 2305 1175; x_wconf 93' lang='grc'><strong><em>674</em></strong></span> <span class='ocrx_word' id='word_1_70' title='bbox 2344 1109 2617 1189; x_wconf 78' lang='grc' dir='ltr'><strong><em>ἐνέκυρσε</em></strong></span> 
     </span>
     <span class='ocr_line' id='line_1_9' title="bbox 230 1212 2617 1304; baseline 0.002 -27"><span class='ocrx_word' id='word_1_71' title='bbox 230 1224 309 1294; x_wconf 71' lang='grc' dir='ltr'><strong><em>τῇ</em></strong></span> <span class='ocrx_word' id='word_1_72' title='bbox 358 1214 711 1294; x_wconf 87' lang='grc' dir='ltr'><strong><em>φάλαγγι,</em></strong></span> <span class='ocrx_word' id='word_1_73' title='bbox 758 1220 823 1279; x_wconf 80' lang='lat' dir='ltr'><strong><em>et</em></strong></span> <span class='ocrx_word' id='word_1_74' title='bbox 868 1235 1017 1302; x_wconf 78' lang='lat' dir='ltr'><strong>pag.</strong></span> <span class='ocrx_word' id='word_1_75' title='bbox 1068 1212 1223 1279; x_wconf 87' lang='grc'><strong>360.</strong></span> <span class='ocrx_word' id='word_1_76' title='bbox 1272 1212 1339 1290; x_wconf 75' lang='grc' dir='ltr'><strong><em>ἐξ</em></strong></span> <span class='ocrx_word' id='word_1_77' title='bbox 1391 1216 1527 1289; x_wconf 75' lang='grc' dir='ltr'><strong><em>ἠοῦς</em></strong></span> <span class='ocrx_word' id='word_1_78' title='bbox 1577 1215 1679 1280; x_wconf 68' lang='grc' dir='ltr'><strong><em>ἐπὶ</em></strong></span> <span class='ocrx_word' id='word_1_79' title='bbox 1731 1213 1920 1280; x_wconf 84' lang='grc' dir='ltr'><strong><em>δύσιν.</em></strong></span> <span class='ocrx_word' id='word_1_80' title='bbox 1971 1221 2036 1280; x_wconf 84' lang='lat' dir='ltr'><strong><em>et</em></strong></span> <span class='ocrx_word' id='word_1_81' title='bbox 2082 1235 2231 1304; x_wconf 82' lang='lat' dir='ltr'><strong>pag.</strong></span> <span class='ocrx_word' id='word_1_82' title='bbox 2281 1215 2431 1283; x_wconf 84' lang='lat'><strong>633.</strong></span> <span class='ocrx_word' id='word_1_83' title='bbox 2483 1216 2617 1282; x_wconf 84' lang='grc' dir='ltr'><strong><em>δον-</em></strong></span> 
     </span>
     <span class='ocr_line' id='line_1_10' title="bbox 234 1318 2617 1407; baseline 0.003 -24"><span class='ocrx_word' id='word_1_84' title='bbox 234 1320 514 1395; x_wconf 73' lang='grc' dir='ltr'><strong><em>λοσύνης,</em></strong></span> <span class='ocrx_word' id='word_1_85' title='bbox 570 1326 635 1384; x_wconf 81' lang='lat' dir='ltr'><strong><em>et</em></strong></span> <span class='ocrx_word' id='word_1_86' title='bbox 681 1339 832 1407; x_wconf 72' lang='lat' dir='ltr'><strong>pag.</strong></span> <span class='ocrx_word' id='word_1_87' title='bbox 881 1318 1035 1385; x_wconf 89' lang='grc'><strong>258.</strong></span> <span class='ocrx_word' id='word_1_88' title='bbox 1087 1320 1397 1401; x_wconf 71' lang='grc' dir='ltr'><strong><em>ἐλίμαινεν</em></strong></span> <span class='ocrx_word' id='word_1_89' title='bbox 1446 1321 1474 1385; x_wconf 82' lang='grc' dir='ltr'><em>ὁ</em></span> <span class='ocrx_word' id='word_1_90' title='bbox 1521 1321 1743 1402; x_wconf 79' lang='grc' dir='ltr'><strong><em>ςρατὸς</em></strong></span> <span class='ocrx_word' id='word_1_91' title='bbox 1794 1323 1962 1401; x_wconf 78' lang='grc' dir='ltr'><strong><em>αὐτῷ</em></strong></span> <span class='ocrx_word' id='word_1_92' title='bbox 2010 1342 2089 1387; x_wconf 82' lang='lat' dir='ltr'><strong><em>ex</em></strong></span> <span class='ocrx_word' id='word_1_93' title='bbox 2132 1322 2458 1389; x_wconf 80' lang='lat' dir='ltr'>Herodoto</span> <span class='ocrx_word' id='word_1_94' title='bbox 2498 1324 2617 1392; x_wconf 89' lang='lat' dir='ltr'><strong><em>VI.</em></strong></span> 
     </span>
     <span class='ocr_line' id='line_1_11' title="bbox 233 1424 2621 1516; baseline 0.004 -27"><span class='ocrx_word' id='word_1_95' title='bbox 233 1424 344 1489; x_wconf 88' lang='grc'><strong>28.</strong></span> <span class='ocrx_word' id='word_1_96' title='bbox 391 1426 795 1503; x_wconf 71' lang='grc' dir='ltr'><strong><em>λιμαινούσης</em></strong></span> <span class='ocrx_word' id='word_1_97' title='bbox 846 1428 898 1490; x_wconf 79' lang='grc' dir='ltr'><strong><em>οἱ</em></strong></span> <span class='ocrx_word' id='word_1_98' title='bbox 948 1434 1057 1500; x_wconf 78' lang='grc' dir='ltr'><strong><em>τῆς</em></strong></span> <span class='ocrx_word' id='word_1_99' title='bbox 1106 1435 1380 1506; x_wconf 68' lang='grc' dir='ltr'><strong><em>ςρατιῆς.</em></strong></span> <span class='ocrx_word' id='word_1_100' title='bbox 1428 1426 1764 1511; x_wconf 76' lang='lat' dir='ltr'><strong>Nusquam</strong></span> <span class='ocrx_word' id='word_1_101' title='bbox 1806 1427 1994 1493; x_wconf 86' lang='lat' dir='ltr'>hodie</span> <span class='ocrx_word' id='word_1_102' title='bbox 2032 1426 2276 1516; x_wconf 81' lang='lat' dir='ltr'><strong>legitur</strong></span> <span class='ocrx_word' id='word_1_103' title='bbox 2313 1434 2621 1507; x_wconf 87' lang='grc' dir='ltr'><strong><em>λιμαίνειν</em></strong></span> 
     </span>
     <span class='ocr_line' id='line_1_12' title="bbox 230 1529 1569 1618; baseline 0.001 -22"><span class='ocrx_word' id='word_1_104' title='bbox 230 1533 357 1597; x_wconf 82' lang='lat' dir='ltr'><strong>nisi</strong></span> <span class='ocrx_word' id='word_1_105' title='bbox 404 1531 573 1617; x_wconf 81' lang='lat' dir='ltr'><strong>apud</strong></span> <span class='ocrx_word' id='word_1_106' title='bbox 621 1529 1023 1598; x_wconf 82' lang='lat' dir='ltr'>Herodotum</span> <span class='ocrx_word' id='word_1_107' title='bbox 1073 1538 1136 1598; x_wconf 82' lang='lat' dir='ltr'><strong><em>et</em></strong></span> <span class='ocrx_word' id='word_1_108' title='bbox 1183 1535 1569 1618; x_wconf 80' lang='lat' dir='ltr'><strong>Appianum.</strong></span> 
     </span>
    </p>

    <p class='ocr_par' dir='ltr' id='par_1_5' title="bbox 227 1637 2622 2051">
     <span class='ocr_line' id='line_1_13' title="bbox 326 1637 2622 1729; baseline 0.004 -27"><span class='ocrx_word' id='word_1_109' title='bbox 326 1637 425 1703; x_wconf 81' lang='lat' dir='ltr'><strong><em>Ex</em></strong></span> <span class='ocrx_word' id='word_1_110' title='bbox 472 1637 692 1703; x_wconf 87' lang='lat' dir='ltr'>eodem</span> <span class='ocrx_word' id='word_1_111' title='bbox 740 1642 890 1703; x_wconf 79' lang='lat' dir='ltr'><strong>sunt</strong></span> <span class='ocrx_word' id='word_1_112' title='bbox 935 1657 1083 1726; x_wconf 77' lang='lat' dir='ltr'><strong>pag.</strong></span> <span class='ocrx_word' id='word_1_113' title='bbox 1125 1637 1278 1704; x_wconf 80' lang='lat'>300.</span> <span class='ocrx_word' id='word_1_114' title='bbox 1325 1639 1714 1721; x_wconf 79' lang='grc' dir='ltr'><strong><em>λεσχηνεύων</em></strong></span> <span class='ocrx_word' id='word_1_115' title='bbox 1754 1645 1819 1705; x_wconf 78' lang='lat' dir='ltr'><strong><em>et</em></strong></span> <span class='ocrx_word' id='word_1_116' title='bbox 1857 1660 2003 1729; x_wconf 74' lang='lat' dir='ltr'><strong>pag.</strong></span> <span class='ocrx_word' id='word_1_117' title='bbox 2048 1641 2197 1708; x_wconf 86' lang='lat'>310.</span> <span class='ocrx_word' id='word_1_118' title='bbox 2240 1646 2622 1727; x_wconf 71' lang='grc' dir='ltr'><strong><em>συνελεσχή-</em></strong></span> 
     </span>
     <span class='ocr_line' id='line_1_14' title="bbox 232 1742 2616 1829; baseline 0.003 -20"><span class='ocrx_word' id='word_1_119' title='bbox 232 1769 396 1810; x_wconf 86' lang='grc' dir='ltr'><strong><em>νευεν</em></strong></span> <span class='ocrx_word' id='word_1_120' title='bbox 461 1766 573 1829; x_wconf 90' lang='lat' dir='ltr'><strong><em>pro</em></strong></span> <span class='ocrx_word' id='word_1_121' title='bbox 602 1776 607 1781; x_wconf 96' lang='lat'>·</span> <span class='ocrx_word' id='word_1_122' title='bbox 636 1742 1085 1822; x_wconf 77' lang='grc' dir='ltr'><strong><em>συνδιελέγετο.</em></strong></span> <span class='ocrx_word' id='word_1_123' title='bbox 1179 1744 1541 1812; x_wconf 77' lang='lat' dir='ltr'>Herodotea</span> <span class='ocrx_word' id='word_1_124' title='bbox 1603 1750 1761 1812; x_wconf 79' lang='lat' dir='ltr'><strong><em>item</em></strong></span> <span class='ocrx_word' id='word_1_125' title='bbox 1825 1752 1975 1813; x_wconf 80' lang='lat' dir='ltr'><strong>sunt</strong></span> <span class='ocrx_word' id='word_1_126' title='bbox 2033 1750 2433 1826; x_wconf 76' lang='grc' dir='ltr'><strong><em>άμείψασθαί</em></strong></span> <span class='ocrx_word' id='word_1_127' title='bbox 2478 1775 2616 1818; x_wconf 85' lang='grc' dir='ltr'><strong><em>τινα</em></strong></span> 
     </span>
     <span class='ocr_line' id='line_1_15' title="bbox 230 1850 2621 1940; baseline 0.003 -24"><span class='ocrx_word' id='word_1_128' title='bbox 230 1872 346 1937; x_wconf 86' lang='lat' dir='ltr'><strong><em>pro</em></strong></span> <span class='ocrx_word' id='word_1_129' title='bbox 408 1850 840 1932; x_wconf 80' lang='grc' dir='ltr'><strong><em>άποκρίνεσθαί</em></strong></span> <span class='ocrx_word' id='word_1_130' title='bbox 885 1875 1038 1924; x_wconf 86' lang='grc' dir='ltr'><strong><em>τινι,</em></strong></span> <span class='ocrx_word' id='word_1_131' title='bbox 1092 1859 1155 1916; x_wconf 78' lang='lat' dir='ltr'><strong><em>et</em></strong></span> <span class='ocrx_word' id='word_1_132' title='bbox 1203 1851 1542 1917; x_wconf 71' lang='grc' dir='ltr'><strong><em>ἀδικεῖσθαι</em></strong></span> <span class='ocrx_word' id='word_1_133' title='bbox 1592 1853 1736 1932; x_wconf 81' lang='grc' dir='ltr'><strong><em>πρός</em></strong></span> <span class='ocrx_word' id='word_1_134' title='bbox 1784 1878 1940 1926; x_wconf 80' lang='grc' dir='ltr'><strong><em>τινος</em></strong></span> <span class='ocrx_word' id='word_1_135' title='bbox 1991 1874 2103 1940; x_wconf 85' lang='lat' dir='ltr'><strong><em>pro</em></strong></span> <span class='ocrx_word' id='word_1_136' title='bbox 2153 1854 2270 1921; x_wconf 80' lang='grc' dir='ltr'><strong><em>ὑπό</em></strong></span> <span class='ocrx_word' id='word_1_137' title='bbox 2313 1882 2505 1932; x_wconf 79' lang='grc' dir='ltr'><strong><em>τινος,</em></strong></span> <span class='ocrx_word' id='word_1_138' title='bbox 2556 1864 2621 1925; x_wconf 78' lang='lat' dir='ltr'><strong><em>et</em></strong></span> 
     </span>
     <span class='ocr_line' id='line_1_16' title="bbox 227 1955 2617 2051; baseline 0.004 -30"><span class='ocrx_word' id='word_1_139' title='bbox 227 1964 347 2023; x_wconf 78' lang='grc' dir='ltr'><strong><em>τῶν</em></strong></span> <span class='ocrx_word' id='word_1_140' title='bbox 371 1983 463 2029; x_wconf 81' lang='grc' dir='ltr'><strong><em>τις</em></strong></span> <span class='ocrx_word' id='word_1_141' title='bbox 487 1955 856 2038; x_wconf 75' lang='grc' dir='ltr'><strong><em>θεραπόντων</em></strong></span> <span class='ocrx_word' id='word_1_142' title='bbox 881 1971 945 2022; x_wconf 84' lang='lat' dir='ltr'><strong><em>et</em></strong></span> <span class='ocrx_word' id='word_1_143' title='bbox 969 1957 1232 2041; x_wconf 83' lang='lat' dir='ltr'>similia,</span> <span class='ocrx_word' id='word_1_144' title='bbox 1258 1979 1418 2043; x_wconf 78' lang='lat' dir='ltr'><strong><em>quae</em></strong></span> <span class='ocrx_word' id='word_1_145' title='bbox 1442 1959 1680 2044; x_wconf 75' lang='lat' dir='ltr'><strong>passim</strong></span> <span class='ocrx_word' id='word_1_146' title='bbox 1708 1960 1874 2044; x_wconf 78' lang='lat' dir='ltr'><strong>apud</strong></span> <span class='ocrx_word' id='word_1_147' title='bbox 1901 1961 2267 2046; x_wconf 78' lang='lat' dir='ltr'><strong>Appianum</strong></span> <span class='ocrx_word' id='word_1_148' title='bbox 2293 1963 2617 2051; x_wconf 76' lang='lat' dir='ltr'><strong>leguntur.</strong></span> 
     </span>
    </p>

    <p class='ocr_par' dir='ltr' id='par_1_6' title="bbox 231 2063 2618 2256">
     <span class='ocr_line' id='line_1_17' title="bbox 325 2063 2618 2153; baseline 0.003 -24"><span class='ocrx_word' id='word_1_149' title='bbox 325 2063 729 2151; x_wconf 76' lang='lat' dir='ltr'><strong>Subiungam</strong></span> <span class='ocrx_word' id='word_1_150' title='bbox 795 2064 895 2129; x_wconf 81' lang='lat' dir='ltr'><strong><em>his</em></strong></span> <span class='ocrx_word' id='word_1_151' title='bbox 944 2064 1213 2149; x_wconf 85' lang='lat' dir='ltr'><strong><em>denique</em></strong></span> <span class='ocrx_word' id='word_1_152' title='bbox 1260 2064 1430 2131; x_wconf 76' lang='lat' dir='ltr'>locos</span> <span class='ocrx_word' id='word_1_153' title='bbox 1478 2066 1783 2150; x_wconf 72' lang='lat' dir='ltr'><strong><em>quosdam</em></strong></span> <span class='ocrx_word' id='word_1_154' title='bbox 1830 2069 2107 2153; x_wconf 78' lang='lat' dir='ltr'><strong>Appiani</strong></span> <span class='ocrx_word' id='word_1_155' title='bbox 2154 2071 2492 2137; x_wconf 81' lang='lat' dir='ltr'><strong><em>manifesto</em></strong></span> <span class='ocrx_word' id='word_1_156' title='bbox 2540 2092 2618 2138; x_wconf 85' lang='lat' dir='ltr'><strong><em>ex</em></strong></span> 
     </span>
     <span class='ocr_line' id='line_1_18' title="bbox 231 2170 1357 2256; baseline -0.001 -20"><span class='ocrx_word' id='word_1_157' title='bbox 231 2170 557 2237; x_wconf 81' lang='lat' dir='ltr'>Herodoto</span> <span class='ocrx_word' id='word_1_158' title='bbox 602 2171 966 2236; x_wconf 77' lang='lat' dir='ltr'>imitatione</span> <span class='ocrx_word' id='word_1_159' title='bbox 1013 2191 1357 2256; x_wconf 79' lang='lat' dir='ltr'><strong><em>expressos,</em></strong></span> 
     </span>
    </p>

    <p class='ocr_par' dir='ltr' id='par_1_7' title="bbox 224 2276 2617 2677">
     <span class='ocr_line' id='line_1_19' title="bbox 323 2276 2617 2368; baseline 0.003 -26"><span class='ocrx_word' id='word_1_160' title='bbox 323 2277 566 2343; x_wconf 79' lang='lat' dir='ltr'><strong>Paulus</strong></span> <span class='ocrx_word' id='word_1_161' title='bbox 621 2276 937 2343; x_wconf 80' lang='lat' dir='ltr'>Aemilius</span> <span class='ocrx_word' id='word_1_162' title='bbox 1000 2278 1170 2362; x_wconf 83' lang='lat' dir='ltr'><strong>apud</strong></span> <span class='ocrx_word' id='word_1_163' title='bbox 1240 2278 1611 2364; x_wconf 82' lang='lat' dir='ltr'><strong>Appianum</strong></span> <span class='ocrx_word' id='word_1_164' title='bbox 1673 2280 1727 2344; x_wconf 94' lang='grc' dir='ltr'><strong>Ι.</strong></span> <span class='ocrx_word' id='word_1_165' title='bbox 1773 2301 1941 2368; x_wconf 77' lang='lat' dir='ltr'><strong>pag.</strong></span> <span class='ocrx_word' id='word_1_166' title='bbox 2012 2281 2163 2348; x_wconf 85' lang='lat'>535.</span> <span class='ocrx_word' id='word_1_167' title='bbox 2214 2283 2312 2347; x_wconf 83' lang='grc' dir='ltr'><strong><em>ἐπ’</em></strong></span> <span class='ocrx_word' id='word_1_168' title='bbox 2363 2286 2617 2366; x_wconf 77' lang='grc' dir='ltr'><strong><em>ἐμαυτῷ</em></strong></span> 
     </span>
     <span class='ocr_line' id='line_1_20' title="bbox 224 2383 2616 2467; baseline 0.004 -19"><span class='ocrx_word' id='word_1_169' title='bbox 224 2384 345 2463; x_wconf 79' lang='grc' dir='ltr'><strong><em>’μέν</em></strong></span> <span class='ocrx_word' id='word_1_170' title='bbox 407 2384 534 2460; x_wconf 80' lang='grc' dir='ltr'><strong><em>εἶμι</em></strong></span> <span class='ocrx_word' id='word_1_171' title='bbox 592 2383 1242 2464; x_wconf 74' lang='grc' dir='ltr'><strong><em>βαρυσυμφορώτατος</em></strong></span> <span class='ocrx_word' id='word_1_172' title='bbox 1268 2432 1284 2461; x_wconf 86' lang='grc'><strong><em>,</em></strong></span> <span class='ocrx_word' id='word_1_173' title='bbox 1351 2386 1449 2450; x_wconf 74' lang='grc' dir='ltr'><strong><em>ἐπὶ</em></strong></span> <span class='ocrx_word' id='word_1_174' title='bbox 1502 2385 1562 2449; x_wconf 78' lang='grc' dir='ltr'><strong><em>δὲ</em></strong></span> <span class='ocrx_word' id='word_1_175' title='bbox 1615 2386 1759 2463; x_wconf 80' lang='grc' dir='ltr'><strong><em>ὑμῖν</em></strong></span> <span class='ocrx_word' id='word_1_176' title='bbox 1806 2387 2156 2467; x_wconf 73' lang='grc' dir='ltr'><strong><em>άμέριμνος.</em></strong></span> <span class='ocrx_word' id='word_1_177' title='bbox 2252 2389 2616 2458; x_wconf 77' lang='lat' dir='ltr'>Herodotus</span> 
     </span>
     <span class='ocr_line' id='line_1_21' title="bbox 230 2487 2616 2578; baseline 0.003 -23"><span class='ocrx_word' id='word_1_178' title='bbox 230 2489 281 2555; x_wconf 94' lang='grc' dir='ltr'><strong>Ῑ.</strong></span> <span class='ocrx_word' id='word_1_179' title='bbox 350 2489 455 2553; x_wconf 85' lang='grc'><strong>45.</strong></span> <span class='ocrx_word' id='word_1_180' title='bbox 521 2489 1086 2568; x_wconf 69' lang='grc' dir='ltr'><strong><em>συγγινωσκόμενος</em></strong></span> <span class='ocrx_word' id='word_1_181' title='bbox 1133 2490 1451 2571; x_wconf 73' lang='grc' dir='ltr'><strong><em>ἀνθρώπων</em></strong></span> <span class='ocrx_word' id='word_1_182' title='bbox 1500 2487 1652 2557; x_wconf 75' lang='grc' dir='ltr'><strong><em>εἶναι</em></strong></span> <span class='ocrx_word' id='word_1_183' title='bbox 1702 2494 1820 2556; x_wconf 79' lang='grc' dir='ltr'><strong><em>τῶν</em></strong></span> <span class='ocrx_word' id='word_1_184' title='bbox 1867 2493 2055 2566; x_wconf 82' lang='grc' dir='ltr'><strong><em>αὑτὸς</em></strong></span> <span class='ocrx_word' id='word_1_185' title='bbox 2106 2494 2241 2577; x_wconf 71' lang='grc' dir='ltr'><strong><em>ᾔδεε</em></strong></span> <span class='ocrx_word' id='word_1_186' title='bbox 2289 2498 2616 2578; x_wconf 89' lang='grc' dir='ltr'><strong><em>βαρυσυμ-</em></strong></span> 
     </span>
     <span class='ocr_line' id='line_1_22' title="bbox 231 2596 606 2677; baseline 0.005 -17"><span class='ocrx_word' id='word_1_187' title='bbox 231 2596 606 2677; x_wconf 77' lang='grc' dir='ltr'><strong><em>φορώτατος.</em></strong></span> 
     </span>
    </p>

    <p class='ocr_par' dir='ltr' id='par_1_8' title="bbox 230 2702 2609 2895">
     <span class='ocr_line' id='line_1_23' title="bbox 324 2702 2609 2790; baseline 0.003 -22"><span class='ocrx_word' id='word_1_188' title='bbox 324 2702 530 2768; x_wconf 88' lang='lat' dir='ltr'><strong><em>Nemo</em></strong></span> <span class='ocrx_word' id='word_1_189' title='bbox 592 2709 840 2788; x_wconf 78' lang='lat' dir='ltr'><strong><em>praeter</em></strong></span> <span class='ocrx_word' id='word_1_190' title='bbox 899 2702 1293 2769; x_wconf 73' lang='lat' dir='ltr'>Herodotum</span> <span class='ocrx_word' id='word_1_191' title='bbox 1355 2704 1668 2770; x_wconf 77' lang='lat' dir='ltr'>adieetivo</span> <span class='ocrx_word' id='word_1_192' title='bbox 1729 2705 2211 2786; x_wconf 77' lang='grc' dir='ltr'><strong><em>βαρυσύμφορος</em></strong></span> <span class='ocrx_word' id='word_1_193' title='bbox 2260 2714 2372 2773; x_wconf 80' lang='lat' dir='ltr'><strong><em>aut</em></strong></span> <span class='ocrx_word' id='word_1_194' title='bbox 2417 2709 2609 2790; x_wconf 83' lang='grc' dir='ltr'><strong><em>βαρυ-</em></strong></span> 
     </span>
     <span class='ocr_line' id='line_1_24' title="bbox 230 2814 1444 2895; baseline 0 -20"><span class='ocrx_word' id='word_1_195' title='bbox 230 2814 716 2890; x_wconf 80' lang='grc' dir='ltr'><strong><em>συμφορώτατος</em></strong></span> <span class='ocrx_word' id='word_1_196' title='bbox 768 2831 1075 2895; x_wconf 80' lang='lat' dir='ltr'><strong>umquam</strong></span> <span class='ocrx_word' id='word_1_197' title='bbox 1126 2832 1280 2876; x_wconf 82' lang='lat' dir='ltr'><strong>usus</strong></span> <span class='ocrx_word' id='word_1_198' title='bbox 1327 2817 1444 2876; x_wconf 76' lang='lat' dir='ltr'>est.</span> 
     </span>
    </p>

    <p class='ocr_par' dir='ltr' id='par_1_9' title="bbox 232 2915 2606 3104">
     <span class='ocr_line' id='line_1_25' title="bbox 322 2915 2606 3002; baseline 0.003 -22"><span class='ocrx_word' id='word_1_199' title='bbox 322 2916 498 2982; x_wconf 89' lang='lat' dir='ltr'><strong><em>Idem</em></strong></span> <span class='ocrx_word' id='word_1_200' title='bbox 539 2917 704 3002; x_wconf 91' lang='lat' dir='ltr'><strong><em>quod</em></strong></span> <span class='ocrx_word' id='word_1_201' title='bbox 744 2915 1060 2981; x_wconf 82' lang='lat' dir='ltr'><strong>Aemilius</strong></span> <span class='ocrx_word' id='word_1_202' title='bbox 1100 2916 1316 3002; x_wconf 79' lang='lat' dir='ltr'><strong>paullo</strong></span> <span class='ocrx_word' id='word_1_203' title='bbox 1356 2923 1502 2983; x_wconf 82' lang='lat' dir='ltr'><strong><em>ante</em></strong></span> <span class='ocrx_word' id='word_1_204' title='bbox 1539 2921 1634 2982; x_wconf 79' lang='lat' dir='ltr'><strong><em>ita</em></strong></span> <span class='ocrx_word' id='word_1_205' title='bbox 1669 2918 1862 2983; x_wconf 71' lang='lat' dir='ltr'>dicit:</span> <span class='ocrx_word' id='word_1_206' title='bbox 1902 2918 2033 2999; x_wconf 75' lang='grc' dir='ltr'><strong><em>περὶ</em></strong></span> <span class='ocrx_word' id='word_1_207' title='bbox 2074 2920 2234 2995; x_wconf 82' lang='grc' dir='ltr'><strong><em>ὑμῶν</em></strong></span> <span class='ocrx_word' id='word_1_208' title='bbox 2262 2920 2606 2987; x_wconf 78' lang='grc' dir='ltr'><strong><em>ἐδεδοίκειν·</em></strong></span> 
     </span>
     <span class='ocr_line' id='line_1_26' title="bbox 232 3022 2228 3104; baseline 0 -17"><span class='ocrx_word' id='word_1_209' title='bbox 232 3024 509 3104; x_wconf 80' lang='grc' dir='ltr'><strong><em>φθονερὸς</em></strong></span> <span class='ocrx_word' id='word_1_210' title='bbox 560 3024 686 3103; x_wconf 76' lang='grc' dir='ltr'><strong><em>γάρ</em></strong></span> <span class='ocrx_word' id='word_1_211' title='bbox 730 3023 757 3086; x_wconf 82' lang='grc' dir='ltr'><strong><em>ό</em></strong></span> <span class='ocrx_word' id='word_1_212' title='bbox 806 3023 1038 3101; x_wconf 90' lang='grc' dir='ltr'><strong><em>δαίμων</em></strong></span> <span class='ocrx_word' id='word_1_213' title='bbox 1086 3026 1376 3089; x_wconf 77' lang='lat' dir='ltr'><strong>manavit</strong></span> <span class='ocrx_word' id='word_1_214' title='bbox 1423 3045 1500 3088; x_wconf 81' lang='lat' dir='ltr'><strong><em>ex</em></strong></span> <span class='ocrx_word' id='word_1_215' title='bbox 1545 3022 1909 3090; x_wconf 81' lang='lat' dir='ltr'>Herodoteo</span> <span class='ocrx_word' id='word_1_216' title='bbox 1956 3024 2065 3090; x_wconf 94' lang='grc' dir='ltr'><strong>ΙΙΙ.</strong></span> <span class='ocrx_word' id='word_1_217' title='bbox 2122 3026 2228 3090; x_wconf 88' lang='lat'><strong><em>40.</em></strong></span> 
     </span>
    </p>

    <p class='ocr_par' dir='ltr' id='par_1_10' title="bbox 226 3129 2618 3525">
     <span class='ocr_line' id='line_1_27' title="bbox 324 3129 2615 3217; baseline 0.003 -24"><span class='ocrx_word' id='word_1_218' title='bbox 324 3131 651 3214; x_wconf 81' lang='lat' dir='ltr'><strong>Appianus</strong></span> <span class='ocrx_word' id='word_1_219' title='bbox 697 3129 748 3193; x_wconf 94' lang='lat' dir='ltr'><strong><em>I.</em></strong></span> <span class='ocrx_word' id='word_1_220' title='bbox 802 3150 946 3217; x_wconf 80' lang='lat' dir='ltr'><strong>pag.</strong></span> <span class='ocrx_word' id='word_1_221' title='bbox 1001 3130 1149 3194; x_wconf 81' lang='lat'><strong><em>434.</em></strong></span> <span class='ocrx_word' id='word_1_222' title='bbox 1202 3135 1311 3203; x_wconf 74' lang='grc' dir='ltr'><strong><em>τὴν</em></strong></span> <span class='ocrx_word' id='word_1_223' title='bbox 1361 3131 1783 3210; x_wconf 76' lang='grc' dir='ltr'><strong><em>Καρχηδονίων</em></strong></span> <span class='ocrx_word' id='word_1_224' title='bbox 1831 3130 2085 3207; x_wconf 88' lang='grc' dir='ltr'><strong><em>δύναμιν</em></strong></span> <span class='ocrx_word' id='word_1_225' title='bbox 2134 3134 2320 3205; x_wconf 85' lang='grc' dir='ltr'><strong><em>αὑτὸς</em></strong></span> <span class='ocrx_word' id='word_1_226' title='bbox 2361 3136 2422 3207; x_wconf 81' lang='grc' dir='ltr'><strong><em>ἐς</em></strong></span> <span class='ocrx_word' id='word_1_227' title='bbox 2466 3133 2615 3213; x_wconf 90' lang='grc' dir='ltr'><strong><em>γόνυ</em></strong></span> 
     </span>
     <span class='ocr_line' id='line_1_28' title="bbox 228 3235 2618 3323; baseline 0.003 -23"><span class='ocrx_word' id='word_1_228' title='bbox 228 3236 482 3315; x_wconf 81' lang='grc' dir='ltr'><strong><em>βαλών,</em></strong></span> <span class='ocrx_word' id='word_1_229' title='bbox 558 3242 623 3300; x_wconf 78' lang='lat' dir='ltr'><strong><em>et</em></strong></span> <span class='ocrx_word' id='word_1_230' title='bbox 678 3235 739 3298; x_wconf 92' lang='lat' dir='ltr'><strong><em>-I.</em></strong></span> <span class='ocrx_word' id='word_1_231' title='bbox 805 3257 951 3323; x_wconf 78' lang='lat' dir='ltr'><strong>pag.</strong></span> <span class='ocrx_word' id='word_1_232' title='bbox 1022 3235 1173 3300; x_wconf 82' lang='lat'>330.</span> <span class='ocrx_word' id='word_1_233' title='bbox 1248 3238 1517 3301; x_wconf 80' lang='grc' dir='ltr'><strong><em>Σκιπίων</em></strong></span> <span class='ocrx_word' id='word_1_234' title='bbox 1569 3274 1651 3284; x_wconf 90' lang='grc'><strong>-</strong></span> <span class='ocrx_word' id='word_1_235' title='bbox 1703 3237 1764 3306; x_wconf 81' lang='grc' dir='ltr'><strong><em>ἐς</em></strong></span> <span class='ocrx_word' id='word_1_236' title='bbox 1829 3236 1980 3314; x_wconf 85' lang='grc' dir='ltr'><strong><em>γόνυ</em></strong></span> <span class='ocrx_word' id='word_1_237' title='bbox 2046 3239 2130 3303; x_wconf 77' lang='grc' dir='ltr'><strong><em>τά</em></strong></span> <span class='ocrx_word' id='word_1_238' title='bbox 2193 3242 2618 3321; x_wconf 81' lang='grc' dir='ltr'><strong><em>Καρχηδονίων</em></strong></span> 
     </span>
     <span class='ocr_line' id='line_1_29' title="bbox 226 3340 2615 3431; baseline 0.003 -24"><span class='ocrx_word' id='word_1_239' title='bbox 226 3342 622 3419; x_wconf 80' lang='grc' dir='ltr'><strong><em>καταβαλὼν</em></strong></span> <span class='ocrx_word' id='word_1_240' title='bbox 682 3340 917 3406; x_wconf 87' lang='grc' dir='ltr'><strong><em>πάντα.</em></strong></span> <span class='ocrx_word' id='word_1_241' title='bbox 1012 3343 1297 3409; x_wconf 78' lang='lat' dir='ltr'>Praeivit</span> <span class='ocrx_word' id='word_1_242' title='bbox 1358 3345 1417 3407; x_wconf 89' lang='lat' dir='ltr'><strong><em>ei</em></strong></span> <span class='ocrx_word' id='word_1_243' title='bbox 1463 3340 1827 3408; x_wconf 79' lang='lat' dir='ltr'>Herodotus</span> <span class='ocrx_word' id='word_1_244' title='bbox 1878 3340 1986 3409; x_wconf 88' lang='lat' dir='ltr'><strong><em>VI.</em></strong></span> <span class='ocrx_word' id='word_1_245' title='bbox 2035 3343 2140 3411; x_wconf 89' lang='grc'><strong>27.</strong></span> <span class='ocrx_word' id='word_1_246' title='bbox 2199 3347 2232 3421; x_wconf 77' lang='grc' dir='ltr'><strong><em>ἦ</em></strong></span> <span class='ocrx_word' id='word_1_247' title='bbox 2284 3348 2615 3431; x_wconf 81' lang='grc' dir='ltr'><strong><em>ναυμαχίη</em></strong></span> 
     </span>
     <span class='ocr_line' id='line_1_30' title="bbox 229 3446 1294 3525; baseline 0.001 -14"><span class='ocrx_word' id='word_1_248' title='bbox 229 3487 311 3496; x_wconf 83' lang='lat'><strong><em>—-</em></strong></span> <span class='ocrx_word' id='word_1_249' title='bbox 342 3449 403 3520; x_wconf 78' lang='grc' dir='ltr'><strong><em>ἐς</em></strong></span> <span class='ocrx_word' id='word_1_250' title='bbox 454 3447 603 3525; x_wconf 90' lang='grc' dir='ltr'><strong><em>γόνυ</em></strong></span> <span class='ocrx_word' id='word_1_251' title='bbox 652 3450 762 3521; x_wconf 69' lang='grc' dir='ltr'><strong><em>τὴν</em></strong></span> <span class='ocrx_word' id='word_1_252' title='bbox 810 3446 987 3511; x_wconf 84' lang='grc' dir='ltr'><strong><em>πόλιν</em></strong></span> <span class='ocrx_word' id='word_1_253' title='bbox 1038 3447 1294 3525; x_wconf 80' lang='grc' dir='ltr'><strong><em>ἔβαλεν.</em></strong></span> 
     </span>
    </p>

    <p class='ocr_par' dir='ltr' id='par_1_11' title="bbox 218 3551 2619 4058">
     <span class='ocr_line' id='line_1_31' title="bbox 318 3551 2619 3641; baseline 0.003 -23"><span class='ocrx_word' id='word_1_254' title='bbox 318 3551 649 3639; x_wconf 78' lang='lat' dir='ltr'><strong>Appianus</strong></span> <span class='ocrx_word' id='word_1_255' title='bbox 705 3552 787 3618; x_wconf 95' lang='grc' dir='ltr'><strong>ΙΙ.</strong></span> <span class='ocrx_word' id='word_1_256' title='bbox 851 3575 993 3641; x_wconf 80' lang='lat' dir='ltr'><strong>pag.</strong></span> <span class='ocrx_word' id='word_1_257' title='bbox 1066 3551 1217 3619; x_wconf 87' lang='grc'><strong>776.</strong></span> <span class='ocrx_word' id='word_1_258' title='bbox 1280 3552 1490 3623; x_wconf 78' lang='grc' dir='ltr'><strong><em>Κέςιος</em></strong></span> <span class='ocrx_word' id='word_1_259' title='bbox 1555 3552 1619 3618; x_wconf 80' lang='grc' dir='ltr'><strong><em>δέ</em></strong></span> <span class='ocrx_word' id='word_1_260' title='bbox 1676 3576 1769 3623; x_wconf 80' lang='grc' dir='ltr'><strong><em>τις</em></strong></span> <span class='ocrx_word' id='word_1_261' title='bbox 1820 3555 2316 3638; x_wconf 80' lang='grc' dir='ltr'><strong><em>ὑπομαργότερος</em></strong></span> <span class='ocrx_word' id='word_1_262' title='bbox 2367 3598 2448 3607; x_wconf 85' lang='grc'><strong>-</strong></span> <span class='ocrx_word' id='word_1_263' title='bbox 2497 3560 2619 3627; x_wconf 78' lang='grc' dir='ltr'><strong><em>ἐνέ-</em></strong></span> 
     </span>
     <span class='ocr_line' id='line_1_32' title="bbox 220 3656 2617 3751; baseline 0.004 -27"><span class='ocrx_word' id='word_1_264' title='bbox 220 3684 418 3737; x_wconf 86' lang='grc' dir='ltr'><strong><em>πρησε</em></strong></span> <span class='ocrx_word' id='word_1_265' title='bbox 489 3662 598 3733; x_wconf 70' lang='grc' dir='ltr'><strong><em>τὴν</em></strong></span> <span class='ocrx_word' id='word_1_266' title='bbox 670 3660 882 3723; x_wconf 77' lang='grc' dir='ltr'><strong><em>οἰκίαν.</em></strong></span> <span class='ocrx_word' id='word_1_267' title='bbox 941 3659 1148 3725; x_wconf 89' lang='lat' dir='ltr'><strong><em>Nemo</em></strong></span> <span class='ocrx_word' id='word_1_268' title='bbox 1214 3656 1518 3724; x_wconf 79' lang='lat' dir='ltr'><strong><em>Veterum</em></strong></span> <span class='ocrx_word' id='word_1_269' title='bbox 1587 3660 2086 3741; x_wconf 76' lang='grc' dir='ltr'><strong><em>ὑπομαργότερος</em></strong></span> <span class='ocrx_word' id='word_1_270' title='bbox 2154 3664 2319 3730; x_wconf 71' lang='lat' dir='ltr'>dixit</span> <span class='ocrx_word' id='word_1_271' title='bbox 2370 3673 2617 3751; x_wconf 77' lang='lat' dir='ltr'><strong><em>praeter</em></strong></span> 
     </span>
     <span class='ocr_line' id='line_1_33' title="bbox 218 3764 2617 3848; baseline 0.003 -16"><span class='ocrx_word' id='word_1_272' title='bbox 218 3765 619 3832; x_wconf 79' lang='lat' dir='ltr'>Herodotum</span> <span class='ocrx_word' id='word_1_273' title='bbox 674 3764 784 3830; x_wconf 91' lang='lat'>111.</span> <span class='ocrx_word' id='word_1_274' title='bbox 836 3765 943 3829; x_wconf 82' lang='lat'><strong><em>29.</em></strong></span> <span class='ocrx_word' id='word_1_275' title='bbox 1006 3767 1032 3831; x_wconf 80' lang='grc' dir='ltr'><em>ὃ</em></span> <span class='ocrx_word' id='word_1_276' title='bbox 1085 3766 1438 3844; x_wconf 82' lang='grc' dir='ltr'><strong><em>Καμβύσης</em></strong></span> <span class='ocrx_word' id='word_1_277' title='bbox 1492 3767 1599 3830; x_wconf 81' lang='grc' dir='ltr'><strong><em>ἐὼν</em></strong></span> <span class='ocrx_word' id='word_1_278' title='bbox 1651 3767 2191 3848; x_wconf 82' lang='grc' dir='ltr'><strong><em>ὑπομαργότερος,</em></strong></span> <span class='ocrx_word' id='word_1_279' title='bbox 2244 3778 2308 3836; x_wconf 78' lang='lat' dir='ltr'><strong><em>et</em></strong></span> <span class='ocrx_word' id='word_1_280' title='bbox 2348 3769 2463 3837; x_wconf 87' lang='lat' dir='ltr'><strong><em>VI.</em></strong></span> <span class='ocrx_word' id='word_1_281' title='bbox 2508 3769 2617 3839; x_wconf 88' lang='lat'><strong><em>75.</em></strong></span> 
     </span>
     <span class='ocr_line' id='line_1_34' title="bbox 218 3872 2615 3961; baseline 0.002 -22"><span class='ocrx_word' id='word_1_282' title='bbox 218 3874 573 3949; x_wconf 84' lang='grc' dir='ltr'><strong><em>Κλεομένεα</em></strong></span> <span class='ocrx_word' id='word_1_283' title='bbox 626 3872 914 3950; x_wconf 70' lang='grc' dir='ltr'><strong><em>ὑπέλαβε</em></strong></span> <span class='ocrx_word' id='word_1_284' title='bbox 964 3872 1151 3948; x_wconf 88' lang='grc' dir='ltr'><strong><em>μανίη</em></strong></span> <span class='ocrx_word' id='word_1_285' title='bbox 1202 3873 1356 3961; x_wconf 90' lang='lat' dir='ltr'>(leg.</span> <span class='ocrx_word' id='word_1_286' title='bbox 1407 3873 1664 3959; x_wconf 83' lang='grc' dir='ltr'><strong><em>μανιάς)</em></strong></span> <span class='ocrx_word' id='word_1_287' title='bbox 1718 3879 1918 3946; x_wconf 76' lang='grc' dir='ltr'><strong><em>νοῦσος</em></strong></span> <span class='ocrx_word' id='word_1_288' title='bbox 1964 3876 2142 3941; x_wconf 83' lang='grc' dir='ltr'><strong><em>ἐόντα</em></strong></span> <span class='ocrx_word' id='word_1_289' title='bbox 2185 3877 2289 3943; x_wconf 78' lang='grc' dir='ltr'><strong><em>καὶ</em></strong></span> <span class='ocrx_word' id='word_1_290' title='bbox 2332 3876 2615 3959; x_wconf 86' lang='grc' dir='ltr'><strong><em>πρότερον</em></strong></span> 
     </span>
     <span class='ocr_line' id='line_1_35' title="bbox 220 3978 1246 4058; baseline -0.001 -15"><span class='ocrx_word' id='word_1_291' title='bbox 220 3979 755 4058; x_wconf 81' lang='grc' dir='ltr'><strong><em>ὑπομαργότερον,</em></strong></span> <span class='ocrx_word' id='word_1_292' title='bbox 806 3984 869 4043; x_wconf 78' lang='lat' dir='ltr'><strong><em>et</em></strong></span> <span class='ocrx_word' id='word_1_293' title='bbox 918 3978 1039 4044; x_wconf 92' lang='lat' dir='ltr'><strong>III.</strong></span> <span class='ocrx_word' id='word_1_294' title='bbox 1100 3978 1246 4043; x_wconf 83' lang='lat'><strong><em>145.</em></strong></span> 
     </span>
    </p>

    <p class='ocr_par' dir='ltr' id='par_1_12' title="bbox 212 4083 2611 4473">
     <span class='ocr_line' id='line_1_36' title="bbox 314 4083 2611 4171; baseline 0.002 -21"><span class='ocrx_word' id='word_1_295' title='bbox 314 4085 649 4170; x_wconf 80' lang='lat' dir='ltr'><strong>Appianus</strong></span> <span class='ocrx_word' id='word_1_296' title='bbox 697 4083 746 4147; x_wconf 91' lang='grc' dir='ltr'><strong>Ι.</strong></span> <span class='ocrx_word' id='word_1_297' title='bbox 803 4105 948 4171; x_wconf 78' lang='lat' dir='ltr'><strong>pag.</strong></span> <span class='ocrx_word' id='word_1_298' title='bbox 1002 4083 1151 4147; x_wconf 82' lang='lat'><strong>322.</strong></span> <span class='ocrx_word' id='word_1_299' title='bbox 1202 4085 1344 4156; x_wconf 85' lang='grc' dir='ltr'><strong><em>τοὺς</em></strong></span> <span class='ocrx_word' id='word_1_300' title='bbox 1393 4086 1640 4153; x_wconf 81' lang='grc' dir='ltr'><strong><em>λοιποὺς</em></strong></span> <span class='ocrx_word' id='word_1_301' title='bbox 1692 4086 1750 4156; x_wconf 82' lang='grc' dir='ltr'><strong><em>ἐς</em></strong></span> <span class='ocrx_word' id='word_1_302' title='bbox 1796 4085 1913 4156; x_wconf 79' lang='grc' dir='ltr'><strong><em>τάς</em></strong></span> <span class='ocrx_word' id='word_1_303' title='bbox 1953 4083 2181 4164; x_wconf 81' lang='grc' dir='ltr'><strong><em>πέτρας</em></strong></span> <span class='ocrx_word' id='word_1_304' title='bbox 2222 4086 2611 4166; x_wconf 75' lang='grc' dir='ltr'><strong><em>κατήραξαν.</em></strong></span> 
     </span>
     <span class='ocr_line' id='line_1_37' title="bbox 212 4187 2610 4278; baseline 0 -21"><span class='ocrx_word' id='word_1_305' title='bbox 212 4191 582 4258; x_wconf 74' lang='lat' dir='ltr'>Herodotus</span> <span class='ocrx_word' id='word_1_306' title='bbox 647 4189 758 4254; x_wconf 88' lang='lat' dir='ltr'><strong><em>IX.</em></strong></span> <span class='ocrx_word' id='word_1_307' title='bbox 823 4187 927 4254; x_wconf 85' lang='lat'><strong><em>69.</em></strong></span> <span class='ocrx_word' id='word_1_308' title='bbox 1002 4192 1143 4261; x_wconf 83' lang='grc' dir='ltr'><strong><em>τοὺς</em></strong></span> <span class='ocrx_word' id='word_1_309' title='bbox 1209 4190 1453 4261; x_wconf 77' lang='grc' dir='ltr'><strong><em>λοιποὺς</em></strong></span> <span class='ocrx_word' id='word_1_310' title='bbox 1520 4191 1885 4269; x_wconf 78' lang='grc' dir='ltr'><strong><em>κατήραξαν</em></strong></span> <span class='ocrx_word' id='word_1_311' title='bbox 1949 4191 2314 4278; x_wconf 77' lang='grc' dir='ltr'><strong><em>[διώκοντες]</em></strong></span> <span class='ocrx_word' id='word_1_312' title='bbox 2384 4195 2444 4267; x_wconf 71' lang='grc' dir='ltr'><strong><em>ἐς</em></strong></span> <span class='ocrx_word' id='word_1_313' title='bbox 2504 4196 2610 4262; x_wconf 83' lang='grc' dir='ltr'><strong><em>τὸν</em></strong></span> 
     </span>
     <span class='ocr_line' id='line_1_38' title="bbox 219 4296 2608 4390; baseline 0.002 -26"><span class='ocrx_word' id='word_1_314' title='bbox 219 4300 594 4380; x_wconf 82' lang='grc' dir='ltr'><strong><em>Κιθαιρῶνα,</em></strong></span> <span class='ocrx_word' id='word_1_315' title='bbox 660 4297 771 4361; x_wconf 88' lang='lat' dir='ltr'><strong><em>ubi</em></strong></span> <span class='ocrx_word' id='word_1_316' title='bbox 830 4296 1213 4384; x_wconf 77' lang='lat' dir='ltr'><strong>languidum</strong></span> <span class='ocrx_word' id='word_1_317' title='bbox 1264 4302 1329 4363; x_wconf 80' lang='lat' dir='ltr'><strong><em>et</em></strong></span> <span class='ocrx_word' id='word_1_318' title='bbox 1376 4298 1541 4363; x_wconf 81' lang='lat' dir='ltr'><strong>iners</strong></span> <span class='ocrx_word' id='word_1_319' title='bbox 1590 4304 1655 4362; x_wconf 77' lang='lat' dir='ltr'><strong><em>et</em></strong></span> <span class='ocrx_word' id='word_1_320' title='bbox 1702 4296 1932 4362; x_wconf 77' lang='lat' dir='ltr'><strong>inutile</strong></span> <span class='ocrx_word' id='word_1_321' title='bbox 1975 4297 2284 4372; x_wconf 79' lang='grc' dir='ltr'><strong><em>διώκοντες</em></strong></span> <span class='ocrx_word' id='word_1_322' title='bbox 2334 4302 2608 4390; x_wconf 79' lang='lat' dir='ltr'><strong><em>interpo-</em></strong></span> 
     </span>
     <span class='ocr_line' id='line_1_39' title="bbox 239 4402 939 4473; baseline -0.006 -1"><span class='ocrx_word' id='word_1_323' title='bbox 239 4409 427 4472; x_wconf 76' lang='lat' dir='ltr'><strong>atum</strong></span> <span class='ocrx_word' id='word_1_324' title='bbox 476 4423 624 4471; x_wconf 75' lang='lat' dir='ltr'>esse·</span> <span class='ocrx_word' id='word_1_325' title='bbox 659 4402 939 4473; x_wconf 79' lang='lat' dir='ltr'><strong><em>videtur.</em></strong></span> 
     </span>
    </p>
   </div>
  </div>
 </body>
</html>
