3192 5017
1508 1122 1589 1204 J.
1644 1123 1736 1205 B.
1790 1123 2042 1205 KAN

1722 1342 1762 1375 ⁸.
1800 1343 1850 1377 D·

1414 1517 1504 1602 G.
1572 1520 1675 1602 G.
1739 1519 2167 1603 OOBE'P

1705 1714 1751 1747 V.
1788 1713 1864 1748 012.

1291 1829 1730 1913 (Continuatur
1788 1854 1863 1894 ex
1894 1854 2035 1912 paq.
2087 1828 2273 1910 200).

1579 2127 1987 2173 woo-

682 2392 887 2480 l'ergo
935 2390 1267 2457 nonnullos
1312 2390 1482 2455 locos
1528 2412 1606 2455 ex
1652 2390 1899 2456 Latinis
1946 2395 2360 2477 scriptoribus
2400 2394 2771 2478 desumptos
2813 2403 2980 2459 trac-

589 2507 756 2576 tare,
819 2506 1009 2583 atque
1071 2497 1353 2581 primum
1425 2498 1762 2562 verborum
1825 2501 2037 2562 exitus
2099 2498 2269 2563 male
2334 2507 2663 2584 corruptos
2732 2501 2982 2564 duobus

588 2604 901 2689 exemplis
948 2625 1025 2668 ex
1074 2601 1361 2669 Caesaris
1407 2605 1884 2667 commentariis
1933 2604 2010 2668 de
2059 2603 2226 2670 bello
2275 2603 2525 2670 Gallico
2571 2608 2795 2690 petitis
2844 2626 2983 2692 pro·

593 2712 855 2775 baturus
908 2732 1074 2774 eum.

679 2815 950 2881 Summo
976 2815 1292 2880 editorum
1317 2834 1623 2879 consensu
1649 2814 1888 2902 legitur
1913 2815 1985 2878 L.
2015 2815 2062 2879 1.
2090 2837 2143 2880 c.
2173 2801 2297 2880 443
2318 2816 2562 2882 Debere
2584 2837 2651 2880 ae
2673 2820 2983 2902 suspicari

589 2922 895 2987 simulata
957 2919 1289 2986 Caesarem
1356 2923 1643 2985 amicitia
1702 2923 1862 3004 quod
1918 2924 2269 2986 exercitum
2332 2923 2400 2985 in
2446 2919 2662 2988 Gallia
2707 2922 2980 3001 habeat,

589 3029 690 3092 eui
734 3027 1131 3113 opprimendi
1175 3046 1364 3092 causa
1411 3025 1659 3090 habere.
1719 3028 1892 3102 Quod
1930 3027 2078 3091 ferri
2120 3030 2362 3112 nequit.
2412 3027 2774 3092 Ariovistus
2797 3030 2979 3093 enim

590 3136 714 3201 eibi
775 3141 1057 3199 constare
1122 3134 1246 3208 ait,
1308 3129 1643 3197 Caesarem
1703 3131 2009 3197 simulata
2069 3133 2357 3198 amicitia
2419 3153 2565 3197 eum
2626 3136 2981 3200 exercitum

590 3260 780 3323 quem
844 3242 910 3302 in
972 3235 1189 3304 Gallia
1229 3237 1499 3319 habeat,
1549 3239 1651 3301 sui
1698 3239 2099 3322 opprimendi
2147 3259 2337 3303 causa
2381 3237 2629 3302 habere.
2726 3237 2979 3326 Legen-

592 3345 745 3408 dum
796 3346 1000 3431 igitur
1046 3363 1157 3427 pro
1206 3344 1646 3407 coniunctione
1669 3391 1685 3418 ,
1735 3341 2077 3407 relativum
2128 3367 2293 3428 quem
2339 3350 2457 3408 cet.

683 3449 1016 3514 Eiusmodi
1076 3451 1312 3516 vitium
1376 3468 1625 3533 quoque
1683 3447 1843 3513 latet
1902 3451 1970 3512 in
2018 3447 2091 3514 O.
2142 3447 2265 3532 47,
2314 3451 2427 3514 ubi
2473 3448 2663 3515 haec:
2719 3472 2795 3527 „e
2848 3455 2977 3517 auis

588 3556 800 3636 leqatis
864 3554 1056 3640 (quod
1121 3552 1501 3618 vocabulum
1570 3553 1874 3618 Dinterua
1924 3556 2174 3619 uncinis
2219 3554 2511 3640 inclusit)
2563 3555 2847 3641 aliquem
2901 3557 2977 3622 ad

592 3682 658 3725 se
706 3659 1036 3725 mitteret”
1085 3668 1206 3723 cet.

683 3766 778 3844 „E
836 3769 970 3830 suis
1029 3768 1284 3845 teyntuna
1332 3765 1658 3848 aliquem”
1708 3769 2055 3852 genuinam
2104 3787 2238 3831 esse
2283 3765 2619 3832 lectionem
2672 3777 2736 3833 et
2783 3768 2977 3834 verba

586 3895 746 3961 quae
808 3883 1191 3955 sequuntur:
1265 3870 1626 3957 „Legatum
1684 3893 1718 3935 e
1780 3874 1913 3936 suis
1976 3893 2111 3936 sese
2173 3893 2405 3959 magno
2454 3894 2602 3938 cum
2652 3873 2973 3958 periculo”

587 3990 707 4045 cet.
755 3981 1024 4065 probant
1069 3983 1136 4041 et
1178 3978 1341 4042 ratio
1389 3997 1539 4041 sana
1576 3979 1834 4042 evincit.
1884 3976 2051 4056 Quid
2092 3980 2261 4042 enim
2299 3977 2611 4045 Ariovisti
2636 3982 2971 4053 intererat,

589 4090 954 4151 mitteretne
1017 4079 1245 4147 Caesar
1307 4082 1583 4167 aliquem
1652 4104 1686 4147 e
1752 4083 1982 4170 legatis
2048 4105 2126 4148 an
2190 4104 2268 4148 ex
2315 4082 2505 4149 aliis?
2550 4084 2772 4150 Nonne
2817 4087 2973 4149 satia

584 4201 721 4257 erat
767 4191 820 4254 si
874 4209 1071 4253 unum
1124 4209 1157 4251 e
1204 4190 1336 4251 suis
1384 4185 1672 4273 legaret?

675 4296 983 4359 Locorum
1059 4314 1134 4357 ex
1207 4290 1528 4359 Ciceronis
1599 4292 1872 4358 Ver-rina
1919 4293 2002 4358 IV
2054 4315 2205 4379 par,
2267 4298 2436 4381 quod
2484 4299 2644 4364 vitio
2690 4297 2967 4375 laborat,

571 4405 958 4487 subiungere
1006 4397 1200 4465 libet:
1253 4396 1409 4485 Cap.
1460 4398 1555 4464 1ss
1602 4400 1640 4484 ἓ
1693 4400 1733 4463 6
1781 4408 1846 4465 et
1894 4398 1954 4465 V
1995 4403 2032 4485 ξ
2082 4402 2122 4466 9
2171 4410 2349 4488 puto.
