3192 5017
1122 318 1625 367 amswrnsmzs.
2439 298 2572 367 383

201 500 373 555 totum
420 494 692 556 tribunal
736 494 1018 576 implevit.
1112 492 1254 558 Non
1303 489 1513 558 multo
1559 489 1746 555 aliter
1794 490 2179 555 Plutarchus
2227 493 2572 558 memoriae

202 598 473 684 prodidit
525 601 589 664 in
649 601 786 666 vita
851 601 1116 666 Antonii
1180 600 1256 664 9:
1322 598 1583 677 λέγεται
1648 602 1836 676 γοῦν,
1899 599 1976 668 ὡς
2025 598 2085 661 ἐν
2133 596 2374 662 Ἱππίου
2421 599 2568 663 ποτὲ

198 709 296 769 τοῦ
366 707 562 783 μίμου
627 704 860 784 γώμοις
925 705 1182 777 ὲςιαθεὶς
1247 704 1352 770 καὶ
1420 706 1568 770 πιὼν
1626 703 1728 769 διὰ
1794 704 2039 781 νυκτός,
2095 699 2236 768 εἶτα
2285 702 2411 784 πρῲ
2460 710 2567 770 τοῦ

201 811 383 888 δήμου
444 817 776 884 καλοῦντος
842 814 927 884 εἷς
991 813 1230 893 ἀγορὰν
1276 812 1575 891 προελθὼν
1625 809 1709 875 ἔτι
1765 817 1997 892 τροφῆς
2046 812 2233 889 μεςὸς
2289 812 2527 890 ἐμέσειε
2552 861 2569 890 ,

197 921 306 983 τῶν
350 921 553 1000 φίλων
600 920 757 992 τινος
809 920 1186 1000 ὑποσχόντος
1235 918 1305 983 τὸ
1354 917 1711 994 ἱμάτιον.
1805 919 1931 983 Ain
1978 915 2278 983 tandem?
2349 918 2572 983 Potuit

199 1025 450 1090 fortasse
514 1046 681 1090 unus
727 1047 805 1090 ex
849 1027 1071 1091 amicis
1117 1031 1340 1112 togam
1390 1045 1568 1089 suam
1623 1024 1971 1110 explicare,
2019 1031 2094 1088 ut
2140 1024 2401 1090 haberet
2448 1026 2575 1090 An·

198 1132 399 1195 tonius
446 1131 974 1216 παραπέτασμα,
1026 1137 1167 1217 post
1214 1130 1386 1216 quod
1433 1129 1697 1205 lateret,
1747 1130 1855 1195 sed
1895 1150 2051 1195 num
2089 1133 2285 1196 etiam
2329 1129 2571 1211 ὑπέσχε

194 1238 259 1301 τὸ
319 1238 566 1316 ἱμάτιον
588 1286 604 1317 ,
665 1260 745 1304 ne
794 1238 948 1324 quid
996 1239 1157 1304 forte
1205 1259 1283 1303 ex
1327 1237 1549 1302 frustis
1597 1236 1729 1302 illis
1776 1235 2117 1302 esculentis
2163 1237 2286 1301 sibi
2335 1236 2576 1322 deperi-

195 1341 324 1408 ret?
380 1345 524 1411 Hoc
568 1366 647 1410 ne
695 1352 761 1410 in
810 1344 1108 1431 Dionysii
1155 1344 1415 1429 quidem
1464 1342 1612 1409 aula
1657 1363 1964 1428 umquam
2014 1342 2378 1409 factitatum
2429 1343 2570 1408 fuit.

195 1448 350 1529 Quid
413 1438 633 1539 igitur*
681 1449 830 1516 ille?
897 1452 1122 1516 Amice
1184 1450 1499 1516 matulam
1564 1453 1882 1536 porrexit:
1948 1448 2324 1530 ὑποσχόντος
2373 1474 2574 1527 ςαμ-

194 1556 259 1619 νί
272 1578 378 1634 ον,
443 1578 596 1622 nam
645 1557 763 1622 hoc
811 1555 983 1621 malo
1032 1577 1225 1642 quam
1274 1557 1514 1633 ἀμίδων
1563 1562 1820 1641 propter
1867 1554 2140 1620 Sextum
2191 1556 2379 1642 Emp.
2429 1558 2570 1623 adv.

195 1660 477 1728 Gramm.
529 1661 663 1727 234
711 1684 767 1748 p.
822 1661 955 1727 265
1004 1669 1068 1728 et
1115 1662 1556 1749 Phrynichum
1605 1661 1780 1746 Epit.
1830 1683 1892 1747 p.
1947 1662 2118 1739 400,
2169 1662 2282 1726 ubi
2321 1662 2577 1728 consule

193 1764 606 1835 Lobeckium.
655 1766 956 1836 Ceterum
998 1776 1073 1834 ut
1112 1768 1189 1833 ad
1232 1771 1721 1853 Aristophanem
1763 1768 2012 1833 redeam
2039 1818 2057 1852 ,
2097 1770 2310 1848 χύτρα
2335 1777 2399 1834 et
2422 1770 2573 1845 ἀμίς

194 1873 412 1939 itidem
452 1878 932 1963 coniunguntur
953 1877 1020 1940 in
1046 1877 1339 1940 Axionici
1364 1874 1724 1961 fragmento
1748 1873 1916 1959 apud
1940 1873 2268 1941 Pollucem
2297 1874 2380 1940 X.
2412 1875 2574 1941 122:

529 1982 834 2063 τρύβλια,
877 1984 1174 2062 χύτρα,
1226 1981 1551 2055 λοπάδιον,
1604 1978 1764 2058 ὀξίς,
1811 1984 2002 2060 χοῦς,
2054 1982 2273 2059 οὶμΙς.

197 2084 631 2155 Memorantur
692 2092 909 2154 autem
973 2088 1193 2164 ἆμΙδες
1241 2089 1512 2166 ἀργυραῖ
1553 2089 1622 2152 in
1674 2084 1963 2154 Crameri
2007 2087 2246 2154 Anecd.
2295 2086 2499 2153 Paris.
2547 2087 2578 2153 Ι

196 2210 253 2275 p.
304 2192 456 2273 168,
519 2215 635 2260 nec
692 2194 974 2260 mirabor
1035 2196 1090 2258 si
1135 2192 1532 2259 immortales
1579 2193 1672 2258 dii
1718 2195 1926 2258 aureis
1972 2193 2241 2259 matulis
2287 2198 2388 2260 usi
2435 2194 2573 2261 fue·

196 2299 347 2383 rint,
398 2321 563 2386 quae
612 2300 916 2366 Μενδαῖον
963 2296 1111 2366 οἶνον
1160 2302 1537 2386 exciperent.
1635 2298 1816 2380 Quod
1865 2299 1943 2365 ad
1991 2300 2459 2367 deminutivam
2500 2300 2578 2367 il-

194 2401 395 2470 lorum
445 2409 784 2473 nominum
834 2407 1102 2473 formam
1148 2408 1411 2485 attinet,
1453 2409 1543 2472 sic
1580 2406 1784 2472 solent
1828 2409 2022 2472 etiam
2063 2407 2251 2473 hodie
2296 2409 2348 2473 οἱ
2390 2407 2580 2474 πλού-

198 2533 378 2587 τακες
428 2519 493 2580 et
543 2515 754 2580 confer
802 2511 1117 2580 Cobetum
1167 2515 1235 2577 in
1281 2512 1524 2578 Mnem.
1574 2511 1710 2578 VII.
1759 2511 1909 2580 247.

275 2726 482 2796 Venio
532 2730 608 2794 ad
659 2750 752 2795 vs.
802 2726 971 2794 218:

652 2833 895 2913 ἐλέγετ’
945 2833 1019 2901 ἂν
1070 2835 1244 2912 ὑμεῖς
1294 2834 1500 2908 εὐθύς·
1554 2834 2014 2912 ἐξαπατώμεθα

642 2944 708 3016 νὴ
757 2943 868 3017 τὴν
918 2941 1218 3019 Ἀθηνᾶν,
1275 2944 1356 3016 νὴ
1411 2941 1525 3008 Δί’
1577 2942 1719 3021 οὐχὶ
1769 2941 2026 3010 πειςέον.

199 3042 319 3112 Hic
386 3048 667 3117 Cobetus
735 3051 1030 3116 coniecit:
1094 3049 1336 3128 ἐλέγετ’
1406 3047 1482 3114 ἂν
1530 3049 1739 3121 εὐθύς·
1787 3045 2035 3128 ἄνδρες,
2083 3048 2578 3127 ἐξαπατώμεθα,

201 3154 302 3217 sed
346 3161 668 3241 praeterea
713 3155 951 3242 duplex
997 3156 1439 3223 iusiurandum
1490 3177 1602 3240 per
1640 3154 2003 3223 Minervam
2048 3162 2108 3221 et
2152 3155 2372 3222 Iovem
2417 3156 2581 3220 mihi

202 3256 515 3328 offensioni
565 3268 685 3328 est:
728 3264 1123 3347 scripserim:

1579 3368 2044 3447 ἐξαπατώμεθα

700 3476 765 3549 νὴ
814 3475 922 3547 τὴν
976 3472 1271 3547 Ἀθηνᾶν·
1326 3478 1454 3537 νῦν
1504 3471 1548 3538 οἳ
1565 3477 1615 3552 ρ’
1664 3473 1805 3556 οὐχὶ
1856 3475 2114 3544 πειςέον.

204 3571 302 3640 Sic
359 3579 526 3645 nihil
588 3599 749 3666 opus
817 3582 939 3645 erit
1004 3579 1310 3645 Meinekii
1374 3582 1880 3666 suspicionibus,
1932 3604 2122 3668 quem
2173 3584 2297 3649 sibi
2346 3586 2470 3670 ipsi
2518 3587 2585 3648 in

205 3675 317 3746 hoc
385 3684 524 3752 loco
596 3685 1036 3752 constituendo
1107 3685 1505 3771 displicuisse
1566 3686 1774 3753 video.
1847 3689 1946 3761 Νὴ
1992 3690 2103 3763 τὴν
2150 3689 2432 3768 Ἀθηνᾶν,
2487 3692 2586 3755 uti

209 3785 410 3874 vides,
458 3792 973 3879 coniungendum
1023 3798 1120 3857 est
1166 3813 1313 3857 cum
1363 3790 1849 3870 ἐξαπατώμεθα.

296 3998 641 4089 Postquam
706 4002 1070 4069 Mercurius
1135 4005 1299 4069 dixit
1361 4026 1427 4070 se
1484 4004 1814 4071 Bellonam
1865 4006 2084 4072 audire
2132 4009 2308 4073 intus
2351 4010 2589 4077 tumul-

222 4105 539 4188 tuantem,
588 4116 729 4173 tum
778 4108 1111 4196 Trygaeus
1158 4132 1251 4176 vs.
1300 4110 1464 4176 234:
2539 4112 2558 4136 ⁸

1626 4216 1782 4296 οἴμοι
1833 4218 2115 4290 δείλαιος.

556 4321 694 4401 Φέρ’
746 4322 931 4387 αὐτὸν
982 4321 1250 4402 ἀποδρῶ·
1302 4325 1405 4389 καὶ
1458 4325 1584 4405 γαρ
1632 4322 1887 4405 ὥσπερ
1935 4325 2199 4407 ᾐσθόμην

569 4428 791 4501 καύτὸς
845 4430 1042 4498 θυείας
1094 4430 1360 4507 φθέγμα
1409 4432 1872 4512 πολεμιςηρίας.
