3192 5017
1348 276 1657 329 ostanus.
2557 260 2675 325 181

389 447 565 515 Tem.
617 450 738 515 ΙΙΙ.
793 470 941 535 pag.
992 447 1116 514 21:
1164 447 1363 525 ὥσπερ
1415 450 1638 525 οὶμέλει
1684 450 1790 513 καὶ
1841 449 2147 530 Ἡροφίλῳ
2199 451 2283 528 τῷ
2334 447 2683 522 ΚΑΡΧηδο-

299 555 415 634 νίῳ.
468 554 639 620 Miro
686 575 891 621 errore
943 554 1224 620 nobilem
1274 554 1594 621 medicum
1649 556 1831 620 nobie
1880 554 2475 642 Carthaginiensem
2524 555 2682 621 feee-

297 667 466 725 runt.
515 660 732 727 Scribe
778 663 864 742 τῷ
914 661 1374 742 ΚΑΛΧηδονίῳ.
1424 661 1502 727 cf.
1552 661 1737 727 Tom.
1787 660 1974 727 XIV.
2028 682 2175 750 pag.
2227 661 2376 726 683.
2427 662 2540 726 ubi
2588 668 2684 727 eet

295 766 423 832 alio
470 788 676 833 errore
720 766 1045 848 Ἡρόφιλος
1098 766 1524 841 Χαλκηδόνιος.

385 872 659 938 Ρεεείω”
704 876 945 940 scribae
1015 874 1431 942 dormitantes
1501 895 1615 960 pro
1688 873 2039 955 Καλχηδών
2109 875 2511 940 substituunt
2571 881 2686 941 aut

296 980 665 1061 ΚΑΡχηδών
713 987 825 1047 aut
874 982 1229 1058 Χαλκηδών.

385 1189 562 1256 Tem.
615 1191 741 1256 III.
791 1213 934 1281 pag.
992 1192 1152 1258 182:
1204 1195 1273 1258 τὸ
1321 1194 1374 1258 δ’
1424 1192 1650 1258 οἴεσθαι
1699 1193 1800 1258 διὰ
1847 1198 2025 1257 τοῦτο
2074 1194 2245 1274 ὅρθῶς
2288 1192 2459 1281 (lege
2497 1193 2684 1279 ὀρθὸν)

292 1296 509 1364 ἑςάναι
569 1299 672 1363 τὸν
735 1295 1037 1379 ἄνθρωπον
1100 1296 1175 1363 ἵν’
1243 1300 1329 1372 εἱς
1394 1299 1497 1363 τὸν
1560 1300 1801 1381 οὐρανὸν
1870 1299 2123 1377 ἑτοίμως
2188 1298 2530 1379 άναβλέπη
2578 1298 2682 1363 καὶ

291 1400 501 1480 λέγειν
551 1400 704 1486 ἔκη’

562 1511 888 1588 άνταυγέω
940 1512 1084 1591 πρὸς
1127 1515 1467 1589 ’Ὄλυμπον
1517 1511 1925 1590 άταρβήτοισι
1977 1517 2330 1591 προσώποις.

287 1619 607 1696 ἀνθρώπων
674 1618 800 1686 ἐςὶν
864 1619 984 1697 οὐχ
1047 1617 1374 1697 ἑορακότων
1420 1617 1809 1682 οὐδεπώποτε
1867 1617 1969 1682 τὸν
2020 1616 2396 1696 καλούμενον
2445 1619 2684 1696 οὐρανο-

287 1723 515 1789 σκόπον
576 1724 791 1802 ἰχθύν·
858 1725 934 1795 ὥς
1000 1719 1169 1793 οὗτός
1237 1747 1316 1801 γε
1368 1721 1484 1788 κᾶν
1530 1725 1582 1788 εἰ
1632 1725 1721 1801 μὴ
1764 1723 2050 1800 βούλοιτο
2099 1727 2243 1803 πρὸς
2291 1723 2395 1788 τὸν
2443 1724 2682 1804 οὐρανὸν

284 1830 380 1895 de>
432 1831 682 1909 βλέπει.
733 1829 813 1894 cf.
862 1850 1011 1894 cum
1058 1829 1160 1894 his
1206 1828 1634 1894 Plutarchum
1697 1832 1764 1893 in
1811 1829 2041 1892 Moral.
2094 1850 2241 1916 pag.
2296 1827 2464 1893 400:
2507 1831 2680 1907 ὑμεῖς

285 1936 349 2000 δὲ
396 1941 506 2001 τοῦ
558 1936 1050 2012 Ἐμπεδοκλέους
1102 1939 1520 2013 καταγελᾶτε
1567 1936 1917 2016 φάσκοντος
1965 1935 2069 1999 τὸν
2117 1934 2280 2012 ἥλιον
2332 1971 2414 1984 -——
2454 1937 2682 2001 άνταυ-

285 2051 422 2120 reru
475 2046 622 2123 πρὸς
664 2045 1003 2120 ’Ὄλυμπον
1050 2040 1458 2121 ἀταρβήτοισι
1508 2042 1863 2123 προσώποις.

377 2256 565 2322 Tom.
614 2254 726 2321 111.
779 2276 925 2342 pag.
978 2254 1143 2320 309:
1212 2256 1389 2321 άλλοὶ
1452 2261 1631 2322 τοῦτο
1693 2256 1807 2333 μὲν
1871 2257 1931 2319 ἐν
1992 2253 2111 2335 ὅλῳ
2159 2258 2281 2338 χρη
2330 2254 2680 2337 φυλάττειν

286 2365 370 2445 τῷ
443 2361 615 2444 λόγῳ
687 2370 797 2438 τῆς
871 2369 1274 2435 Πλατωνικῆς
1343 2362 1758 2441 παραινέσεως
1830 2362 1929 2426 άεὶ
1991 2361 2416 2440 μεμνημένους
2482 2366 2560 2434 ὥς
2602 2362 2679 2427 ἂν

284 2475 756 2552 παραμελῶμεν
842 2467 1151 2547 ὀνομάτων
1240 2470 1669 2550 πλουσιώτεροι
1758 2468 2098 2549 φρονήσεως
2185 2471 2267 2541 εἰς
2339 2469 2409 2533 τὸ
2481 2475 2677 2547 γῆρας

375 2681 669 2746 Platonis
730 2680 907 2746 locus
971 2687 1066 2747 est
1114 2684 1180 2746 in
1231 2683 1484 2746 Politico
1533 2702 1682 2768 pag.
1731 2679 1956 2745 261e:
2007 2682 2115 2745 ἐὰν
2164 2679 2557 2763 διαφυλάξῃς
2609 2681 2678 2746 τὸ

286 2790 372 2863 μὴ
441 2786 806 2869 σπουδάζειν
873 2785 971 2851 ἐπὶ
1040 2796 1167 2858 τοῖς
1232 2786 1487 2865 ὀνόμασι
1536 2786 1973 2864 πλουσιώτερος
2023 2788 2108 2858 εἰς
2157 2787 2224 2851 τὸ
2271 2793 2471 2867 γῆρας
2521 2788 2677 2850 οἰνα-

285 2897 557 2974 φανήσει
606 2895 970 2976 φρονήσεως.

377 3108 567 3174 Tom.
614 3106 741 3172 III.
790 3127 936 3193 pag.
989 3104 1159 3169 415:
1231 3108 1264 3180 ἦ
1313 3105 1503 3187 φύσις
1553 3104 1766 3182 ἔξωθεν
1817 3107 1977 3187 αὐτῇ
2028 3107 2131 3191 (τῇ
2181 3106 2429 3193 καρδΙα)
2480 3110 2679 3190 περιέ-

286 3214 431 3289 θηκε
472 3213 782 3289 πνεύμονα
830 3212 935 3276 καὶ
980 3212 1242 3289 θώρακα.
1273 3249 1355 3259 -
1383 3210 1485 3274 τὸν
1511 3213 1627 3287 μὲν
1651 3208 1764 3275 οἷον
1786 3210 2065 3277 “AAMA
2094 3221 2564 3301 ΜΑΛΑΚΟΝ,
2595 3255 2676 3266 -

289 3314 326 3398 ᾖ
391 3320 496 3385 καὶ
560 3319 588 3382 ὅ
654 3319 920 3383 Πλάτων
971 3317 1212 3395 ἔλεγεν.
1310 3316 1499 3381 Plato
1547 3320 1616 3381 in
1667 3318 1897 3382 Timaeo
1944 3338 2090 3405 pag.
2149 3317 2232 3385 70
2259 3321 2304 3383 d
2320 3342 2334 3384 ε
2387 3322 2518 3401 περὶ
2569 3327 2680 3397 τὴν

287 3425 541 3506 καρδίαν
584 3426 771 3490 αὐτὸν
814 3422 946 3508 (τὸν
987 3423 1340 3508 πλεύμονα)
1382 3422 1748 3501 περιέςησαν
1773 3418 1886 3489 οἷον
1908 3422 2190 3489 ‘'AAMA
2220 3434 2677 3495 ΜΑΛΑΚΟΝ.

286 3531 584 3597 Absurde
650 3530 842 3596 lectio
913 3536 1008 3594 est
1079 3525 1266 3605 ἅλμα
1335 3528 1631 3606 μαλακόν
1700 3536 1765 3596 et
1824 3552 2013 3595 sensu
2077 3552 2297 3597 vacua.
2394 3535 2681 3604 Platonis

285 3657 556 3702 manum
619 3639 899 3702 servavit
960 3635 1290 3724 Longinus
1353 3636 1484 3717 περὶ
1552 3633 1744 3717 ὕψους
1807 3639 1842 3722 ξ
1891 3636 1997 3702 32.
2051 3637 2124 3703 5:
2174 3641 2284 3715 τὴν
2330 3647 2435 3706 τοῦ
2486 3645 2681 3710 πλεύ-

286 3764 464 3819 μονος
529 3743 690 3807 ἰδέαν
753 3741 1171 3823 ἐνεφύτευσαν
1228 3736 1344 3806 οἷον
1392 3751 1871 3823 ΜΛΛΑΓΜΛ,
1923 3764 2192 3828 eamque
2239 3746 2565 3832 antiquam
2618 3756 2684 3816 et

286 3851 636 3935 genuinam
701 3850 1086 3934 scripturam
1154 3869 1288 3914 esse
1350 3845 1637 3934 'l'oupius
1696 3852 1790 3914 ita
1837 3848 2301 3915 demonstravit
2347 3858 2421 3917 ut
2466 3853 2683 3921 nullus

289 3954 680 4021 dubitationi
724 3954 902 4020 loeus
948 3954 1361 4040 relinquatur.
1458 3953 1770 4020 Mendum
1821 3976 1954 4020 esse
1993 3962 2294 4041 pervetus
2333 3960 2397 4021 et
2437 3956 2682 4028 Galeno

290 4065 618 4147 antiquius
673 4070 919 4126 certum
969 4068 1099 4137 eet,
1148 4061 1257 4126 sed
1308 4082 1457 4126 vera
1505 4061 1694 4127 lectio
1738 4068 1834 4127 est
1880 4061 2209 4146 aliquanto
2254 4063 2574 4150 antiquior
2620 4075 2684 4134 et

287 4166 465 4235 felici
508 4189 659 4233 caen
706 4174 977 4234 servata.
1026 4167 1168 4232 Non
1209 4167 1506 4233 differunt
1546 4170 1614 4231 in
1656 4165 1997 4233 Codieibue
2039 4162 2290 4233 M'AAA
2319 4176 2383 4235 et
2408 4183 2685 4260 ΑΛΜΑ,

291 4278 357 4339 et
403 4276 515 4341 ubi
562 4273 770 4340 scriba
816 4271 1016 4338 semel
1066 4271 1253 4352 ἅλμα
1304 4273 1479 4339 dedit
1529 4273 1698 4359 quod
1745 4277 2072 4360 supererat
2121 4283 2302 4340 ΓΜΑ
2351 4277 2419 4343 in
2480 4303 2686 4359 „voca-

292 4378 491 4446 bulum
540 4383 681 4446 bene
731 4379 1057 4445 Graecum”
1102 4380 1395 4458 μαλακόν
1445 4402 1822 4449 conversum
1873 4390 1990 4448 eat.
