3192 5017
1410 282 1775 332 summum.
2703 262 2730 327 1
2747 262 2787 326 5

853 456 1073 533 λαβὼν
1123 455 1318 537 πιέζει
1367 455 1642 539 τάγαθῷ
1689 457 1761 521 τὸ
1810 454 2097 537 δυςυχές.

842 566 1025 648 ῥᾷςον
1073 561 1130 627 δ’
1184 560 1299 644 δ’τῳ
1342 566 1412 627 τὸ
1459 563 1688 642 μηδέν,
1737 565 1890 630 ἀλλ’
1937 564 2372 646 ἀνωφελής

841 667 1068 752 εὖηθίᾳ
1119 670 1261 732 κατ’
1309 666 1462 735 οἶκον
1509 666 1748 749 ἵδρυτοοι
1799 670 1973 748 γυνή.

387 778 514 845 Hic
586 779 872 864 primum
944 774 1171 846 καλοὺς
1243 776 1572 856 γαμβροὺς
1643 798 1768 841 non
1828 797 2182 860 concoqu0,
2248 778 2502 842 etiamsi
2570 778 2784 842 uxoris

391 887 607 951 beatos
676 887 966 968 parentes
1036 881 1345 946 Horatius
1409 880 1828 967 appellaverit
1898 881 2086 947 Odar.
2153 880 2216 947 2.
2284 882 2348 945 4.
2419 881 2525 965 14,
2589 903 2783 967 quem

388 992 599 1058 locum
666 987 1166 1055 Valckenaerius
1231 987 1452 1071 attuli-t
1513 994 1578 1054 et
1639 989 1846 1053 multo
1911 988 2138 1053 malim
2198 989 2501 1062 κηδεύσας
2550 994 2779 1060 καλῶς.

386 1098 635 1185 legere,
698 1096 865 1181 quod
926 1097 1123 1159 etiam
1188 1093 1576 1160 Kirchhoffio
1624 1097 1691 1159 in
1740 1100 2024 1160 mentem
2075 1097 2267 1160 venit.
2364 1094 2608 1160 Deinde
2654 1114 2779 1159 non

389 1205 520 1268 fero
584 1202 977 1268 adiectivum
1042 1201 1368 1279 ἀνωφελής
1436 1206 1568 1265 tam
1623 1201 1804 1267 brevi
1851 1201 2191 1267 intervallo
2237 1202 2335 1267 bis
2383 1203 2665 1287 positum
2716 1206 2781 1267 et

390 1310 545 1374 satis
613 1307 1041 1394 intelligimus
1106 1306 1270 1370 tardi
1335 1309 1582 1394 ingenii
1645 1307 1981 1373 mulierem
2046 1313 2109 1373 et
2170 1307 2360 1393 paulo
2418 1306 2780 1373 stultiorem

392 1435 514 1480 non
582 1414 709 1478 dici
776 1416 1060 1498 potuisse
1108 1414 1403 1491 ἀνωφελῆ
1454 1413 1701 1497 εὐηθίᾳ.
1795 1414 1942 1500 Ipso
1987 1413 2347 1501 Hippolyto
2393 1414 2641 1498 iudice,
2689 1417 2786 1480 est

394 1521 708 1588 eiusmodi
775 1522 1006 1585 coniux
1072 1525 1327 1583 innocua
1390 1521 1686 1596 fortasse,
1747 1521 1856 1585 sed
1903 1541 2026 1586 non
2075 1521 2285 1606 potuit
2331 1542 2473 1586 eam
2523 1518 2785 1604 reliquis

390 1629 688 1693 omnibus
769 1632 1185 1710 anteponere,
1258 1626 1425 1710 quod
1494 1627 1735 1690 mutilis
1802 1628 1908 1690 sit.
2001 1626 2196 1691 Estne
2264 1628 2421 1691 satis
2491 1630 2782 1710 apertum

387 1732 794 1798 scribendum
858 1751 1025 1796 esse:
1093 1732 1267 1795 ἀλλὰ
1337 1733 1704 1811 νωχελής
1770 1729 2037 1815 εὐηθίᾳῖ
2083 1732 2286 1797 Miror
2332 1732 2450 1796 hoc
2498 1730 2781 1796 nondum

389 1840 794 1904 observatum
856 1836 1088 1920 fuisse,
1153 1836 1262 1901 sed
1311 1835 1679 1901 Dindorfius
1727 1844 1894 1903 certe
1943 1844 2006 1902 et
2052 1835 2482 1902 Kirchhoffius
2530 1839 2597 1901 in
2645 1837 2780 1901 suis

388 1943 772 2010 editionibus
844 1948 1073 2007 tacent.
1168 1938 1295 2019 Hic
1367 1942 1699 2008 commode
1768 1942 2057 2008 recordor
2126 1941 2374 2007 Hecub.
2449 1939 2601 2019 486,
2670 1942 2783 2007 ubi

393 2048 638 2115 Chorus
684 2049 777 2114 ita
823 2046 1136 2132 loquitur:

770 2192 779 2201 ·
847 2151 1006 2227 αὕτη
1058 2152 1260 2226 πέλοις
1309 2177 1414 2218 σου
1463 2156 1631 2218 νῶτ’
1678 2152 1948 2236 {xcvo-⁹
1998 2152 2097 2217 ἐπὶ
2145 2151 2330 2235 χθονὶ

851 2257 1232 2338 Τοιλθύβιε,
1282 2270 1483 2327 κεῖται
1535 2259 2004 2340 ξυγκεκλημένη
2050 2259 2330 2331 πέπλοις.

392 2366 529 2446 Quo
586 2370 870 2449 tempore
929 2363 1162 2429 Leidae
1225 2366 1534 2452 degebam
1597 2365 1959 2430 studiorum
2018 2386 2239 2448 causa,
2289 2365 2614 2430 interdum
2663 2364 2773 2430 Al-

390 2472 701 2556 phonsum
762 2467 1132 2534 Heckerum
1195 2470 1528 2536 convenire
1585 2470 1821 2535 licebat
1884 2476 1949 2535 et
2012 2492 2212 2555 quum
2276 2471 2567 2536 tenebrae
2623 2471 2770 2557 jam

390 2579 789 2662 ingruerent,
857 2577 1088 2658 quibus
1149 2576 1327 2642 brevi
1385 2583 1526 2662 post
1587 2577 1995 2642 obscuratum
2061 2578 2182 2642 fuit
2230 2577 2626 2663 praeclarum
2680 2579 2775 2643 in·

390 2683 566 2768 genii
635 2701 937 2757 acumen,
1015 2701 1126 2766 per
1185 2681 1524 2747 intervalla
1591 2680 1790 2747 semel
1859 2686 2220 2767 iterumque
2292 2682 2453 2746 mihi
2528 2681 2773 2767 aliquid

272 2787 277 2793 ’
386 2788 911 2853 commonstravit
972 2807 1049 2851 ex
1112 2789 1312 2871 copiis
1376 2787 1678 2851 diuturna
1738 2785 2007 2853 lectione
2070 2794 2134 2853 et
2181 2787 2598 2853 meditatione
2645 2789 2769 2854 sibi

389 2892 690 2958 collectis.
785 2891 915 2955 Hic
976 2894 1180 2979 igitur
1239 2890 1607 2969 Heckerus‚
1675 2896 1786 2976 qui
1847 2895 2067 2977 paucis
2124 2894 2304 2958 annis
2350 2899 2495 2978 post
2542 2896 2777 2960 misero

384 2999 515 3063 fato
582 2999 801 3082 periit,
875 2998 1040 3061 mihi
1110 2998 1447 3082 aliquando
1518 2996 1907 3085 significavit
1969 2998 2036 3063 in
2097 2997 2367 3063 Hecuba
2424 2996 2770 3086 legendum

386 3125 548 3170 esse:
603 3109 974 3184 νωχελῶς
1026 3104 1125 3168 ἐπὶ
1174 3104 1365 3183 χθονί.
1458 3101 1777 3169 Palmaris
1825 3104 1979 3170 haec
2028 3104 2387 3170 emendatio
2438 3109 2556 3170 est.

468 3314 542 3379 In
590 3314 914 3381 Phaedrae
957 3316 1169 3380 verbis
1218 3336 1311 3381 vs.
1361 3312 1526 3380 721:

833 3419 956 3485 οὐδ’
1003 3422 1063 3493 ἐς
1112 3420 1424 3502 πρόσωπον
1473 3418 1719 3495 Θησέως
1768 3419 2084 3502 άφίξομοιι

834 3526 1112 3607 αἰσχροῖς
1167 3527 1264 3592 ἐπ’
1313 3526 1507 3608 ἔργοις
1554 3524 1772 3591 οὕνεκά
1824 3531 2040 3606 ψυχῆς
2093 3530 2311 3605 μιᾶς.

380 3632 600 3698 Malo:
649 3637 862 3715 ψυχῆς
913 3633 1125 3712 ἐμῆς.

476 3846 675 3913 Venio
727 3849 805 3913 ad
855 3846 1085 3913 Thesei
1135 3846 1662 3914 declamationem
1712 3869 1804 3915 vs.
1853 3846 2021 3912 916:

751 3951 792 4018 ὦ
844 3952 1031 4019 πόλλ’
1082 3952 1705 4032 ἁμαρτάνοντες
1755 3951 2063 4033 ἄνθρωποι
2109 3951 2355 4038 μάτην,

744 4061 823 4125 r!
870 4060 940 4134 δὴ
986 4056 1222 4139 τέχναις
1269 4059 1382 4135 μὲν
1430 4060 1653 4139 μυρίοις
1703 4059 2026 4125 διδάσκετε

750 4165 855 4230 και)
906 4165 1121 4229 πάντά
1167 4163 1557 4244 μηχανᾶσθε
1610 4163 2083 4244 κάξευρίσκετε,

751 4268 811 4334 ἓν
860 4272 911 4336 δ’
960 4272 1066 4335 οὐκ
1117 4268 1415 4338 gorius&
1466 4273 1588 4336 οὐδ’
1637 4269 2028 4351 έθηράσοισθέ
2074 4296 2209 4353 πω,

754 4383 995 4459 φρονεῖν
1045 4376 1350 4443 διδάσκειν
1397 4373 1545 4442 οἶσιν
1591 4380 1697 4443 οὐκ
1749 4376 1899 4445 ἔνεςι
1950 4381 2119 4453 νοῦς;
