3192 5017
513 280 643 348 138
1525 300 1883 350 anamma.

503 465 851 561 &Vitium
911 471 1134 537 odoror
1195 492 1286 536 vs.
1356 470 1508 557 328,
1576 474 1687 537 ubi
1754 472 2020 558 Ulysses
2067 478 2393 543 contendit
2442 476 2673 542 stultos
2720 498 2890 553 esse,

506 579 618 663 qui
664 577 857 644 bonos
903 577 1107 645 colere
1152 578 1519 666 negligant,
1566 584 1760 656 τιμᾶν
1804 584 1907 644 τὸν
1948 577 2192 646 ἐσθλόν.
2289 583 2433 649 Ηοο
2470 583 2720 649 barbari
2744 631 2763 667 ‚
2802 584 2895 647 in·

506 685 679 770 quit,
727 684 964 750 faciant
1009 704 1136 770 quo
1181 684 1449 751 celerius
1494 687 1657 751 forre
1703 679 1948 751 discant
1993 693 2281 754 nostrum
2330 689 2708 775 imperium:

961 792 1011 857 οἱ
1060 791 1370 872 βάρβαροι
1418 792 1482 857 δὲ
1529 793 1693 871 μήτε
1739 794 1877 864 τοὺς
1926 793 2224 874 Φίλους
2271 796 2495 878 Φίλους

962 896 1226 976 ἡγεῖσθε
1276 899 1439 976 μήτε
1487 898 1627 971 τοὺς
1678 902 1884 971 καλῶς
1936 901 2306 976 τεθνηκότας

961 1001 1335 1086 θαυμάζεθ’,
1385 1006 1461 1078 ὦς
1511 1004 1589 1070 ἂν
1639 1008 1672 1080 ἦ
1720 1007 1832 1083 μὲν
1881 1007 2120 1081 Ἑλλὰς
2169 1010 2441 1090 εὐτυχῇ,

962 1110 1135 1187 ὑμεῖς
1189 1111 1243 1176 δ’
1289 1108 1481 1192 ἔχηθ’
1526 1107 1710 1188 ὅμοια
1757 1119 1884 1182 τοῖς
1931 1112 2401 1191 βουλεύμασιν.,

508 1215 619 1282 sed
685 1217 840 1282 haec
910 1222 985 1281 ut
1049 1214 1412 1304 intelligaS‚
1484 1218 1721 1284 scribe:
1791 1219 1956 1296 μήτε
2020 1218 2161 1289 τοὺς
2235 1215 2594 1290 ἐσθλοὺς
2666 1220 2895 1299 Φίλους

510 1320 795 1402 ἡγεῖσθε.

597 1567 710 1635 Vs.
764 1568 931 1635 346:

961 1676 1038 1747 ὡς
1087 1671 1404 1756 ἕψομαί
1451 1699 1545 1754 γε
1591 1680 1700 1741 τοῦ
1749 1676 1807 1741 τ’
1854 1676 2204 1755 ἀναγκαίου
2253 1674 2439 1756 χοίριν

957 1783 1155 1847 θανεῖν
1200 1805 1269 1846 τε
1318 1778 1636 1865 χρῄζοντ’.

506 1885 777 1954 Malim:
828 1886 906 1960 ὥς
953 1873 1374 1968 ἕψομαγώ.

594 2132 958 2220 Polyxenae
1003 2132 1198 2198 verba
1242 2135 1393 2195 sunt
1438 2151 1531 2198 vs.
1583 2128 1746 2195 3¹76:

869 2240 993 2310 ὅςις
1041 2239 1167 2319 γὰρ
1214 2239 1322 2301 οὐκ
1368 2234 1552 2302 εἴωθε
1599 2236 1909 2315 γεύεσθαι
1958 2245 2195 2314 κακῶν,

870 2343 1041 2426 Φέρει
1090 2343 1241 2421 μέν,
1289 2343 1493 2419 ἀλγεῖ
1534 2342 1587 2406 δ’
1635 2343 1854 2425 αὐχέν’
1902 2341 2261 2417 ἐντιθεὶς
2314 2343 2516 2425 ζυγῷ,

868 2451 1057 2516 θανὼν
1102 2448 1153 2512 δ’
1202 2447 1278 2513 ἂν
1326 2448 1416 2522 εἴη
1462 2452 1711 2525 μᾶλλον
1758 2449 2178 2531 εὐτυχέςερος.

503 2556 635 2634 Qui
689 2562 904 2623 autem
969 2555 1187 2637 αὐχέν’
1254 2549 1529 2626 ἐντίθησι
1596 2552 1765 2635 ζυγῷ
1827 2561 2048 2640 sponte
2106 2556 2175 2621 id
2238 2556 2429 2631 facit,
2479 2554 2668 2620 sicuti
2719 2554 2887 2640 apud

499 2663 998 2748 Aristophanem
1044 2665 1141 2725 est
1185 2658 1352 2724 Eccl.
1407 2656 1573 2723 346:
1626 2661 1685 2733 ἐς
1725 2666 1806 2725 τὼ
1849 2657 2104 2739 κοθόρνω
2143 2662 2227 2727 τὼ
2268 2659 2406 2726 πόδ’
2445 2657 2644 2732 ἐνθεὶς
2683 2657 2884 2738 ἵεμαι,

499 2789 570 2834 ac
615 2773 938 2856 praeterea
980 2764 1305 2832 offensioni
1342 2772 1440 2830 est
1477 2786 1771 2850 praesens
1808 2772 2063 2852 tempus
2104 2765 2505 2844 ἐντιθεὶς,
2543 2766 2656 2831 ubi
2696 2768 2887 2831 unice

496 2874 674 2941 locus
721 2880 817 2941 est
862 2872 1113 2939 aoristo.
1163 2868 1334 2936 Satis
1376 2879 1636 2956 apparet
1677 2874 2085 2958 participium
2129 2876 2457 2958 passivum
2501 2871 2884 2943 ἐντεθεὶς

498 2982 755 3068 requiri.
803 2980 1020 3045 Etiam
1067 2999 1214 3042 cum
1264 2979 1505 3043 maiore
1552 2978 1875 3044 evidentia
1920 2978 2138 3044 eodem
2186 2980 2465 3045 remedio
2512 2980 2612 3043 uti
2648 2980 2883 3064 poteri-

496 3109 642 3155 mus
709 3090 779 3153 in
848 3086 1258 3152 Anacreontis
1324 3082 1719 3171 fragmento,
1792 3085 1959 3169 quod
2020 3085 2386 3151 Athenaeus
2443 3088 2725 3151 servavit
2772 3082 2881 3149 111

497 3217 561 3281 p.
613 3192 744 3260 533
793 3192 868 3271 Ε,
914 3193 1029 3256 ubi
1073 3188 1374 3256 scelestus
1414 3191 1713 3267 Artem0,
1752 3192 2057 3275 quamdiu
2098 3192 2393 3269 κίβδηλον
2431 3186 2701 3272 εὕρισκεν
2740 3189 2881 3267 βίον

499 3305 595 3368 ita
640 3298 1048 3367 describitur:

682 3405 894 3472 πολλοὶ
940 3403 1055 3480 μὲν
1103 3402 1164 3466 ἐν
1209 3402 1363 3483 δουρὶ
1412 3400 1683 3474 τιθεὶς
1731 3403 2009 3485 αὐχένα,
2062 3404 2274 3469 πολλὰ
2324 3404 2374 3469 δ’
2424 3405 2485 3469 ἐν
2531 3405 2767 3486 τροχῷ,

681 3512 893 3578 πολλοὶ
943 3508 1006 3574 δὲ
1053 3514 1231 3573 νῶτον
1277 3507 1526 3590 σκυτίνῃ
1571 3507 1802 3587 ndstra
1853 3506 2234 3592 θωμιχθείς,
2286 3510 2481 3588 κόμην

953 3613 1222 3693 πώγωνα
1268 3615 1329 3680 τ’
1379 3613 1824 3693 ἐκτετιλμένος.

496 3726 669 3795 Illud
729 3724 909 3788 νῶτον
969 3717 1328 3800 θωμιχθεὶς
1393 3719 1670 3786 declarat
1694 3770 1709 3798 ‚
1777 3722 2003 3787 itidem
2050 3720 2391 3809 legendum
2445 3743 2613 3789 esse:
2665 3723 2875 3788 πολλὰ

497 3834 612 3912 μὲν
673 3831 736 3895 ἐν
798 3827 952 3909 δουρὶ
1017 3824 1298 3895 τεθεὶς
1363 3827 1633 3907 αὐχένα.
1728 3826 1863 3891 Nec
1920 3832 2137 3891 tamen
2181 3829 2456 3894 reticebo
2502 3828 2875 3914 scrupulum

497 3955 859 4025 superesse,
924 3953 1113 4018 quem
1161 3931 1328 3996 mihi
1372 3932 1655 3998 nondum
1705 3937 1979 3998 eximere
2025 3936 2227 4017 potui.
2326 3932 2565 3999 Nullus
2613 3935 2873 4012 dubim,

497 4047 652 4132 quin
713 4038 921 4113 τεθεὶς
989 4038 1156 4124 apud
1216 4040 1676 4105 Anacreontem
1740 4041 1957 4122 utique
2020 4041 2255 4104 rectius
2318 4041 2631 4107 scribatur
2677 4061 2867 4126 quam

496 4150 725 4228 τιθείς,
774 4146 886 4213 sed
930 4163 1134 4210 nonne
1180 4165 1329 4210 vera
1374 4150 1593 4230 poetae
1641 4164 1869 4209 manus
1914 4143 2202 4210 habenda
2250 4150 2345 4211 est
2393 4143 2636 4219 δεθείςῖ
2705 4144 2870 4214 Gra-

499 4262 621 4328 tias
667 4254 948 4336 habeb0,
996 4253 1050 4315 si
1096 4250 1238 4336 quis
1284 4249 1449 4314 mihi
1495 4256 1735 4314 rectam
1788 4249 1957 4314 viam
2008 4260 2355 4316 monstrare
2402 4251 2696 4318 voluerit.
