3192 5017
1334 302 1567 355 com.
2555 273 2643 344 '79

713 477 1068 558 ἐτύγχανον
1117 477 1231 555 μὲν
1277 475 1535 558 ἀγρόθεν
1576 476 1968 545 πλείςους
2015 472 2213 556 Φέρων

715 584 800 656 εἰς
850 585 960 659 τὴν
1008 583 1210 663 ἑορτὴν
1258 580 1438 648 ὅσον
1485 579 1650 648 οἷον
1697 580 2038 657 εἴκοσιν,

717 691 823 772 ὁρῶ
870 689 923 755 δ’
972 688 1194 755 ἄνωθεν
1240 691 1516 770 γάργαρ’
1559 685 1896 768 ἀνθρώπων
1941 686 2168 766 κύκλῳ.

261 790 579 861 Convenit
619 795 787 862 mihi
834 817 982 862 cum
1032 796 1274 863 editore
1317 796 1439 862 hoc
1483 796 1924 879 fragmentum
1969 814 2104 860 esse
2150 792 2481 879 parodiam
2520 791 2648 858 loci

258 899 597 987 Euripidei
657 902 859 969 Orest.
925 900 1082 987 866,
1131 902 1300 988 quod
1343 922 1573 969 moneo
1619 907 1877 988 propter
1921 900 2249 967 Naberum
2296 898 2365 965 id
2412 918 2650 986 negan-

260 1012 399 1071 tem
442 1008 489 1073 1.
538 1008 581 1073 1.
630 1029 690 1095 p.
745 1007 830 1075 39
877 1030 968 1095 sq.
1019 1008 1146 1075 Res
1189 1029 1317 1076 non
1361 1010 1551 1075 modo
1597 1013 1859 1096 apparet
1906 1028 1985 1073 ex
2029 1006 2243 1073 verbis
2291 1005 2650 1087 ἐτύγχανον

260 1114 378 1190 μὲν
440 1113 719 1193 ἀγρόθεν,
770 1116 1002 1200 quibus
1047 1116 1210 1202 apud
1262 1118 1584 1204 tragicum
1633 1114 1937 1181 similiter
1984 1134 2079 1179 vs.
2130 1111 2269 1178 3tio
2314 1110 2653 1197 respondet

260 1220 371 1301 ὁρῶ
437 1220 533 1300 δέ,
597 1227 664 1288 et
722 1243 758 1288 e
803 1223 1110 1308 producta
1157 1224 1367 1309 prima
1412 1221 1665 1310 syllaba
1710 1224 1885 1289 vocis
1930 1217 2203 1300 ἀγρόθεν
2223 1268 2240 1298 ,
2292 1219 2403 1286 sed
2451 1221 2650 1286 etiam

263 1348 346 1394 ex
405 1331 546 1414 ipso
606 1329 726 1394 hoc
774 1328 1085 1396 vocabulo
1101 1377 1119 1408 ,
1168 1349 1283 1416 pro
1328 1349 1455 1414 quo
1501 1334 1725 1415 poetae
1772 1327 2003 1395 comici
2049 1334 2124 1392 ut
2166 1328 2503 1412 scriptores
2549 1345 2653 1411 pe·
2678 1327 2693 1342 “

262 1433 509 1500 destres
575 1440 935 1501 constanter
1002 1435 1301 1501 dixerunt
1369 1435 1439 1513 ἐξ
1506 1436 1725 1517 ἀγροῦ.
1817 1434 1902 1499 Et
1962 1433 2116 1520 quid
2179 1434 2459 1519 apertius
2521 1451 2655 1497 esse

261 1545 478 1625 potest
521 1561 711 1626 quam
760 1561 853 1608 vs.
906 1537 1043 1606 3tio
1088 1547 1342 1626 poetam
1391 1543 1771 1628 expressisse
1815 1540 2192 1626 Euripides:
2239 1540 2346 1621 ὁρῶ
2390 1538 2441 1603 δ’
2466 1536 2655 1621 ὄχλον

262 1648 568 1729 ςείχοντά
618 1645 723 1712 καὶ
774 1643 1074 1711 θάσσοντ’
1122 1644 1359 1728 ἄκρανῖ
1407 1647 1701 1714 Eundem
1747 1646 1961 1714 locum
2010 1646 2388 1732 expressisse
2428 1645 2658 1710 Lucia-

263 1775 428 1820 num
474 1753 610 1822 Iov.
660 1759 826 1841 trag.
878 1751 964 1818 33
1014 1754 1125 1819 alii
1172 1756 1304 1820 iam
1353 1759 1760 1820 monuerunt.
1821 1752 2201 1840 Fragmenti
2238 1761 2410 1818 certa
2449 1772 2661 1817 emen·

266 1862 448 1927 datio
493 1860 756 1927 fortasse
802 1860 1189 1946 desperanda
1234 1867 1350 1926 est.
1444 1860 1633 1926 Nihil
1679 1865 1850 1926 certe
1898 1860 2105 1948 egisse
2150 1859 2315 1923 mihi
2361 1859 2663 1925 videntur

266 1988 477 2053 neque
529 1966 818 2033 Kockius
862 1987 1066 2053 neque
1112 1965 1436 2042 Naberus‚
1492 1987 1766 2052 quorum
1813 1967 1920 2032 hic
1965 1985 2296 2051 perperam
2346 1963 2513 2029 mihi
2558 1984 2662 2030 ex-

266 2074 532 2160 probrat
553 2122 572 2154 ,
643 2072 811 2158 quod
886 2071 1192 2140 vocabulo
1249 2071 1399 2150 ὄψον
1455 2073 1756 2139 restituto
1821 2091 1858 2137 a
1918 2093 2026 2138 me
2091 2091 2203 2156 pro
2262 2066 2397 2134 ὄοον
2461 2091 2555 2137 vs.
2620 2067 2663 2133 2

268 2180 472 2247 aliam
539 2182 864 2246 notionem
937 2180 1275 2245 tribuerim
1339 2199 1530 2265 quam
1583 2184 1796 2261 pisces.
1872 2177 2079 2258 Quam
2142 2177 2273 2243 late
2333 2196 2484 2243 vero
2543 2174 2662 2240 illa

268 2290 529 2373 pateat,
578 2286 793 2350 virum
841 2284 1287 2350 doctissimum
1335 2286 1556 2351 docere
1603 2289 1899 2371 potuerat
1946 2305 2009 2350 v.
2059 2304 2108 2349 c.
2157 2282 2335 2349 locus
2373 2281 2665 2349 Platonis

268 2391 433 2478 Rep.
485 2390 553 2456 H
599 2412 746 2478 pag.
798 2389 931 2457 3¹72
977 2390 1052 2457 O.
1100 2389 1200 2459 Of.
1249 2391 1415 2458 Xen.
1468 2391 1613 2458 Oec.
1663 2390 1848 2467 VIII,
1890 2389 1952 2455 9.
1996 2389 2209 2470 Quum
2250 2409 2400 2455 vero
2423 2390 2662 2455 sensim

149 2594 154 2599 .
271 2498 546 2565 arctiore
583 2518 773 2563 sensu
820 2498 1024 2582 pisces
1071 2497 1161 2563 sic
1207 2497 1364 2563 dicti
1411 2499 1622 2583 coepti
1669 2503 1902 2574 essent,
1951 2503 2138 2583 poeta
2155 2544 2171 2574 ‚
2223 2501 2294 2560 ut
2335 2516 2372 2561 a
2422 2499 2667 2581 specta-

269 2604 524 2670 toribus
562 2601 1065 2690 intellegeretur,
1113 2600 1260 2682 ὄψον
1309 2603 1667 2688 antiquiore
1714 2624 1901 2669 sensu
1949 2604 2059 2688 (cf.
2107 2601 2468 2668 Boeckhius
2517 2599 2663 2667 Oec.

269 2711 415 2777 Pol.
471 2710 626 2776 Ath.
672 2708 705 2774 Ι
756 2707 914 2788 142)
968 2729 1282 2794 usurpans
1328 2709 1408 2775 de
1454 2708 1732 2775 oleribus
1777 2708 2223 2793 similibusque
2245 2757 2261 2790 ,
2310 2728 2509 2793 paene
2556 2728 2662 2773 ne-

270 2819 546 2884 cessario
605 2815 852 2882 addidit
910 2836 1073 2901 quae
1133 2815 1495 2882 coniectura
1536 2835 1683 2881 mea
1730 2813 2109 2902 significavi.
2208 2812 2461 2899 Nempe
2507 2814 2669 2878 scri·
2793 2875 2811 2882 -

271 2923 507 2990 bebam

738 3028 1091 3107 ἐτύγχανον
1137 3029 1253 3106 μὲν
1298 3025 1571 3109 ἀγρόθεν
1617 3034 1961 3097 πλεῒςον
2005 3024 2204 3108 Φέρων

734 3134 820 3207 εἷς
867 3135 977 3209 τὴν
1026 3135 1231 3213 ἑορτὴν
1275 3132 1498 3211 ὄψον.
1547 3129 1707 3199 οἷον
1755 3132 1975 3204 εἰκὸς
2024 3127 2126 3205 ἦν.

271 3245 318 3308 i.
370 3262 424 3306 e.
483 3240 817 3318 obsonium,
884 3241 1061 3325 quale
1127 3240 1226 3326 (ab
1285 3263 1349 3305 eo
1411 3242 1517 3326 qui
1576 3264 1720 3306 rure
1777 3240 2030 3324 veniret)
2077 3243 2375 3321 expectari
2405 3245 2668 3322 poterat.

272 3368 443 3433 quae
503 3349 864 3412 coniectura
925 3345 1189 3413 lenitate
1250 3351 1419 3414 certe
1466 3347 1744 3432 reliquas
1788 3345 1976 3412 facile
2021 3346 2245 3411 vincit.
2339 3344 2543 3429 Loqui
2584 3347 2674 3410 sic

273 3461 564 3544 poterat,
613 3460 690 3518 nt
736 3454 1038 3537 arbitror,
1087 3474 1308 3520 servus
1353 3456 1463 3539 qui
1510 3455 1746 3519 missus
1795 3474 1832 3517 a
1881 3453 2138 3518 domino
2184 3452 2343 3518 festo
2391 3452 2494 3517 die
2531 3471 2675 3517 con·

274 3564 537 3629 vivium
600 3559 993 3626 celebraturo
1012 3610 1030 3644 ‚
1095 3560 1174 3626 ad
1239 3581 1349 3626 rus
1408 3581 1600 3626 suum
1669 3562 1815 3626 urbi
1860 3560 2182 3633 vicinum,
2236 3557 2515 3644 plurimo
2561 3559 2675 3623 ob-

278 3671 465 3736 sonio
513 3673 779 3734 onustus
823 3668 1098 3733 redierat
1144 3669 1213 3732 in
1260 3668 1481 3732 urbem
1510 3715 1526 3744 ,
1578 3672 1690 3733 aut
1737 3663 2020 3753 agricola
2067 3664 2147 3731 ad
2193 3664 2406 3731 forum
2453 3664 2678 3731 venale

281 3775 642 3863 plurimum
698 3775 866 3839 ruris
927 3776 1031 3839 sui
1090 3773 1374 3863 fructum
1440 3779 1841 3858 comportans
1906 3772 2008 3837 die
2066 3771 2228 3837 festo
2245 3818 2263 3850 ,
2313 3791 2439 3857 quo
2488 3771 2678 3837 solito

279 3881 501 3970 plures
564 3886 836 3946 emtores
900 3879 1276 3946 inventurus
1339 3885 1492 3945 erat.
1588 3878 1816 3944 Doceri
1877 3879 2084 3965 igitur
2141 3876 2452 3963 pervelim
2522 3876 2678 3962 quid

282 3988 758 4063 commiserim,
817 4007 930 4052 cur
988 3985 1283 4053 Naberus
1346 3991 1411 4051 et
1477 3985 1767 4052 Kockius
1822 3986 1889 4049 in
1938 3982 2066 4049 alia
2112 3986 2329 4049 omnia
2374 3983 2680 4049 abeuntes

281 4116 396 4161 me
450 4113 707 4180 prorsus
751 4091 1104 4170 infelicem,
1152 4113 1219 4158 se
1265 4094 1555 4158 omnium
1606 4090 1983 4159 mortalium
2029 4089 2433 4156 felicissimos
2480 4088 2678 4154 fuisse

284 4205 542 4288 putant.
608 4196 768 4264 Vere
815 4197 1256 4265 felicissimum
1308 4219 1376 4265 se
1423 4198 1785 4284 praedicare
1830 4202 2039 4283 potest
2085 4194 2375 4261 Kockius
2419 4202 2678 4280 propter

286 4304 798 4373 emendationem
819 4351 836 4383 ‚
919 4323 1046 4389 qua
1111 4306 1495 4391 insperatam
1565 4303 1780 4370 lucem
1851 4300 2075 4368 attulit
2155 4300 2683 4392 depravatissimo

287 4411 686 4480 Srn'rrmls
731 4409 1093 4500 fragmento
1140 4408 1249 4478 36.
