3192 5017
1378 279 1615 337 oomm.
2615 267 2697 341 71

404 457 857 528 szcmns
903 458 984 524 fr.
1028 457 1086 537 Ι,
1135 456 1201 524 3.

858 565 936 637 ὦς
984 563 1330 643 ὀλιγόσιτος
1377 559 1506 639 ἦσθ’
1556 563 1680 647 ἄρ’,
1729 563 1793 642 ὃς
1842 567 2184 643 κατεσθίεις

854 677 966 745 τῆς
1017 669 1249 751 ἡμέρας
1295 676 1620 752 μακροῖς
1668 673 1934 753 τριήρους
1980 673 2176 740 σιτία.

311 777 499 845 Licet
565 778 771 844 editor
836 779 978 843 iure
1038 778 1327 844 reiecerit
1388 797 1603 844 meam
1664 780 2044 847 sententiam
2106 782 2295 868 iungi
2355 801 2537 868 posse
2582 793 2696 861 τῆς

313 884 543 966 ἡμέρας
612 887 901 969 μακρᾶς,
970 903 1096 949 non
1163 895 1382 951 tamen
1443 886 1661 950 minus
1722 907 1949 952 verum
2011 893 2108 953 est
2171 888 2339 973 quod
2395 891 2464 955 in
2508 892 2700 957 Novis

311 992 607 1057 addendis
657 990 899 1056 Ouitioi:
941 1010 1090 1079 pag.
1134 989 1177 1055 4
1216 991 1674 1058 contendebam
1714 994 1929 1077 inepte
1965 992 2095 1060 dici
2127 998 2378 1075 μακρᾶς
2405 998 2696 1086 τριήρους,

310 1100 492 1184 quasi
537 1096 846 1179 βραχεῖαι
893 1098 1145 1178 τριήρεις
1194 1097 1579 1163 exstiterint.
1627 1096 1871 1164 Eadem
1917 1120 2017 1165 res
2062 1099 2362 1189 profligat
2383 1101 2700 1170 Meinekii
2742 1167 2749 1174 .

310 1205 744 1271 coniecturam
793 1227 845 1281 μ,
862 1226 880 1268 ι
896 1227 935 1269 κ
949 1226 980 1284 ρ
997 1205 1042 1268 ἄ
1058 1225 1113 1275 ς.
1210 1201 1424 1269 Hodie
1471 1205 1687 1269 nescio
1731 1223 1812 1269 an
1858 1209 2046 1290 poeta
2091 1205 2363 1273 dixerit:

673 1311 798 1388 ἐγὼ
847 1309 1148 1375 κατεσθίω
1193 1308 1375 1386 μόλις
1421 1317 1533 1386 τῆς
1584 1309 1819 1391 ἡμέρας

675 1416 892 1482 πένθ’
943 1413 1441 1494 ἡμιμέδιμν’,
1494 1414 1604 1481 ἐὰν
1649 1413 1998 1498 βιάζωμαι.
2046 1428 2092 1483 Β
2139 1417 2359 1498 μόλις;

670 1524 749 1596 ὥς
795 1518 1142 1600 ὀλιγόσιτος
1191 1515 1319 1596 ἦσθ’
1368 1520 1489 1606 ἄρ’,
1538 1513 1600 1594 ὃς
1651 1522 1992 1595 κατεσθίεις

673 1637 785 1704 τῆς
833 1626 1067 1709 ἡμέρας
1113 1631 1396 1708 μικροῦ
1441 1627 1709 1708 τριήρους
1758 1629 1953 1695 σιτία.

311 1739 547 1815 Μιαροῦ
594 1742 659 1802 et
705 1734 917 1813 ὀλίγον
965 1755 1078 1821 pro
1122 1739 1337 1815 μικροῦ
1386 1739 1451 1799 et
1504 1736 1718 1813 ὀλίγον
1767 1734 1890 1800 δεῖν
1940 1736 2010 1800 in
2056 1736 2298 1825 vulgus
2333 1745 2484 1806 nota
2521 1750 2693 1810 sunt.

310 1840 620 1907 Triremis
674 1841 912 1907 cibaria
957 1840 1187 1905 diurna
1233 1846 1412 1906 erant
1466 1846 1740 1925 quatuor
1794 1840 1991 1907 ferme
2038 1842 2517 1912 medimnorum
2533 1895 2551 1927 ,
2600 1853 2694 1915 ita

312 1952 389 2012 ut
448 1945 866 2014 intel-locutor
923 1945 1253 2012 hominem
1309 1968 1503 2030 paene
1546 1950 1803 2012 tantum
1845 1966 2213 2014 consumere
2258 1970 2407 2016 cum
2454 1956 2698 2021 comica

314 2056 807 2142 exaggeratione
853 2052 1062 2120 dicere
1109 2051 1410 2138 potuerit.

401 2229 857 2299 Pmomns
900 2230 980 2296 fr.
1031 2229 1141 2316 51,
1191 2230 1254 2296 1.

804 2334 922 2404 κᾶν
967 2336 1083 2415 μὲν
1130 2341 1431 2415 σιωπῶ,
1479 2335 1829 2418 Φέρεται
1877 2337 2196 2417 πνίγεται.

306 2443 635 2526 Τείρεται,
705 2443 874 2530 quod
942 2463 1057 2529 pro
1124 2442 1385 2524 φέρεται
1443 2444 1730 2530 reposuit
1776 2444 1983 2510 editor
2001 2494 2019 2530 ‚
2066 2466 2193 2512 non
2239 2454 2336 2514 est
2382 2451 2693 2518 sermonis

308 2550 666 2636 quotidiani
711 2570 828 2616 nec
875 2551 1265 2615 comicorum
1285 2595 1303 2627 ,
1352 2549 1462 2615 sed
1506 2551 1702 2634 epicis
1749 2552 2137 2637 tragicisque
2179 2552 2691 2639 relinquendum.

304 2656 475 2725 Nam
515 2655 972 2741 Aristophanes
1011 2654 1162 2742 Lys.
1206 2653 1339 2720 959
1362 2654 1705 2720 manifesto
1731 2656 2233 2738 παρατραγῳδεῑ.
2282 2658 2347 2724 Ν
2348 2680 2429 2725 on
2455 2661 2690 2727 melius

306 2769 404 2831 est
462 2763 630 2849 quod
676 2782 790 2848 pro
838 2757 1153 2841 αποκριθῶ
1207 2761 1326 2847 (vs.
1370 2759 1437 2846 2)
1487 2762 1707 2846 reponi
1755 2761 1944 2826 iussit
1992 2763 2293 2843 αποδικῶ,
2344 2769 2447 2831 cui
2494 2768 2687 2833 verbo

305 2890 431 2936 non
475 2871 600 2934 nisi
646 2871 715 2933 in
761 2865 1002 2933 iudicio
1047 2866 1224 2933 locus
1270 2873 1385 2932 est.
1437 2865 1581 2932 Vid.
1633 2867 1797 2933 Xen.
1843 2866 2018 2934 Hell.
2069 2867 2100 2934 1
2148 2867 2227 2948 7‚·
2262 2869 2371 2936 21.
2426 2871 2688 2939 Utrius-

307 2996 429 3062 que
475 2975 658 3043 verbi
705 2974 1006 3039 correctio
1052 2974 1297 3038 incerta
1343 2979 1469 3050 est,
1524 2972 1636 3037 sed
1682 2974 1956 3058 speciem
2003 2973 2234 3040 saltem
2281 2978 2477 3043 habet
2520 2979 2688 3064 quod

306 3102 400 3148 vs.
466 3081 500 3147 1
572 3082 903 3168 proposuit
959 3077 1259 3145 Meineke
1315 3080 1719 3160 δυσφορεῒ
1776 3079 1907 3145 καὶ
1972 3079 2288 3159 πνίγεται.
2386 3084 2484 3150 Ne
2543 3088 2687 3170 quis

306 3211 345 3252 σ
365 3186 506 3267 πέρ
522 3210 773 3270 χεται
838 3183 1138 3262 conicient,
1203 3183 1575 3250 Atticorum
1645 3205 1835 3268 usne,
1883 3207 1963 3251 ne
2009 3186 2235 3253 κάεται
2257 3236 2274 3268 ,
2322 3188 2685 3257 litterarum

306 3293 539 3361 ductus
578 3291 964 3359 dissuadent.
1061 3293 1163 3357 An
1208 3291 1370 3357 forte
1416 3290 1535 3357 κᾶν
1582 3291 1698 3367 μὲν
1744 3298 2007 3357 σιωπῶ
2057 3293 2224 3374 ’γὼ,
2270 3296 2683 3378 φλέγεται

307 3400 412 3466 καὶ
461 3395 802 3479 πνίγεταιῖ

396 3576 848 3646 Pnumm
892 3576 971 3642 fr.
1021 3571 1134 3654 70,
1185 3575 1227 3641 5

669 3681 786 3766 ἔρρ’
836 3682 898 3757 ἔς
949 3681 1244 3763 κόρακας.
1293 3681 1716 3764 βατράχοισιν
1761 3683 2052 3767 οἰνοχοεῖν
2098 3708 2183 3751 σε
2229 3684 2366 3753 δεῖ.

305 3790 518 3858 Immo
562 3811 713 3859 vero
760 3789 1049 3870 οἶνοχοεῒν
1095 3790 1154 3854 σ’
1201 3786 1277 3856 ἔδ
1294 3814 1399 3876 ει,
1447 3789 1712 3855 debebas.

396 3967 851 4036 Pmsomns
894 3967 974 4035 fr.
1026 3964 1159 4034 122

579 4099 624 4140 α
687 4098 708 4140 ι
804 4073 820 4099 ’
840 4097 879 4139 σ
896 4098 926 4139 ε
945 4097 963 4139 ι
982 4096 1034 4139 ν.

583 4098 766 4249 agag
785 4098 912 4245 ’,καὶ
963 4179 1166 4252 κίε-αις
1216 4180 1278 4244 ἐν
1323 4180 1572 4259 δμαῖσιν
1618 4179 1897 4256 απόκειδ’
1940 4171 1985 4246 ἃ
2032 4181 2447 4262 μέλλομεν

305 4288 595 4358 Kockius
666 4286 949 4366 „Versus
1019 4285 1411 4371 Eupolideus
1479 4308 1559 4354 ex
1626 4288 1920 4374 parabasi
1984 4295 2318 4375 excerptus
2332 4340 2351 4371 ,
2424 4294 2495 4360 in
2564 4318 2688 4383 quo

309 4401 497 4484 poeta
552 4393 825 4484 figurate
877 4394 956 4461 de
1000 4413 1153 4460 suae
1194 4396 1350 4460 artis
1393 4397 1576 4481 copia
1621 4393 1938 4462 dicebat.”
2030 4395 2233 4464 Miror
2276 4402 2492 4468 virum
2537 4423 2689 4471 acu-
