3192 5017
446 274 579 344 430
1523 292 1759 346 mvms.

448 471 536 543 εἷς
584 471 694 543 τῆν
741 467 917 535 πόλιν
964 467 1392 547 ἀφιππάσατο
1443 468 1841 550 σκηψάμενος
1892 472 2194 551 Ἠρακλεῖ
2238 471 2395 537 θύειν
2435 471 2613 539 δειλὰ
2657 474 2837 552 παρὰ

451 579 658 643 δειλῶν
707 575 841 656 ἱερὰ
888 578 976 654 μὴ
1015 575 1328 658 δεχομένῳ
1368 575 1516 655 μηδ’
1553 576 1757 658 εὐχὰς
1798 576 2125 653 ἀθεμίτους
2169 578 2566 643 ἐπιτελοῦντι.
2593 578 2834 664 Polyb.

452 684 712 750 XXIX.
760 681 818 747 6.

541 790 814 876 Reliqua
884 811 1028 876 pars
1099 789 1265 856 vitae
1327 796 1390 854 et
1452 810 1663 854 rerum
1733 778 2061 876 gestarum
2125 790 2338 855 Persei
2404 790 2481 855 ad
2541 793 2829 854 nostrum

452 899 848 984 propositum
911 917 1036 962 non
1103 895 1257 961 facit
1322 895 1432 961 sed
1479 897 1635 960 satis
1682 896 1773 960 sic
1822 896 2170 961 ostendisse
2218 917 2319 961 me
2367 896 2634 961 arbitror
2683 895 2837 980 quid

454 1009 540 1068 sit
587 1002 987 1068 sentiendum
1038 1002 1115 1067 de
1160 1003 1241 1067 iis
1289 1003 1399 1086 qui
1446 999 1878 1066 Romanorum
1927 1001 2394 1067 humanitatem
2444 1010 2508 1066 et
2567 1001 2841 1067 clemen-

453 1112 610 1176 tiam
663 1129 813 1196 erga
859 1108 1161 1174 Perseum
1213 1107 1642 1183 admirentur,
1693 1102 1860 1191 quod
1907 1106 2061 1172 facit
2108 1105 2420 1194 Polybius
2472 1107 2640 1192 apud
2689 1106 2843 1172 Dio·

452 1216 679 1281 dorum
738 1214 997 1280 XXXI.
1051 1212 1127 1278 8:
1177 1213 1455 1279 Romani
1512 1211 1752 1293 Περσέα
1802 1216 1868 1277 ἐκ
1914 1211 2216 1295 προγόνων
2265 1213 2608 1293 ὀφείλοντα
2654 1212 2842 1294 χάρι-

448 1346 567 1392 τας
639 1322 923 1394 ἐπειδὴ
988 1319 1208 1400 παρὰ
1273 1320 1420 1390 τὰς
1469 1321 1874 1394 συνθήκας
1924 1316 2202 1385 ἄδικον
2252 1319 2659 1398 ἐξήνεγκε
2712 1320 2839 1385 πό-

453 1444 703 1506 λεμον
771 1425 1082 1504 λαβόντες
1155 1424 1568 1507 αἰχμάλωτον
1638 1426 1724 1496 εἷς
1799 1424 2115 1505 ἐλευθέραν
2185 1424 2480 1491 ἀπέθεντο
2546 1427 2843 1503 Φυλακῆν

452 1533 758 1600 ἐλάττονα
808 1535 926 1597 τῶν
976 1529 1520 1612 παρανομημάτων
1571 1530 2010 1608 λαμβάνοντες
2057 1533 2375 1612 τιμωρίαν.
2474 1531 2570 1596 Ex
2620 1532 2843 1597 huius-

450 1642 700 1707 cemodi
764 1638 918 1706 locis
981 1643 1222 1725 optime
1285 1638 1588 1705 declarari
1636 1643 1845 1722 potest
1893 1659 2017 1722 quo
2067 1644 2248 1723 pacto
2297 1637 2407 1703 fiat
2456 1647 2530 1702 ut
2577 1638 2841 1725 Polybii

448 1751 538 1833 (et
586 1747 789 1832 Livii)
828 1766 1064 1812 errores
1104 1768 1181 1811 ex
1222 1748 1502 1831 ipsorum
1546 1747 1800 1828 scriptis
1836 1746 2245 1829 potissimum
2287 1745 2839 1829 deprehendantur

447 1860 515 1918 et
572 1853 994 1918 confutentur.
1092 1851 1356 1917 Mentiri
1424 1849 1771 1936 Polybium
1832 1855 1943 1914 aut
2003 1850 2222 1915 fallere
2269 1850 2435 1916 velle
2484 1853 2627 1935 quis
2674 1853 2837 1916 serio

449 1964 656 2045 potest
702 1961 769 2023 in
818 1960 1105 2023 animum
1154 1958 1494 2022 inducere?
1544 1956 1637 2021 De
1676 1953 1913 2021 Catone
1949 1956 2116 2020 idem
2158 1957 2473 2041 suspicari
2513 1956 2836 2041 piaculum

452 2076 567 2130 est.
662 2065 746 2129 Et
816 2062 974 2129 Cato
1034 2068 1098 2128 et
1157 2062 1469 2150 Polybius
1531 2068 1722 2127 testes
1784 2061 2078 2146 aequales
2136 2082 2344 2126 rerum
2392 2068 2722 2149 gestarum
2774 2068 2838 2126 et

451 2169 686 2236 oculati
757 2170 909 2254 quid
975 2173 1138 2234 esset
1201 2176 1416 2233 actum
1481 2174 1545 2232 et
1606 2170 1850 2253 optime
1910 2168 2187 2232 sciebant
2248 2172 2312 2232 et
2367 2174 2538 2233 certa
2585 2167 2707 2232 fide
2757 2168 2835 2233 ad

448 2284 844 2364 posterorum
908 2277 1284 2340 memoriam
1350 2278 1584 2360 scripto
1643 2275 2045 2339 mandarunt.
2140 2272 2262 2339 Sed
2309 2273 2436 2339 alia
2481 2295 2579 2339 res
2627 2280 2720 2339 est
2769 2276 2836 2337 in

448 2405 669 2449 eorum
736 2381 1166 2467 opinionibus,
1234 2381 1737 2466 suspicionibus,
1802 2381 2193 2446 coniecturis.
2290 2378 2592 2445 Perseum
2665 2378 2834 2445 bello

447 2493 696 2556 victum
747 2494 810 2553 et
858 2493 1115 2572 captum
1167 2508 1298 2551 esse
1343 2489 1510 2551 inter
1558 2507 1778 2552 omnes
1825 2489 2108 2564 constat3
2157 2485 2266 2551 sed
2313 2486 2614 2551 Perseum
2657 2486 2832 2564 παρὰ

443 2598 561 2668 τοὶς
635 2597 936 2670 συνθήκας
1008 2593 1212 2658 ἄδικον
1285 2592 1627 2670 ἐξενεγκεῖν
1699 2591 1971 2669 πόλεμον
2038 2612 2209 2657 error
2278 2596 2412 2668 est,
2481 2612 2560 2656 ne
2623 2591 2832 2657 dicam

443 2702 867 2768 mendacium.
965 2696 1234 2785 Polybio
1280 2701 1373 2764 ita
1418 2699 1789 2773 videbatur,
1838 2698 1946 2763 sed
1993 2699 2173 2764 nobis
2221 2718 2288 2761 re
2336 2697 2681 2785 diligenter
2719 2719 2830 2762 ex-

437 2808 682 2894 plorata
727 2828 804 2873 ex
851 2808 1051 2892 ipsius
1101 2804 1486 2870 testimoniis
1531 2803 1659 2869 alia
1705 2810 1770 2869 ct
1817 2806 2061 2870 veriora
2106 2806 2338 2869 sentire
2385 2802 2557 2869 licet.

532 3023 934 3109 Subiungam
1006 3020 1107 3085 his
1170 3019 1370 3085 alium
1436 3017 1694 3106 Polybii
1752 3023 1844 3099 <et
1905 3018 2101 3104 Livii)
2161 3018 2376 3085 locum
2443 3022 2678 3086 iniuria
2742 3023 2822 3087 ab

440 3131 807 3198 nominibus
862 3128 1061 3193 doctis
1109 3129 1175 3191 in
1223 3125 1463 3191 fraudis
1509 3125 1933 3210 suspicionem
1983 3131 2299 3191 vocatum.
2397 3126 2578 3206 Quod
2627 3130 2825 3213 scrip·

439 3246 582 3303 tum
632 3241 726 3302 est
773 3234 937 3320 apud
988 3232 1341 3321 Polybium
1396 3232 1484 3313 (et
1533 3232 1698 3316 apud
1746 3229 2009 3297 Livium
2063 3232 2481 3317 descriptum)
2528 3235 2602 3297 de
2662 3245 2825 3297 trae-

437 3349 581 3408 tatie
643 3342 804 3406 inter
865 3341 1179 3405 Eumenem
1235 3345 1290 3401 et
1336 3339 1554 3401 Persea
1603 3338 2035 3401 conditionibus
2082 3339 2380 3402 amicitiae
2424 3338 2677 3403 inanem
2728 3340 2821 3404 fa·

437 3448 673 3516 bellam
720 3468 854 3513 esse
902 3454 966 3512 et
1013 3445 1189 3510 nulla
1236 3442 1355 3510 fide
1404 3444 1669 3530 dignam
1715 3463 1949 3529 magna
2000 3464 2149 3510 voce
2196 3448 2572 3529 pronunciat
2618 3444 2816 3509 Theo-

438 3556 626 3621 dorus
688 3553 1053 3620 Mommsen
1111 3553 1214 3617 his
1278 3551 1487 3616 verbis
1533 3570 1678 3637 pag.
1733 3547 1898 3616 770:
1950 3551 2053 3614 die
2101 3540 2820 3633 Beetechunyeqeeelcichte

434 3664 516 3726 ist
577 3684 640 3725 eo
704 3661 893 3724 sicher
956 3659 1051 3722 ein
1105 3659 1435 3722 Mc’tihrchen
1482 3662 1589 3720 wie
1635 3679 1752 3720 nur
1797 3657 2011 3737 iryend
2053 3662 2181 3721 eine
2225 3658 2459 3739 heutiye
2503 3659 2820 3741 Zeitunye-

437 3775 596 3846 enlm
667 3768 779 3830 den
843 3766 981 3829 dass
1041 3765 1147 3827 der
1200 3763 1397 3828 reia-ke
1415 3811 1430 3841 ‚
1478 3763 1720 3829 ecblaue
1763 3763 1893 3827 und
1934 3773 2315 3849 consequente
2359 3765 2661 3841 Attalida,
2717 3768 2825 3830 der

433 3878 547 3939 den
607 3875 809 3939 Bruck
870 3872 1152 3935 zwiechen
1198 3870 1347 3933 Rom
1396 3871 1523 3933 und
1568 3870 1967 3935 Makedonien
2016 3872 2201 3934 durch
2246 3872 2407 3935 aeine
2458 3872 2636 3936 Reice
2688 3872 2821 3937 582

436 3982 624 4067 (172)
693 3979 977 4043 zunc'z‘ehte
1044 3977 1376 4041 veranlaeet
1443 3979 1608 4041 batte
1676 3978 1804 4040 und
1842 3979 1990 4062 fact
2052 3978 2347 4058 deeweyen
2410 4000 2520 4042 von
2573 3979 2822 4042 Perseus

435 4087 740 4156 Banditen
802 4085 1087 4149 ermordet
1149 4083 1381 4147 worden
1444 4089 1636 4163 wc‘ire,
1703 4089 1768 4145 in
1831 4085 1959 4147 dem
2013 4085 2372 4165 Auqenbcielc
2421 4107 2506 4149 wo
2552 4085 2653 4148 die
2697 4108 2814 4150 we-

425 4193 750 4257 sentlielaen
816 4189 1325 4274 Selewimykeicen
1374 4190 1536 4253 eines
1580 4189 1827 4271 Krieqee
1872 4190 2261 4255 uberwunden
2306 4214 2502 4256 waren
2550 4215 2630 4255 an
2676 4193 2812 4255 dee-

419 4322 521 4361 een
577 4298 921 4359 einrllielaem
988 4299 1263 4377 Auxqanq
1323 4320 1387 4359 er
1448 4296 1721 4359 eber-dies
1767 4296 1866 4358 nie
1910 4298 2192 4359 ernecliek
2232 4300 2568 4375 ,qezaeoeif'elt
2613 4300 2804 4362 haben

416 4407 667 4488 koanbe,
715 4405 853 4468 dass
898 4428 962 4467 er
1007 4405 1237 4466 damete
1281 4409 1480 4467 semen
1532 4403 1810 4479 Anthea,
1860 4426 1939 4465 an
1986 4406 2092 4465 der
2141 4404 2330 4467 Beate
2375 4411 2588 4468 eeinem
2639 4406 2806 4469 Mer-
