3192 5017
1315 307 1553 359 mvms.
2510 297 2637 361 119

241 486 569 569 gestarum
633 482 982 566 perturbat.
1080 480 1217 562 Quo
1281 486 1563 566 tempore
1624 481 1861 547 Rhodii
1906 485 2063 547 iussi
2112 483 2240 548 sint
2284 486 2628 570 praefectos
2676 556 2681 561 ,

243 607 322 654 ex
382 586 586 675 Lycia
648 583 962 672 Cariaque
1020 586 1328 654 deducere
1374 586 1653 653 declarat
1700 586 2014 675 Polybius
2061 588 2281 655 XXX.
2334 592 2409 657 ὃς
2460 592 2630 657 Post-

239 715 416 779 quam
477 694 845 759 Rhodiorum
903 695 1114 776 {effatis
1169 715 1509 778 responsum
1569 695 1865 760 redditum
1930 703 2015 760 est
2076 699 2127 761 οἱ
2175 698 2288 774 μὲν
2336 700 2471 776 περ)
2523 701 2625 765 τὸν

243 798 626 880 Φιλοκράτην
671 799 981 878 λαβόντες
1030 798 1099 878 ἐξ
1147 802 1344 876 αὐτῆς
1392 798 1717 880 ὥρμησαν,
1767 802 1817 867 οἱ
1859 801 1920 866 δὲ
1956 802 2090 882 περὶ
2130 806 2233 869 τὸν
2271 807 2624 884 Ἀςυμήδην

242 904 454 972 αὐτόθι
513 905 793 985 μένοντες
841 907 1209 988 παρήδρευον
1254 906 1441 989 χοὶριν
1486 912 1595 972 τοῦ
1643 907 1832 986 μηδὲν
1876 909 2101 981 αὐτοὺς
2148 910 2465 978 λανθάνειν
2509 919 2627 978 τῶν

244 1012 764 1093 προσπιπτόντων.
822 1015 967 1078 haec
1023 1013 1230 1078 Rhodi
1286 1019 1633 1079 renuntiata
1694 1052 1775 1063 —
1824 1020 1889 1079 in
1948 1017 2236 1097 studium
2305 1026 2629 1088 verterunt.

244 1119 459 1207 Itaque
519 1122 804 1204 extemplo
851 1143 1123 1187 coronam
1169 1119 1294 1186 XX
1341 1121 1596 1185 millium
1642 1144 1953 1187 aureorum
1999 1124 2378 1189 decreverunt
2391 1152 2421 1211 ,·
2470 1126 2633 1193 'Phe-

243 1232 523 1293 aetetum
584 1229 978 1314 praefectum
1028 1226 1246 1294 classis
1291 1227 1358 1291 in
1405 1248 1544 1294 eam
1588 1226 1980 1315 legationem
2028 1232 2360 1297 miseruut.
2439 1234 2634 1299 Socie-

242 1341 419 1399 tatem
465 1335 538 1398 ab
587 1335 876 1399 Romanis
920 1335 1012 1399 ita
1055 1335 1327 1399 volebant
1359 1340 1494 1420 peti
1539 1345 1609 1399 ut
1656 1336 1887 1400 nullum
1937 1340 2007 1400 de
2056 1360 2126 1401 ea
2171 1360 2236 1402 re
2281 1345 2492 1403 scitum
2518 1363 2630 1424 po·

231 1440 375 1523 puli
421 1443 633 1525 fieret.
698 1440 1086 1507 Theaetetus
1147 1443 1382 1506 missus
1441 1447 1540 1507 est
1606 1441 1835 1520 θερείας
1885 1442 2226 1522 ἀρχομένου
2273 1448 2421 1510 anni
2473 1447 2625 1515 16¹7.

240 1547 378 1629 ἄρτι
464 1550 528 1614 δὲ
616 1555 734 1614 τῶν
814 1548 950 1629 περὶ
1023 1548 1125 1613 τὸν
1200 1549 1540 1624 Θεαίτητον
1613 1551 2228 1617 καταπεπλευκότων
2297 1552 2626 1628 ἀπέστησαν

241 1652 509 1720 Καύνιοι.
561 1692 647 1703 -
696 1663 929 1720 ΚΑΤΑ
998 1664 1112 1719 ΔΕ
1175 1662 1360 1719 TON
1427 1662 1729 1720 ATTON
1794 1664 2112 1721 KAIPON
2180 1661 2213 1734 ἡ
2278 1659 2629 1738 σύγκλητος

239 1758 513 1839 ἐξέβαλε
560 1760 773 1839 δόγμα
822 1759 972 1826 διότι
1020 1760 1116 1825 δεῖ
1155 1763 1364 1839 Κᾶρας
1416 1761 1518 1825 καὶ
1570 1762 1830 1834 Λυκίους
1882 1762 2220 1842 ἐλευθέρους
2271 1761 2422 1830 εἶναι
2465 1766 2625 1833 πιέν·-

241 1892 396 1948 τας,
446 1864 618 1943 ὅσους
670 1868 1025 1949 προσένειμε
1074 1867 1316 1941 Ῥοδίοις
1366 1867 1536 1944 μετὰ
1584 1866 1690 1932 τὸν
1739 1867 2127 1951 Ἀντιοχικὸν
2174 1871 2467 1950 πόλεμον.

331 2083 407 2150 In
467 2083 673 2151 multo
735 2086 1096 2172 graviorem
1158 2102 1433 2149 errorem
1495 2082 1727 2149 Livius
1789 2088 1854 2150 et
1898 2091 2100 2151 semet
2146 2088 2354 2171 ipsum
2405 2099 2469 2155 et
2516 2111 2629 2157 nos

240 2191 455 2257 induit
500 2192 571 2256 in
619 2189 915 2278 fingenda
961 2192 1272 2267 oratione,
1312 2209 1506 2273 quam
1545 2187 1969 2278 Astymedem
2011 2195 2079 2257 in
2118 2197 2296 2261 curia
2332 2196 2629 2263 habuisse

237 2303 478 2366 narrat.
570 2296 731 2364 Toto
795 2296 969 2364 coelo
1032 2302 1167 2363 erat
1228 2296 1478 2362 diversa
1536 2296 1616 2362 ab
1677 2317 1750 2362 ea
1794 2301 2076 2365 oratione
2122 2321 2315 2386 quam
2364 2325 2431 2369 re
2482 2327 2629 2372 vera

238 2405 485 2471 habuit.
578 2403 998 2491 Astymedes,
1067 2405 1169 2468 cui
1242 2423 1358 2468 sua
1428 2406 1628 2469 oratio
1699 2404 1855 2469 satis
1924 2405 2249 2492 placebat,
2321 2414 2623 2497 scriptam

238 2531 383 2578 eam
431 2511 499 2576 in
546 2510 786 2599 vulgus
836 2510 1055 2576 edidit.
1102 2508 1415 2597 Polybius
1461 2509 1682 2575 XXX.
1734 2512 1805 2575 4:
1857 2509 2129 2589 ἐξέβαλε
2177 2516 2302 2595 γὰρ
2342 2515 2627 2599 ἔγγραπ-

238 2641 341 2683 τον
405 2618 578 2696 μετὰ
643 2624 857 2684 ταῦτα
921 2617 1182 2691 ποιήσας
1249 2618 1358 2691 τὴν
1406 2613 1696 2692 σύνταξιν
1743 2624 1852 2690 τῆς
1901 2618 2363 2701 δικαιολογίας,
2415 2617 2449 2698 ἢ
2497 2636 2623 2699 τοῖς

238 2725 514 2797 πλείςοις
560 2727 677 2790 τῶν
727 2723 1309 2801 ἀναλαμβανόντων
1356 2722 1440 2793 εἰς
1487 2722 1604 2794 τοὶς
1652 2737 1873 2802 χεῖρας
1915 2724 2143 2798 ἄτοπος
2186 2730 2478 2809 ἐφαίνετο
2514 2734 2620 2799 καὶ

238 2832 553 2905 ἀπίθανος.
662 2831 973 2897 Maiorem
1047 2832 1216 2895 enim
1291 2831 1593 2895 orationis
1662 2835 1908 2914 partem
1974 2838 2326 2901 consumsit
2406 2841 2623 2906 crimi-

237 2938 446 3004 nando
506 2937 666 3004 alios
730 2939 841 3022 qui
905 2940 1087 3021 peius
1151 2938 1345 3001 etiam
1395 2936 1473 3000 de
1519 2935 1830 3001 Romanis
1875 2941 2094 3004 meriti
2140 2946 2353 3008 tamen
2404 2966 2622 3013 omnes

238 3047 495 3111 veniam
558 3045 769 3129 adepti
834 3050 1059 3110 essent.
1155 3041 1500 3128 Polybius,
1548 3045 1661 3128 qui
1707 3045 1910 3127 ipsam
1959 3048 2305 3114 orationem
2356 3050 2619 3140 legerat,

234 3156 522 3239 graviter
581 3149 1007 3238 Astymedem
1073 3152 1374 3233 increpat.
1469 3147 1729 3226 Livius,
1791 3151 1903 3236 qui
1952 3156 2299 3220 orationem
2348 3180 2469 3225 non
2521 3164 2620 3229 vi-

236 3258 415 3324 derat
473 3257 702 3345 (solent
762 3259 933 3322 enim
994 3254 1201 3322 libelli
1261 3254 1634 3320 huiusmodi
1699 3258 1826 3322 cito
1888 3260 2171 3345 interire)
2237 3269 2301 3329 et
2361 3265 2620 3355 Polybii

233 3367 581 3430 immemor
626 3363 881 3452 longam
934 3369 997 3428 et
1042 3361 1316 3427 flebilem
1367 3360 1568 3448 legati
1616 3365 1962 3429 orationem
2018 3366 2095 3432 de
2141 3388 2256 3433 suo
2306 3393 2623 3442 commen·

234 3482 345 3536 tus
389 3475 485 3535 est
531 3471 610 3536 ad
659 3469 1156 3535 misericordiam
1208 3467 1639 3532 Romanorum
1693 3470 2112 3536 excitandam.
2179 3474 2393 3544 Multa
2438 3481 2504 3546 in
2553 3505 2625 3550 ea

233 3579 519 3643 oratione
587 3583 737 3641 sunt
796 3577 976 3661 pravi
1036 3581 1099 3639 et
1160 3575 1376 3640 vitiosi
1440 3574 1752 3640 acuminis
1815 3583 1879 3641 et
1944 3599 2133 3663 supra
2205 3585 2467 3653 modum
2515 3611 2620 3656 ex-

232 3688 562 3771 aggerata.
655 3682 798 3748 Non
842 3703 1108 3768 gravem
1145 3681 1521 3745 historicum
1561 3681 1670 3747 sed
1709 3681 2226 3753 declamitantem
2269 3692 2622 3762 adolescen-

234 3789 454 3855 tulum
524 3787 741 3855 audire
813 3790 930 3854 tibi
1001 3788 1275 3854 videaris
1335 3789 1403 3851 in
1464 3787 1596 3855 his:
1664 3793 1721 3851 si
1774 3795 2226 3873 perseverabitis
2272 3798 2339 3862 in
2386 3805 2483 3865 ira
2530 3839 2619 3854 -—

231 3896 534 3983 quidquid
575 3895 777 3960 Rhodi
823 3900 1081 3959 virorum
1115 3894 1488 3982 seminarum
1533 3901 1621 3960 eea
1670 3931 1755 3944 --
1805 3896 2051 3962 Romam
2098 3907 2394 3968 veniemus
2440 3914 2496 3972 ec
2538 3947 2619 3959 -

234 4009 302 4069 in
369 4003 653 4068 vocabulo
708 4008 910 4067 euriae
950 4009 1179 4067 vestrae
1226 4038 1310 4050 —
1355 4022 1601 4084 corpora
1648 4008 1852 4066 nostra
1898 4005 2318 4092 eoniuqumque
2363 4034 2434 4075 ac
2478 4015 2622 4081 libe.

236 4132 439 4176 rorum
485 4116 715 4174 vestrae
753 4108 1033 4192 potestati
1071 4111 1474 4191 permittemus
1516 4108 1613 4171 hic
1652 4109 1899 4191 passuri
1942 4112 2338 4199 quodcumque
2389 4119 2623 4201 pabien-

238 4220 378 4284 dum
426 4216 561 4282 erit.
609 4214 751 4281 Liv.
801 4213 995 4278 XLV.
1052 4213 1156 4278 24.
1212 4213 1318 4279 11.
1369 4211 1492 4279 Sed
1544 4233 1799 4298 prorsus
1843 4214 2008 4280 nihil
2056 4216 2282 4284 horum
2332 4224 2396 4286 in
2448 4230 2623 4297 curia

241 4325 531 4391 auditum
585 4326 697 4386 est.
