3192 5017
1104 306 1275 353 unx
1324 307 1588 354 sirmis.
2418 286 2548 354 415

150 480 438 557 lentum,
504 482 636 545 iam
695 479 1167 566 philolog-orum
1241 481 1600 547 incredibili
1660 481 1976 546 industria
2024 481 2313 546 sordibus
2364 502 2552 546 omne

148 608 360 674 genus
425 589 517 651 ita
570 593 920 675 purgatum
984 607 1153 663 esse,
1208 593 1280 651 ut
1329 589 1532 652 denuo
1586 594 1840 652 tantum
1890 609 2015 652 non
2061 587 2217 652 fluat
2265 587 2547 672 splendi-

152 693 299 757 dior
368 694 551 757 vitro.
663 692 900 771 Quodsi
962 693 1122 757 forte
1180 693 1284 758 vel
1350 701 1490 777 post
1555 700 1654 758 tot
1717 700 1969 759 exactos
2035 693 2279 758 labores
2344 693 2551 758 adhuc

154 791 420 884 pristini
461 798 606 862 limi
653 799 807 883 quid
853 810 1076 871 restat,
1132 802 1269 884 ipsa
1316 798 1733 885 lympharum
1784 804 2035 865 claritas
2083 799 2313 866 efficiet
2362 803 2554 864 nimi-

152 925 305 969 rum
366 943 442 953 —-
491 906 1031 989 quemadmodum
1104 910 1171 971 in
1234 907 1471 971 mundo
1548 928 1803 991 corpore
1873 907 2070 972 latere
2134 910 2355 991 nequit
2399 928 2551 974 nae-

158 1032 281 1076 vus
333 1048 413 1058 —-
468 1021 537 1074 ut
597 1017 820 1095 sponte
869 1013 934 1075 id
991 1020 1288 1096 appareat
1336 1012 1766 1097 facillimeque
1816 1013 2098 1078 tollatur.
2175 1013 2348 1094 Quae
2402 1035 2551 1078 cum

155 1122 253 1182 ita
316 1121 481 1195 sint,
541 1121 725 1202 aequi
792 1120 1065 1203 bonique
1129 1118 1418 1184 consulat
1464 1120 1538 1183 L.
1590 1120 1660 1183 B.
1706 1122 1760 1184 si
1807 1123 2092 1206 primum
2142 1124 2433 1185 omnium
2486 1122 2550 1183 in

158 1246 290 1290 uno
338 1226 660 1310 alteroque
706 1226 843 1291 loco
891 1226 1303 1313 Thucydideo
1352 1249 1642 1292 mearum
1704 1227 2242 1313 qualiumcunque
2306 1231 2546 1293 virium

158 1333 395 1396 faciam
446 1331 824 1416 periculum.

256 1546 456 1611 Thuc.
509 1546 578 1610 L.
632 1546 682 1613 Ι.
745 1568 796 1609 c.
852 1547 913 1610 ὃ.

350 1706 362 1719 .
395 1702 408 1717 .
463 1650 723 1733 ἥρπαζον
771 1653 873 1716 καὶ
926 1653 1026 1716 τὸν
1074 1661 1363 1716 πλεῖστον
1411 1660 1517 1716 τοῦ
1566 1654 1707 1730 βίου
1755 1656 2023 1719 ἐντεῦθεν
2071 1657 2406 1720 ἐποιοῦντο·
2448 1659 2556 1721 οὐκ

161 1760 412 1839 ἔχοντός
476 1783 567 1824 πω
628 1760 928 1839 αἰσχύνην
979 1759 1195 1823 τούτου
1238 1764 1344 1822 τοῦ
1397 1760 1617 1838 ἔργου,
1670 1760 1953 1840 φέροντος
2006 1762 2068 1826 δέ
2119 1786 2179 1825 τι
2230 1764 2333 1827 καὶ
2384 1763 2554 1841 δόξης

157 1872 433 1945 μᾶλλον.
518 1866 763 1939 δηλοῦσι
812 1865 871 1928 δὲ
925 1868 1038 1928 τῶν
1092 1888 1160 1928 τε
1210 1868 1546 1944 ἠπειρωτῶν
1597 1889 1752 1937 τινες
1807 1866 1894 1931 ἔτι
1948 1869 2054 1931 καὶ
2107 1875 2243 1951 νῦν,
2291 1864 2377 1940 οἷς
2421 1870 2562 1953 (ali-

160 1980 401 2058 quanto
479 1973 684 2038 lenius
756 1975 1285 2055 transposuerim:
1355 1967 1439 2041 οἷς
1512 1970 1601 2036 ἔτι
1667 1974 1770 2036 καὶ
1840 1976 1964 2058 νῦν)
2015 1974 2235 2051 κόσμος
2289 1982 2557 2046 καλῶς

162 2086 347 2145 τοῦτο
398 2079 542 2157 δρᾶν
590 2080 717 2142 κτὲ.

260 2187 363 2250 καὶ
413 2188 600 2265 μέχρι
650 2185 826 2250 τοῦδε
876 2185 1087 2248 πολλοὶ
1137 2193 1246 2258 τῆς
1289 2182 1595 2257 Ἑλλάδος
1635 2188 1720 2264 τῷ
1763 2189 2015 2267 παλαιῷ
2060 2188 2259 2268 τρόπῳ
2302 2187 2556 2265 νέμεται

165 2295 311 2374 περί
368 2319 439 2357 τε
504 2294 766 2371 Λοκροὺς
818 2292 958 2362 τοὺς
1008 2290 1279 2371 Ὀζόλας
1332 2295 1436 2355 καὶ
1489 2293 1801 2365 Αἰτωλοὺς
1851 2296 1953 2357 καὶ
2008 2297 2394 2375 Ἀκαρνᾶνας
2451 2292 2558 2359 καὶ

162 2404 277 2475 τὴν
334 2400 537 2481 ταύτῃ
596 2402 851 2477 ἤπειρον.
921 2399 993 2463 τό
1048 2424 1118 2461 τε
1168 2399 1686 2479 σιδηροφορεῖσθαι
1737 2400 1970 2471 τούτοις
2020 2410 2144 2471 τοῖς
2196 2403 2560 2480 ἧπειρώταις

166 2510 298 2573 ἀπὸ
347 2515 456 2582 τῆς
506 2509 793 2575 παλαιᾶς
843 2506 1133 2585 λῃστείας
1185 2507 1635 2580 ἐμμεμένηκεν.

261 2613 570 2699 Opinatur
644 2612 1051 2698 Thucydides
1121 2611 1529 2675 latrocinium
1603 2612 1759 2677 olim
1825 2620 1957 2677 tota
2020 2610 2328 2690 Graecia,
2380 2622 2451 2677 ut
2500 2621 2565 2678 et

165 2721 338 2805 apud
410 2721 740 2794 barbaros,
810 2739 932 2782 non
1000 2725 1248 2782 tantum
1313 2719 1722 2784 inhonestum
1789 2740 1910 2784 non
1958 2720 2155 2784 fuisse
2203 2720 2310 2783 sed
2362 2724 2558 2784 etiam

162 2828 376 2892 laudis
424 2827 576 2910 quid
626 2826 958 2899 habuissc3
1009 2827 1190 2888 cuius
1238 2827 1330 2889 rei
1379 2828 1446 2887 in
1496 2828 1942 2889 testimonium
1985 2826 2161 2889 affert
2186 2826 2554 2909 exemplum

168 2934 581 2999 Acarnanum
611 2982 624 3005 ,
702 2931 1112 3006 Aetolorum,
1174 2931 1516 2996 Locrorum
1586 2930 1954 3007 Ozolamm,
2028 2932 2298 2996 aliorum
2367 2954 2563 3017 popu-

166 3042 383 3106 lorum
455 3040 531 3104 ad
597 3039 764 3102 hunc
830 3058 1030 3121 usque
1097 3038 1298 3112 diem,
1370 3048 1439 3101 ut
1501 3042 1632 3112 ait,
1685 3041 1966 3123 antiquis
2014 3040 2300 3103 moribus
2348 3043 2566 3104 viven-

170 3150 361 3211 tium.
460 3145 543 3209 Et
590 3164 737 3209 sane
784 3165 895 3228 per
942 3143 1148 3208 multa
1195 3143 1447 3209 saecula
1496 3145 1860 3210 Aetolorum
1914 3167 2070 3231 gens
2113 3148 2398 3229 inquieta
2440 3167 2565 3211 una

174 3273 329 3317 cum
375 3253 605 3316 vicinis
650 3248 996 3313 insatiabili
1047 3250 1353 3313 aviditate
1401 3260 1464 3314 et
1514 3254 1858 3335 rapacitate
1907 3251 2148 3316 famosa
2195 3252 2339 3316 fuit.
2396 3254 2563 3333 Quid

175 3362 234 3423 si
305 3378 383 3422 ne
429 3357 616 3422 hodie
676 3356 973 3440 quidem,
1039 3359 1150 3438 qui
1214 3377 1381 3421 nunc
1440 3377 1544 3420 eas
1586 3364 1785 3421 terras
1832 3357 2151 3434 incolunt,
2202 3361 2565 3442 clephtarum

174 3465 516 3551 (κλεπτῶν)
580 3468 644 3527 et
708 3463 1126 3525 armatolorum
1197 3461 1636 3547 (ἁμαρτωλῶν)
1694 3464 2038 3529 fortissima
2085 3468 2296 3548 natm,
2347 3487 2384 3530 a
2429 3466 2569 3553 glo·

171 3575 275 3637 ria
336 3573 653 3634 maiorum
724 3588 973 3653 prorsus
1041 3567 1450 3654 degenerasse
1511 3566 1958 3653 perhibentur?
2010 3568 2169 3634 Utut
2218 3578 2351 3643 est,
2395 3571 2565 3636 haud

169 3676 361 3743 facile
424 3677 659 3740 dixeris
726 3675 877 3759 quid
945 3672 1199 3740 tandem
1278 3672 1630 3761 significet:
1702 3722 1733 3751 „
1757 3672 1839 3744 οἷς
1890 3675 1979 3740 ἔτι
2032 3677 2136 3739 καὶ
2188 3683 2287 3740 νῦν
2338 3677 2562 3755 κόσμος

170 3790 440 3852 καλῶς
492 3788 670 3846 τοῦτο
720 3780 929 3859 δρᾶν.”
1023 3780 1094 3843 In
1146 3781 1445 3845 adverbio
1502 3783 1625 3846 isto
1676 3789 1879 3852 καλῶς
1931 3783 2202 3848 editores
2251 3783 2377 3848 fere
2425 3805 2564 3848 om-

166 3910 287 3956 nes
348 3888 687 3954 haeserunt
754 3890 967 3970 itaque
1024 3885 1189 3950 alius
1236 3885 1426 3951 aliter
1472 3887 1537 3951 id
1587 3890 2056 3972 interpretando
2105 3888 2419 3972 explicare
2467 3911 2566 3954 co·

165 4004 385 4062 natur.
459 3993 712 4059 Malum
762 3994 999 4057 factum
1053 3996 1214 4074 quod
1265 4013 1492 4076 parum
1541 3995 1968 4059 conveniunt:
2022 4003 2174 4077 quot
2222 3998 2430 4078 capita
2468 4004 2566 4061 tot

165 4097 562 4169 sententiae!
636 4099 1017 4163 Laurentius
1082 4096 1260 4161 Valla
1323 4101 1520 4164 vertit
1583 4100 1854 4184 eqreqk,
1902 4099 2262 4183 Stephanus
2312 4103 2566 4168 mavult

166 4217 333 4274 bene.
413 4206 623 4283 „Bene
687 4213 903 4269 autem
954 4203 1293 4287 praedandi
1344 4213 1545 4269 artem
1597 4216 1922 4280 exercent,
1976 4208 2216 4288 inquit,
2270 4212 2377 4290 qui
2427 4213 2564 4273 eius

164 4317 361 4403 periti
426 4321 610 4392 sunt,
654 4313 806 4377 adeo
853 4318 926 4374 ut
976 4313 1238 4376 fortasse
1285 4312 1461 4375 reddi
1513 4314 1706 4376 etiam
1749 4318 1940 4394 perite
1989 4312 2221 4396 queat''
2273 4312 2565 4381 Herwer-

166 4426 376 4489 denus
442 4428 690 4485 monet:
754 4422 1039 4502 „fortiter
1088 4424 1242 4502 puta
1289 4438 1360 4483 ac
1393 4418 1674 4503 perite,''
1727 4416 2123 4485 Classenius:
2179 4420 2326 4496 „mit
2367 4432 2564 4502 ‚qutem
