3192 5017
565 209 652 285 70
1554 234 1949 287 mamm.

560 407 928 489 κρύπτοντες
986 406 1123 492 vel,
1186 407 1353 493 quod
1411 413 1670 496 propter
1712 408 2102 498 elegantiam
2145 408 2353 476 malo:
2405 405 2546 472 κλέ
2567 427 2672 472 πτ
2690 428 2718 471 ο
2736 429 2766 468 ν
2785 427 2873 469 τε
2893 426 2962 476 ς.

562 512 870 579 Κλέπτειν
931 514 1200 580 verbum
1260 514 1381 580 hoc
1439 534 1627 580 sensu
1686 517 1957 581 minime
2017 536 2234 581 rarum
2292 520 2421 593 est,
2470 513 2548 579 cf.
2600 510 2792 597 Soph.
2835 508 2964 575 m.

560 618 684 698 56,
730 617 904 687 Phil.
955 617 1057 697 77,
1109 619 1262 686 Eur.
1312 619 1540 687 Troad.
1592 618 1746 699 677,
1794 620 1984 688 Herc.
2037 621 2159 688 fur.
2214 619 2366 706 100,
2415 617 2635 706 Suppl.
2690 615 2863 684 416:

1469 725 1801 806 διαβολαῖς
1848 726 2013 800 νέαις

1003 831 1251 913 κλέψας
1298 832 1385 898 τά
1431 830 1666 914 πρόσθε
1714 831 2064 928 σφάλματ’
2117 830 2289 910 ἐξέδυ
2339 833 2531 908 δίκης.

557 937 813 1006 Pindar.
862 936 1123 1026 Olymp.
1171 937 1281 1006 VI.
1332 936 1455 1004 36:
1503 938 1850 1006 κλέπτοισα
1899 937 2063 1007 θεοῖο
2113 939 2287 1019 γόνον
2328 943 2394 1006 et
2441 937 2639 1026 Pyth.
2680 934 2787 1003 IV.
2829 932 2921 1001 96
2943 953 2966 998 2

560 1045 843 1111 κλέπτων
890 1044 953 1111 δὲ
1002 1043 1184 1126 θυμῷ
1236 1044 1450 1123 δεῖμα.

648 1316 886 1384 Hostes
955 1317 1035 1384 ad
1098 1319 1348 1383 moenia
1410 1317 1787 1384 adoriuntur
1851 1322 1917 1383 et
1978 1318 2207 1384 chorus
2276 1317 2356 1382 ad
2421 1316 2569 1383 deos
2619 1336 2971 1385 conversus

561 1423 773 1490 fundit
819 1445 1035 1510 preces
1081 1446 1175 1491 vs.
1224 1422 1393 1489 212:

1013 1533 1167 1596 άλλ·
1215 1530 1312 1595 ἐπὶ
1364 1529 1661 1609 δαιμόνων
1708 1528 2034 1611 πρόδρομος
2083 1527 2273 1606 ἦλθον
2322 1532 2397 1611 άρ
2427 1567 2465 1580 -

1014 1643 1187 1717 χαΐα
1234 1635 1465 1718 βρέτη,
1515 1632 1684 1709 θεοῖς
1733 1637 2017 1711 πίσυνος.
2071 1635 2174 1704 ὅτε
2221 1636 2565 1718 νιφάδος

1020 1745 1134 1807 άπ·
1181 1743 1365 1814 όλοοῖς
1409 1743 1749 1822 νιφομένας
1794 1742 2024 1824 βρόμος
2079 1744 2140 1809 έν
2190 1744 2445 1817 πύλαις.

568 1848 710 1915 Non
759 1854 911 1914 sunt
956 1848 1112 1914 haec
1159 1849 1355 1915 verba
1400 1847 1720 1928 difficilia,
1760 1849 1873 1916 sed
1912 1851 2156 1916 mirum
2196 1849 2364 1937 quod
2407 1850 2678 1937 conjecti
2713 1847 2969 1935 lapides

565 1957 656 2020 sic
703 1955 1083 2041 simpliciter
1128 1955 1428 2021 dicuntur
1473 1955 1663 2037 νιφὰς
1707 1956 2033 2038 νιφομένα.
2073 1954 2286 2023 Λίθων
2328 1956 2567 2037 νιφάδα
2601 1955 2970 2043 Aeschylus

567 2061 885 2147 appellare
930 2063 1144 2147 potuit
1187 2061 1293 2127 vel
1339 2062 1673 2143 χερμάδων
1720 2062 1825 2128 vel
1869 2062 2271 2142 βαλλομένην
2318 2062 2555 2144 νιφάδα
2600 2061 2707 2129 vel
2742 2060 2969 2129 simile

566 2169 755 2253 quid,
826 2168 936 2233 sed
1000 2188 1112 2253 per
1168 2188 1235 2232 se
1295 2168 1461 2232 nihil
1523 2173 1621 2234 est
1682 2190 1796 2234 cur
1844 2167 2086 2251 νιφάδα
2135 2168 2463 2251 νιφομένην
2512 2167 2591 2235 de
2635 2168 2969 2254 lapidibus

565 2276 977 2360 potissimum
1039 2275 1425 2359 accipiamus
1490 2279 1556 2340 et
1600 2274 1867 2340 obscura
1910 2275 2152 2341 locutio
2200 2277 2339 2342 visa
2386 2276 2647 2350 fuisset,
2693 2276 2823 2340 nisi
2866 2271 2966 2341 le-

565 2387 824 2468 geretur
868 2397 962 2445 vs.
1006 2377 1174 2445 300:
1224 2378 1513 2445 ἰάπτουσι
1555 2382 1847 2455 πολίταις
1887 2382 2160 2463 χερμάδ’
2200 2379 2544 2461 ὀκριόεσσαν
2584 2385 2649 2447 et
2672 2402 2767 2447 vs.
2799 2378 2967 2445 158:

564 2485 912 2566 ἀκροβόλων
959 2484 1279 2562 ἐπάλξεων
1326 2482 1519 2564 λιθὰς
1566 2485 1844 2568 ἔρχεται.
1939 2486 2241 2573 Suspicor
2287 2488 2610 2573 scripsisse
2659 2493 2962 2573 poetam:

566 2588 666 2658 ὅτε
729 2589 1019 2658 λιθάδο
1044 2618 1074 2666 ς
1139 2594 1254 2657 άπ’
1319 2594 1502 2665 ὀλοοῖς
1563 2592 1898 2674 νιφομένας
1946 2593 2199 2673 βρόμος.
2294 2591 2402 2659 Sic
2447 2593 2601 2659 Eur.
2649 2594 2960 2660 Androm.

570 2697 783 2764 1129:
834 2709 1030 2780 πυκνῇ
1080 2698 1142 2763 δὲ
1191 2699 1404 2779 νιφάδι
1454 2696 1766 2764 πάντοθεν
1814 2699 2256 2784 σποδούμενος,
2301 2698 2411 2765 sed
2448 2701 2740 2785 proxime
2780 2719 2967 2785 prae·

570 2809 874 2872 cesserat:
925 2803 1200 2885 ἔβαλλον
1247 2805 1315 2868 ἐκ
1360 2811 1578 2887 χειρῶν
1627 2804 1886 2885 πέτροις.

660 3081 858 3147 Juxta
903 3080 1253 3161 κεραννύναι
1303 3084 1368 3145 et
1414 3079 1809 3146 σκεδαννύναι
1857 3080 2096 3146 formae
2143 3081 2548 3165 reperiuntur
2584 3079 2856 3161 κιρνάναι
2896 3087 2968 3146 et

570 3187 887 3254 σκιδνάναι
950 3191 1016 3253 et
1075 3187 1155 3251 ad
1219 3185 1483 3251 eandem
1544 3207 1837 3252 normam
1891 3189 2081 3273 juxta
2127 3186 2533 3267 κρεμαννύναι
2579 3187 2966 3253 habebimus

569 3296 841 3361 formam
887 3292 1233 3375 κριμνάναι.
1299 3291 1707 3358 Contendunt
1752 3299 1969 3359 tamen
2015 3295 2430 3381 grammatici
2479 3295 2789 3359 sinceram
2838 3294 2966 3359 for-

568 3393 747 3467 mam
808 3420 945 3466 esse
1008 3399 1345 3480 κρημνάναι
1366 3446 1383 3476 ,
1451 3419 1611 3484 quae
1675 3399 1753 3464 ab
1803 3396 2142 3465 Codicibus
2186 3400 2344 3464 satis
2392 3399 2966 3466 commendationis

570 3508 820 3573 habeat.
912 3504 1053 3572 Hoc
1099 3507 1155 3570 si
1199 3523 1426 3572 verum
1476 3525 1610 3570 esse
1653 3506 2029 3590 reperirem,
2080 3526 2231 3571 cum
2279 3504 2555 3571 aliorum
2593 3512 2733 3572 tum
2774 3506 2963 3573 Butt-

570 3613 791 3681 manni
875 3613 1321 3679 auctoritatem
1398 3610 1783 3696 sequendam
1858 3613 2189 3690 ducerem,
2262 3612 2371 3677 sed
2442 3634 2623 3678 secus
2693 3618 2820 3678 est:
2892 3615 2964 3678 in

574 3721 1032 3787 vetustissimis
1091 3722 1157 3783 et
1217 3719 1481 3803 optimis
1538 3716 1723 3782 libris
1786 3716 2111 3798 κριμνάναι
2159 3718 2450 3785 invenio:
2500 3718 2731 3785 Aesch.
2781 3716 2959 3805 Sept.

576 3827 709 3894 229
769 3830 840 3891 in
898 3824 1184 3890 Mediceo
1249 3821 1481 3888 Codice
1538 3822 1958 3901 κριμναμέναν
2004 3828 2133 3902 est,
2178 3823 2335 3890 Eur.
2383 3823 2617 3890 Electr.
2670 3823 2845 3890 1218
2894 3827 2964 3891 in

573 3935 940 4002 Florentino
985 3930 1219 3997 Codice
1256 3929 1581 4009 έκρΙμνατο
1617 3928 1893 4018 legitur,
1934 3936 2125 4017 atque
2163 3930 2313 3996 hinc
2347 3933 2660 4019 corrigere
2698 3931 2961 3998 fortasse

574 4042 796 4108 licebit
855 4039 1009 4105 Eur.
1069 4037 1144 4102 fr.
1195 4033 1327 4100 918
1375 4037 1645 4117 κρήμνη,
1694 4036 1846 4103 Eur.
1893 4035 2084 4103 Herc.
2134 4036 2256 4102 fur.
2309 4036 2440 4102 520
2487 4034 2958 4116 ἔκκρήμνασθε,

575 4150 724 4216 Eur.
776 4146 908 4212 Ion.
963 4141 1138 4210 1613
1185 4141 1716 4223 ἐκκρημνάμεσθα
1765 4151 1829 4209 et
1875 4145 2070 4210 Arist.
2118 4142 2291 4210 Nub.
2342 4141 2474 4211 378
2523 4144 2960 4226 κατακρημνά-

575 4280 779 4335 μεναι.
828 4252 1034 4318 Tanta
1081 4254 1177 4316 est
1222 4251 1289 4314 in
1337 4251 1599 4315 scenicis
1645 4253 1868 4336 utique
1913 4251 2118 4336 poetis
2166 4250 2607 4336 exemplorum
2648 4254 2953 4337 paucitas.

574 4363 824 4454 Attigit
884 4380 1021 4424 rem
1082 4357 1420 4422 Piersonus
1466 4356 1546 4421 ad
1592 4355 1984 4444 Moeridem,
2033 4356 2141 4424 sed
2187 4356 2294 4423 hic
2339 4354 2524 4423 litem
2576 4378 2699 4424 non
2752 4365 2957 4450 magis
