3192 5017
1300 298 1541 355 mmo.
2491 282 2626 353 249

254 472 423 561 paulo
482 481 621 562 post
686 475 857 562 apud
927 475 1167 544 Gaium
1234 476 1408 543 idem
1472 475 1638 543 illud
1697 480 1792 540 vis
1852 474 2108 563 propria
2151 473 2619 565 significatione

253 584 485 668 ponitur
505 632 522 660 ,
586 603 734 649 cum
796 583 956 648 dicit
1021 603 1172 649 eum
1193 629 1210 661 ,
1278 583 1389 667 qui
1451 587 1662 648 cetera
1706 600 1787 646 ex
1831 581 2172 648 interdicto
2217 602 2343 649 non
2389 583 2585 649 faciat
2604 632 2624 668 ,

253 690 301 754 si
335 689 641 775 possideat
684 689 959 755 fundum
1005 694 1485 756 controversum
1503 735 1521 767 ‚
1569 689 1906 754 restituere
1952 687 2177 754 debere
2224 678 2586 756 adversario
2606 735 2623 766 ‚

253 794 298 859 si
351 815 469 861 non
526 795 881 882 possideat,
946 800 1062 860 vim
1120 794 1225 858 illi
1290 794 1704 881 (adversario)
1756 794 2094 878 possidenti
2137 794 2342 861 facere
2389 797 2449 861 ei
2493 815 2621 861 non

250 899 438 967 licere.
531 902 659 967 Pro
705 900 889 967 Caec.
939 900 1026 966 32
1073 902 1156 987 (c.
1208 900 1358 984 11):
1411 920 1605 979 „cum
1653 898 1734 965 ad
1780 902 2200 967 constitutam
2247 900 2419 968 diem
2460 905 2621 967 tem·

252 1027 469 1092 pusque
528 1009 845 1090 venisset,
906 1012 983 1072 ut
1044 1008 1144 1072 vis
1206 1026 1278 1071 ac
1340 1005 1636 1072 deductio
1705 1006 1995 1071 moribus
2055 1003 2293 1072 fieret.”
2384 1004 2485 1073 Ac
2544 1028 2625 1073 ne

250 1113 373 1199 quis
431 1116 709 1179 miretur
766 1113 939 1178 idem
1004 1111 1388 1180 vocabulum
1447 1114 1518 1177 in
1563 1111 1757 1198 paulo
1801 1111 2092 1200 longiore
2138 1112 2396 1198 periodo
2441 1112 2582 1179 loco
2604 1162 2622 1197 ‚

249 1219 316 1285 de
375 1240 498 1305 quo
563 1239 688 1307 ago
706 1266 723 1296 ,
786 1220 886 1284 bis
948 1219 1196 1285 diversa
1257 1216 1723 1306 significatione
1782 1220 2066 1304 positum
2115 1239 2249 1284 esse
2281 1268 2297 1294 ‚
2342 1219 2623 1287 conferat

248 1326 392 1391 mihi
449 1327 715 1393 initium
782 1328 1123 1392 orationis:
1179 1324 1387 1412 „quod
1434 1330 1574 1389 tum
1621 1327 1688 1388 in
1736 1324 1803 1391 vi
1851 1324 2140 1391 facienda
2186 1327 2369 1411 (nim.
2421 1329 2625 1392 simu-

245 1430 363 1497 lata
419 1433 556 1501 sive
611 1432 1018 1519 imaginaria)
1069 1431 1259 1498 cessit
1305 1430 1643 1496 audaciae’'
1689 1436 1755 1496 et
1801 1430 1994 1516 paulo
2042 1437 2188 1517 post
2239 1432 2465 1499 eadem
2511 1432 2630 1499 illa

246 1538 281 1622 ᾗ
320 1538 390 1603 1:
441 1540 744 1624 „quicum
795 1537 861 1603 vi
911 1546 977 1603 et
1025 1539 1223 1603 armis
1270 1540 1510 1603 certare
1554 1536 1921 1603 noluisset.”
1967 1536 2314 1624 Minusque
2361 1539 2430 1604 id
2467 1542 2503 1625 ξ
2540 1538 2627 1605 45

246 1645 474 1710 mirum
522 1652 620 1711 est
636 1692 654 1723 ,
702 1643 873 1728 quod
920 1643 1196 1710 alterum
1242 1644 1336 1709 vis
1383 1663 1463 1709 ex
1508 1641 1927 1709 sollemnibus
1964 1646 2319 1730 sponsionis
2354 1646 2629 1713 vocabu-

246 1748 321 1816 lis
374 1750 650 1818 affertur.
701 1787 786 1800 —
835 1748 1081 1838 Agitur
1139 1755 1465 1836 praeterea
1526 1749 1606 1816 de
1652 1770 1726 1815 eo
1772 1749 1940 1835 quod
1985 1770 2165 1817 more
2209 1752 2632 1838 institutoque

248 1853 314 1921 fit
373 1857 674 1943 („multis
719 1857 787 1920 in
842 1856 1033 1921 rebus
1079 1854 1467 1939 uenatum”):
1520 1875 1715 1933 „cum
1765 1856 1914 1941 (non
1958 1856 2042 1935 ei)
2087 1855 2168 1922 ad
2215 1859 2352 1923 vim
2400 1859 2631 1926 facien·

251 1961 383 2028 dam
437 1962 844 2047 veniretur”;
905 1962 975 2026 in
1037 1963 1351 2027 sententia
1412 1967 1588 2027 recta
1643 1968 1842 2027 esset:
1891 1982 2038 2027 cum
2085 1961 2166 2028 ad
2214 1965 2350 2030 vim
2398 1965 2631 2031 facien-

254 2067 387 2135 dam
434 2070 713 2146 venitur,
766 2069 1117 2135 discedunt.
1212 2067 1408 2134 Porro
1456 2068 1652 2134 verba
1694 2066 1812 2133 illa
1863 2088 2055 2148 „cum
2103 2067 2184 2134 ad
2223 2071 2361 2136 vim
2399 2070 2631 2138 facien-

255 2173 387 2240 dam
455 2174 862 2254 veniretur,’'
932 2174 987 2240 si
1057 2176 1277 2262 agitur
1342 2173 1421 2240 de
1479 2194 1609 2239 uno
1668 2171 2103 2262 litigantium,
2164 2174 2435 2243 moleste
2480 2184 2632 2243 sunt

255 2283 569 2348 enuntiata
585 2331 601 2358 ‚
652 2303 802 2347 cum
852 2279 1017 2346 nihil
1057 2280 1235 2345 aliud
1272 2277 1705 2369 significarent
1742 2282 1899 2346 nisi:
1942 2283 1999 2346 si
2035 2280 2171 2347 vim
2212 2282 2444 2349 inferat
2466 2286 2628 2369 quis.

255 2384 527 2474 Denique
595 2387 915 2474 quomodo
984 2389 1166 2472 quis,
1235 2388 1347 2472 qui
1414 2388 1550 2471 ipse
1612 2406 1792 2452 arma
1849 2385 2150 2454 illaturus
2199 2393 2338 2475 Uest,
2388 2390 2441 2455 si
2486 2413 2632 2477 quoe

257 2501 515 2560 armatos
581 2494 891 2579 conspicit
959 2494 1332 2579 perterritus
1408 2494 1707 2580 aufugiat
1725 2540 1741 2570 ,
1807 2496 1987 2579 quasi
2049 2515 2199 2561 vero
2258 2495 2395 2581 ipse
2462 2520 2631 2562 arma

258 2619 370 2664 non
430 2606 627 2688 gerat.
697 2598 762 2664 N
762 2620 842 2665 on
858 2648 874 2677 ‚
939 2605 1015 2664 ut
1072 2597 1396 2665 nonnullis
1453 2596 1666 2684 placet
1689 2644 1706 2674 ,
1754 2598 1933 2684 prius
1979 2601 2344 2667 membrum
2393 2602 2472 2667 ad
2520 2624 2629 2691 ag·-

259 2725 593 2791 gressorem
661 2706 939 2792 pertinet
1008 2714 1163 2785 (cum
1235 2705 1560 2790 veniretur)
1580 2753 1599 2787 ,
1669 2703 1947 2771 alterum
2010 2705 2373 2773 subiectum
2437 2708 2632 2775 habet

257 2806 605 2877 lacessitum
670 2819 736 2878 et
798 2813 1214 2896 provocatum
1271 2810 1378 2895 (cf.
1426 2830 1491 2896 p.
1539 2809 1630 2875 28
1678 2817 1744 2875 et
1792 2809 1929 2897 30),
1994 2812 2104 2877 sed
2151 2812 2632 2898 simplicissima

259 2919 340 2978 et.
360 2916 535 2983 unice
582 2937 737 2983 vera
782 2921 879 2982 est
923 2914 1365 3001 interpretatio
1412 2937 1490 2982 ex
1538 2935 1666 3001 qua
1709 2915 1831 2982 hoc
1878 2915 2009 2982 fere
2065 2917 2335 2985 dicitur:
2398 2920 2453 2986 si
2518 2922 2630 3006 qui

259 3019 330 3085 ad
390 3023 703 3105 leqitimvm
764 3027 982 3088 actum
1040 3021 1477 3109 peragendum
1556 3023 1968 3100 conveniant,
2018 3029 2287 3110 tumque
2333 3025 2439 3092 vel
2487 3047 2631 3092 um-

260 3124 427 3192 bram
491 3149 813 3195 armorum
884 3127 1143 3195 videant
1166 3177 1182 3203 ,
1256 3128 1323 3194 vi
1393 3134 1639 3194 armata
1707 3150 1775 3194 se
1832 3128 2050 3215 pulsos
2110 3150 2246 3197 esse
2303 3130 2632 3199 testificari

261 3242 505 3316 possunt
568 3241 634 3301 et
694 3235 1096 3321 sponsionem
1153 3234 1358 3300 facere
1417 3253 1486 3299 Νι
1550 3252 1883 3302 Annaeus
1943 3251 2231 3302 nmo'rtm
2275 3255 2629 3305 rnuroms

261 3354 356 3405 vis
418 3358 621 3407 non
690 3358 814 3407 srr.
899 3339 1045 3406 Scio
1105 3339 1400 3427 equidem
1471 3341 1683 3407 verbis
1756 3364 1884 3406 cum
1953 3342 2039 3405 ad
2101 3342 2220 3407 vim
2270 3345 2633 3430 faciendam

263 3446 548 3513 veniretur
602 3467 730 3513 non
790 3449 1141 3513 necessario
1201 3447 1376 3513 diem
1437 3448 1850 3514 constitutam
1911 3446 2259 3537 significari
2278 3500 2296 3536 ‚
2348 3448 2403 3537 ¹)
2458 3452 2633 3519 idem

266 3554 555 3621 contendo
614 3552 751 3619 illis
811 3573 935 3619 non
980 3553 1302 3639 prohiberi
1350 3553 1692 3640 quominus
1738 3553 1912 3621 diem
1959 3555 2377 3623 constitutam
2423 3558 2638 3625 creda-

265 3679 427 3739 mus;
475 3682 589 3748 per
632 3682 701 3726 se
747 3665 1029 3746 spectata
1072 3666 1375 3725 neutrum
1422 3658 1810 3750 significant.

344 3765 547 3833 Locus
616 3766 694 3832 de
761 3767 830 3831 vi
892 3764 1213 3834 Ciceronis
1271 3765 1352 3832 ad
1409 3766 1588 3834 Fam.
1643 3765 1780 3833 VII.
1838 3765 1939 3833 13.
1991 3769 2033 3833 2
2081 3769 2238 3835 satis
2282 3768 2635 3856 impeditus

264 3980 575 3997 ψ

259 4172 265 4177 ·
327 4155 374 4215 1)
426 4155 549 4206 Cum
598 4152 658 4204 ad
690 4152 791 4204 vim
826 4151 1090 4203 faciendam
1120 4150 1369 4203 veniretur
1401 4149 1653 4203 beteekent
1686 4150 1772 4203 het
1804 4150 1912 4203 doel
1946 4150 2032 4202 der
2063 4150 2391 4219 gewapendem
2426 4153 2502 4204 die
2536 4154 2640 4205 zich

267 4236 506 4301 vereenigd
554 4235 734 4286 hebben
778 4252 858 4286 om
892 4235 983 4285 den
1016 4234 1216 4285 benitter
1245 4238 1297 4284 te
1332 4249 1455 4299 gean
1490 4235 1790 4299 verdrijven3
1827 4235 1949 4285 noch
1983 4249 2100 4285 naar
2132 4234 2216 4284 het
2248 4234 2483 4301 taaleigen
2518 4237 2639 4287 noch

270 4317 597 4383 recbtskundig
646 4317 739 4384 lige
788 4316 955 4367 datrin
1007 4315 1299 4383 opgesloten,
1349 4316 1432 4366 dat
1466 4319 1520 4381 τῇ
1556 4319 1657 4367 met
1690 4317 1780 4367 den
1809 4316 2012 4367 baitter
2045 4316 2137 4366 den
2171 4316 2264 4385 dag
2295 4317 2480 4369 haddon
2515 4319 2641 4387 atge-

270 4400 462 4465 tproken
496 4400 644 4463 (diem
675 4400 995 4460 constituere).
1033 4400 1290 4465 Kappeyne
1325 4415 1370 4465 p.
1408 4400 1489 4448 80.
