<?xml version="1.0" encoding="UTF-8"?>
<!DOCTYPE html PUBLIC "-//W3C//DTD XHTML 1.0 Transitional//EN"
    "http://www.w3.org/TR/xhtml1/DTD/xhtml1-transitional.dtd">
<html xmlns="http://www.w3.org/1999/xhtml" xml:lang="en" lang="en">
 <head>
  <title>
</title>
<meta http-equiv="Content-Type" content="text/html;charset=utf-8" />
  <meta name='ocr-system' content='tesseract 3.04.00' />
  <meta name='ocr-capabilities' content='ocr_page ocr_carea ocr_par ocr_line ocrx_word'/>
</head>
<body>
  <div class='ocr_page' id='page_1' title='image "./mnemosynebiblio14servgoog_0589.png"; bbox 0 0 3192 5017; ppageno 0'>
   <div class='ocr_carea' id='block_1_1' title="bbox 1276 307 2594 373">
    <p class='ocr_par' dir='ltr' id='par_1_1' title="bbox 1276 307 2594 373">
     <span class='ocr_line' id='line_1_1' title="bbox 1276 307 2594 373; baseline 0 -1"><span class='ocrx_word' id='word_1_1' title='bbox 1276 324 1534 373; x_wconf 60' lang='lat' dir='ltr'><strong>samos.</strong></span> <span class='ocrx_word' id='word_1_2' title='bbox 2465 307 2594 373; x_wconf 80' lang='lat'><strong>133</strong></span> 
     </span>
    </p>
   </div>
   <div class='ocr_carea' id='block_1_2' title="bbox 197 495 2610 4512">
    <p class='ocr_par' dir='ltr' id='par_1_2' title="bbox 197 495 2595 901">
     <span class='ocr_line' id='line_1_2' title="bbox 212 495 2591 583; baseline 0.001 -23"><span class='ocrx_word' id='word_1_3' title='bbox 212 496 329 561; x_wconf 88' lang='lat' dir='ltr'><strong>dit.</strong></span> <span class='ocrx_word' id='word_1_4' title='bbox 379 496 457 560; x_wconf 82' lang='lat' dir='ltr'><strong>cf.</strong></span> <span class='ocrx_word' id='word_1_5' title='bbox 523 499 587 560; x_wconf 92' lang='lat' dir='ltr'><strong>in</strong></span> <span class='ocrx_word' id='word_1_6' title='bbox 647 495 863 561; x_wconf 89' lang='lat' dir='ltr'><strong>eodem</strong></span> <span class='ocrx_word' id='word_1_7' title='bbox 915 498 1120 580; x_wconf 82' lang='lat' dir='ltr'><strong>capite</strong></span> <span class='ocrx_word' id='word_1_8' title='bbox 1169 496 1322 581; x_wconf 88' lang='lat' dir='ltr'>(XI)</span> <span class='ocrx_word' id='word_1_9' title='bbox 1369 499 1404 581; x_wconf 66' lang='grc' dir='ltr'>ξ</span> <span class='ocrx_word' id='word_1_10' title='bbox 1457 498 1497 560; x_wconf 88' lang='lat'>4</span> <span class='ocrx_word' id='word_1_11' title='bbox 1548 498 1779 575; x_wconf 89' lang='lat' dir='ltr'><strong>„homo</strong></span> <span class='ocrx_word' id='word_1_12' title='bbox 1832 502 1930 562; x_wconf 88' lang='lat' dir='ltr'><strong>est</strong></span> <span class='ocrx_word' id='word_1_13' title='bbox 1977 517 2203 583; x_wconf 86' lang='lat' dir='ltr'><strong>corpus</strong></span> <span class='ocrx_word' id='word_1_14' title='bbox 2252 535 2334 547; x_wconf 89' lang='lat'><strong>—</strong></span> <span class='ocrx_word' id='word_1_15' title='bbox 2386 505 2591 583; x_wconf 83' lang='lat' dir='ltr'><strong>putre,</strong></span> 
     </span>
     <span class='ocr_line' id='line_1_3' title="bbox 210 600 2595 689; baseline 0.002 -25"><span class='ocrx_word' id='word_1_16' title='bbox 210 601 608 665; x_wconf 48' lang='lat' dir='ltr'><strong>causariam?</strong></span> <span class='ocrx_word' id='word_1_17' title='bbox 700 602 816 688; x_wconf 80' lang='lat' dir='ltr'><strong>Ep.</strong></span> <span class='ocrx_word' id='word_1_18' title='bbox 859 600 964 666; x_wconf 88' lang='lat'><strong>68.</strong></span> <span class='ocrx_word' id='word_1_19' title='bbox 1004 601 1067 667; x_wconf 89' lang='grc'><strong>6.</strong></span> <span class='ocrx_word' id='word_1_20' title='bbox 1106 606 1239 679; x_wconf 88' lang='lat' dir='ltr'><strong>„sic</strong></span> <span class='ocrx_word' id='word_1_21' title='bbox 1273 606 1341 668; x_wconf 88' lang='lat' dir='ltr'><strong>in</strong></span> <span class='ocrx_word' id='word_1_22' title='bbox 1379 606 1595 669; x_wconf 89' lang='lat' dir='ltr'><strong>animo</strong></span> <span class='ocrx_word' id='word_1_23' title='bbox 1632 609 1846 669; x_wconf 88' lang='lat' dir='ltr'><strong>nostro</strong></span> <span class='ocrx_word' id='word_1_24' title='bbox 1886 611 2035 668; x_wconf 85' lang='lat' dir='ltr'><strong>sunt</strong></span> <span class='ocrx_word' id='word_1_25' title='bbox 2069 607 2250 689; x_wconf 88' lang='lat' dir='ltr'><strong>quasi</strong></span> <span class='ocrx_word' id='word_1_26' title='bbox 2285 606 2595 669; x_wconf 72' lang='lat' dir='ltr'><em>causariae</em></span> 
     </span>
     <span class='ocr_line' id='line_1_4' title="bbox 197 707 2593 797; baseline 0.003 -26"><span class='ocrx_word' id='word_1_27' title='bbox 197 715 444 791; x_wconf 68' lang='lat' dir='ltr'><strong>parte-v,</strong></span> <span class='ocrx_word' id='word_1_28' title='bbox 487 709 720 793; x_wconf 90' lang='lat' dir='ltr'><strong>quibus</strong></span> <span class='ocrx_word' id='word_1_29' title='bbox 766 707 1124 775; x_wconf 86' lang='lat' dir='ltr'><strong>adhibenda</strong></span> <span class='ocrx_word' id='word_1_30' title='bbox 1169 712 1415 774; x_wconf 87' lang='lat' dir='ltr'><strong>curatio</strong></span> <span class='ocrx_word' id='word_1_31' title='bbox 1464 708 1621 775; x_wconf 88' lang='lat' dir='ltr'><strong>est.’&#39;</strong></span> <span class='ocrx_word' id='word_1_32' title='bbox 1713 708 2012 795; x_wconf 79' lang='lat' dir='ltr'>Suspicor</span> <span class='ocrx_word' id='word_1_33' title='bbox 2056 712 2262 797; x_wconf 83' lang='lat' dir='ltr'><strong>igitur</strong></span> <span class='ocrx_word' id='word_1_34' title='bbox 2307 717 2370 776; x_wconf 87' lang='lat' dir='ltr'><strong>et</strong></span> <span class='ocrx_word' id='word_1_35' title='bbox 2418 710 2593 797; x_wconf 85' lang='lat' dir='ltr'><strong>loco,</strong></span> 
     </span>
     <span class='ocr_line' id='line_1_5' title="bbox 210 814 2423 901; baseline 0.001 -22"><span class='ocrx_word' id='word_1_36' title='bbox 210 814 289 879; x_wconf 87' lang='lat' dir='ltr'><strong>de</strong></span> <span class='ocrx_word' id='word_1_37' title='bbox 335 834 461 901; x_wconf 90' lang='lat' dir='ltr'><strong>quo</strong></span> <span class='ocrx_word' id='word_1_38' title='bbox 506 816 799 901; x_wconf 81' lang='lat' dir='ltr'><strong>agimus,</strong></span> <span class='ocrx_word' id='word_1_39' title='bbox 850 817 1161 900; x_wconf 88' lang='lat' dir='ltr'><strong>scriptum</strong></span> <span class='ocrx_word' id='word_1_40' title='bbox 1206 815 1433 880; x_wconf 81' lang='lat' dir='ltr'><strong>fuisse:</strong></span> <span class='ocrx_word' id='word_1_41' title='bbox 1484 823 1549 880; x_wconf 90' lang='lat' dir='ltr'><strong>et</strong></span> <span class='ocrx_word' id='word_1_42' title='bbox 1595 816 1796 879; x_wconf 74' lang='lat' dir='ltr'><strong>causis</strong></span> <span class='ocrx_word' id='word_1_43' title='bbox 1843 816 2108 880; x_wconf 74' lang='lat' dir='ltr'><strong>omnibus</strong></span> <span class='ocrx_word' id='word_1_44' title='bbox 2153 822 2423 899; x_wconf 79' lang='lat' dir='ltr'><strong>repetita.</strong></span> 
     </span>
    </p>

    <p class='ocr_par' dir='ltr' id='par_1_3' title="bbox 210 919 2603 2066">
     <span class='ocr_line' id='line_1_6' title="bbox 301 919 2600 1011; baseline 0.001 -25"><span class='ocrx_word' id='word_1_45' title='bbox 301 921 456 987; x_wconf 82' lang='lat' dir='ltr'><strong>Mox</strong></span> <span class='ocrx_word' id='word_1_46' title='bbox 515 923 595 1005; x_wconf 89' lang='lat' dir='ltr'><strong>(c.</strong></span> <span class='ocrx_word' id='word_1_47' title='bbox 660 919 775 985; x_wconf 85' lang='lat' dir='ltr'><strong>XI.</strong></span> <span class='ocrx_word' id='word_1_48' title='bbox 839 923 875 1005; x_wconf 70' lang='grc' dir='ltr'>ξ</span> <span class='ocrx_word' id='word_1_49' title='bbox 923 921 1014 1007; x_wconf 82' lang='grc'><strong>2.)</strong></span> <span class='ocrx_word' id='word_1_50' title='bbox 1082 921 1410 999; x_wconf 78' lang='lat' dir='ltr'>„Decessit</span> <span class='ocrx_word' id='word_1_51' title='bbox 1455 920 1627 987; x_wconf 89' lang='lat' dir='ltr'><strong>filius</strong></span> <span class='ocrx_word' id='word_1_52' title='bbox 1677 922 1862 987; x_wconf 86' lang='lat' dir='ltr'><strong>tuus’&#39;</strong></span> <span class='ocrx_word' id='word_1_53' title='bbox 1910 923 2062 1007; x_wconf 92' lang='lat' dir='ltr'><strong>quid</strong></span> <span class='ocrx_word' id='word_1_54' title='bbox 2107 925 2175 987; x_wconf 90' lang='lat' dir='ltr'><strong>in</strong></span> <span class='ocrx_word' id='word_1_55' title='bbox 2223 944 2296 989; x_wconf 89' lang='lat' dir='ltr'><strong>ea</strong></span> <span class='ocrx_word' id='word_1_56' title='bbox 2343 945 2409 989; x_wconf 89' lang='lat' dir='ltr'><strong>re</strong></span> <span class='ocrx_word' id='word_1_57' title='bbox 2456 945 2600 1011; x_wconf 80' lang='lat' dir='ltr'><strong>gra·</strong></span> 
     </span>
     <span class='ocr_line' id='line_1_7' title="bbox 210 1025 2596 1117; baseline 0.001 -25"><span class='ocrx_word' id='word_1_58' title='bbox 210 1028 359 1092; x_wconf 84' lang='lat' dir='ltr'><strong>vius</strong></span> <span class='ocrx_word' id='word_1_59' title='bbox 426 1026 531 1093; x_wconf 81' lang='lat' dir='ltr'><strong>vel</strong></span> <span class='ocrx_word' id='word_1_60' title='bbox 601 1025 920 1092; x_wconf 82' lang='lat' dir='ltr'><strong>insolens?</strong></span> <span class='ocrx_word' id='word_1_61' title='bbox 993 1028 1160 1105; x_wconf 79' lang='lat' dir='ltr'><strong>„huc</strong></span> <span class='ocrx_word' id='word_1_62' title='bbox 1220 1031 1428 1093; x_wconf 87' lang='lat' dir='ltr'><strong>omnis</strong></span> <span class='ocrx_word' id='word_1_63' title='bbox 1488 1029 1616 1095; x_wconf 86' lang='lat' dir='ltr'><strong>ista</strong></span> <span class='ocrx_word' id='word_1_64' title='bbox 1678 1049 1838 1113; x_wconf 86' lang='lat' dir='ltr'><strong>quae</strong></span> <span class='ocrx_word' id='word_1_65' title='bbox 1898 1031 1963 1093; x_wconf 89' lang='lat' dir='ltr'><strong>in</strong></span> <span class='ocrx_word' id='word_1_66' title='bbox 2029 1029 2163 1095; x_wconf 88' lang='lat' dir='ltr'><strong>foro</strong></span> <span class='ocrx_word' id='word_1_67' title='bbox 2224 1028 2474 1117; x_wconf 82' lang='lat' dir='ltr'><strong>litigat,</strong></span> <span class='ocrx_word' id='word_1_68' title='bbox 2529 1032 2596 1095; x_wconf 90' lang='lat' dir='ltr'><strong>in</strong></span> 
     </span>
     <span class='ocr_line' id='line_1_8' title="bbox 215 1133 2596 1224; baseline 0.002 -27"><span class='ocrx_word' id='word_1_69' title='bbox 215 1133 525 1212; x_wconf 79' lang='lat' dir='ltr'><strong>„theatris</strong></span> <span class='ocrx_word' id='word_1_70' title='bbox 597 1133 912 1220; x_wconf 87' lang='lat' dir='ltr'><strong>(desidet),</strong></span> <span class='ocrx_word' id='word_1_71' title='bbox 988 1136 1054 1199; x_wconf 90' lang='lat' dir='ltr'><strong>in</strong></span> <span class='ocrx_word' id='word_1_72' title='bbox 1125 1134 1386 1219; x_wconf 89' lang='lat' dir='ltr'><strong>templis</strong></span> <span class='ocrx_word' id='word_1_73' title='bbox 1453 1141 1749 1220; x_wconf 77' lang='lat' dir='ltr'><strong>precatur</strong></span> <span class='ocrx_word' id='word_1_74' title='bbox 1818 1135 2020 1212; x_wconf 86' lang='lat' dir='ltr'><strong>turba,</strong></span> <span class='ocrx_word' id='word_1_75' title='bbox 2091 1134 2327 1220; x_wconf 80' lang='lat' dir='ltr'><strong>dispari</strong></span> <span class='ocrx_word' id='word_1_76' title='bbox 2389 1136 2596 1224; x_wconf 84' lang='lat' dir='ltr'><strong>gradu</strong></span> 
     </span>
     <span class='ocr_line' id='line_1_9' title="bbox 217 1238 2599 1316; baseline 0 -11"><span class='ocrx_word' id='word_1_77' title='bbox 217 1238 490 1316; x_wconf 84' lang='lat' dir='ltr'><strong>„vadit&#39;&#39;.</strong></span> <span class='ocrx_word' id='word_1_78' title='bbox 584 1238 741 1305; x_wconf 87' lang='lat' dir='ltr'><strong>Post</strong></span> <span class='ocrx_word' id='word_1_79' title='bbox 818 1240 1127 1307; x_wconf 83' lang='lat' dir='ltr'><strong>vocabula</strong></span> <span class='ocrx_word' id='word_1_80' title='bbox 1200 1243 1266 1305; x_wconf 89' lang='lat' dir='ltr'><strong>in</strong></span> <span class='ocrx_word' id='word_1_81' title='bbox 1337 1240 1517 1305; x_wconf 79' lang='lat' dir='ltr'><strong>libris</strong></span> <span class='ocrx_word' id='word_1_82' title='bbox 1586 1241 1773 1307; x_wconf 78' lang='lat' dir='ltr'>MSS.</span> <span class='ocrx_word' id='word_1_83' title='bbox 1844 1246 1940 1307; x_wconf 89' lang='lat' dir='ltr'><strong>est</strong></span> <span class='ocrx_word' id='word_1_84' title='bbox 2010 1241 2255 1307; x_wconf 86' lang='lat' dir='ltr'><strong>lacuna.</strong></span> <span class='ocrx_word' id='word_1_85' title='bbox 2353 1242 2599 1306; x_wconf 70' lang='lat' dir='ltr'><strong>Desidet</strong></span> 
     </span>
     <span class='ocr_line' id='line_1_10' title="bbox 214 1344 2598 1432; baseline 0.002 -24"><span class='ocrx_word' id='word_1_86' title='bbox 214 1346 516 1409; x_wconf 88' lang='lat' dir='ltr'><strong>inseritur</strong></span> <span class='ocrx_word' id='word_1_87' title='bbox 586 1351 842 1431; x_wconf 86' lang='lat' dir='ltr'><strong>propter</strong></span> <span class='ocrx_word' id='word_1_88' title='bbox 910 1345 1124 1411; x_wconf 91' lang='lat' dir='ltr'><strong>locum</strong></span> <span class='ocrx_word' id='word_1_89' title='bbox 1198 1344 1274 1411; x_wconf 88' lang='lat' dir='ltr'><strong>de</strong></span> <span class='ocrx_word' id='word_1_90' title='bbox 1345 1344 1490 1410; x_wconf 83' lang='lat' dir='ltr'><strong>Vita</strong></span> <span class='ocrx_word' id='word_1_91' title='bbox 1560 1346 1760 1412; x_wconf 89' lang='lat' dir='ltr'><strong>Beata</strong></span> <span class='ocrx_word' id='word_1_92' title='bbox 1828 1368 1878 1411; x_wconf 90' lang='lat' dir='ltr'><strong>c.</strong></span> <span class='ocrx_word' id='word_1_93' title='bbox 1952 1345 2060 1410; x_wconf 84' lang='lat'><strong>28.</strong></span> <span class='ocrx_word' id='word_1_94' title='bbox 2162 1345 2385 1423; x_wconf 78' lang='lat' dir='ltr'><strong>„Sicut</strong></span> <span class='ocrx_word' id='word_1_95' title='bbox 2452 1347 2598 1432; x_wconf 92' lang='lat' dir='ltr'><strong>plu-</strong></span> 
     </span>
     <span class='ocr_line' id='line_1_11' title="bbox 212 1452 2602 1535; baseline 0.002 -20"><span class='ocrx_word' id='word_1_96' title='bbox 212 1453 401 1526; x_wconf 88' lang='lat' dir='ltr'>rimi,</span> <span class='ocrx_word' id='word_1_97' title='bbox 476 1453 708 1535; x_wconf 87' lang='lat' dir='ltr'><strong>quibus</strong></span> <span class='ocrx_word' id='word_1_98' title='bbox 784 1454 846 1515; x_wconf 91' lang='lat' dir='ltr'><strong>in</strong></span> <span class='ocrx_word' id='word_1_99' title='bbox 913 1454 1076 1517; x_wconf 90' lang='lat' dir='ltr'><strong>circo</strong></span> <span class='ocrx_word' id='word_1_100' title='bbox 1141 1457 1253 1518; x_wconf 88' lang='lat' dir='ltr'><strong>aut</strong></span> <span class='ocrx_word' id='word_1_101' title='bbox 1322 1452 1571 1517; x_wconf 90' lang='lat' dir='ltr'><strong>theatro</strong></span> <span class='ocrx_word' id='word_1_102' title='bbox 1645 1452 2077 1517; x_wconf 78' lang='lat' dir='ltr'><strong>desidentibus</strong></span> <span class='ocrx_word' id='word_1_103' title='bbox 2148 1454 2278 1518; x_wconf 89' lang='lat' dir='ltr'><strong>iam</strong></span> <span class='ocrx_word' id='word_1_104' title='bbox 2350 1454 2602 1520; x_wconf 87' lang='lat' dir='ltr'><strong>funesta</strong></span> 
     </span>
     <span class='ocr_line' id='line_1_12' title="bbox 214 1557 2598 1646; baseline 0 -25"><span class='ocrx_word' id='word_1_105' title='bbox 214 1557 443 1621; x_wconf 84' lang='lat' dir='ltr'><strong>domus</strong></span> <span class='ocrx_word' id='word_1_106' title='bbox 506 1564 638 1642; x_wconf 86' lang='lat' dir='ltr'><strong>est,</strong></span> <span class='ocrx_word' id='word_1_107' title='bbox 703 1581 808 1622; x_wconf 82' lang='lat' dir='ltr'><strong>nec</strong></span> <span class='ocrx_word' id='word_1_108' title='bbox 851 1559 1274 1621; x_wconf 77' lang='lat' dir='ltr'><strong>adnuntiatum</strong></span> <span class='ocrx_word' id='word_1_109' title='bbox 1327 1558 1477 1645; x_wconf 78' lang='lat' dir='ltr'><strong>(leg.</strong></span> <span class='ocrx_word' id='word_1_110' title='bbox 1521 1581 1628 1622; x_wconf 81' lang='lat' dir='ltr'><strong>nec</strong></span> <span class='ocrx_word' id='word_1_111' title='bbox 1669 1560 1865 1624; x_wconf 76' lang='lat' dir='ltr'><strong>adhuc</strong></span> <span class='ocrx_word' id='word_1_112' title='bbox 1910 1559 2274 1646; x_wconf 72' lang='lat' dir='ltr'><strong>nuntiatum)</strong></span> <span class='ocrx_word' id='word_1_113' title='bbox 2324 1558 2598 1622; x_wconf 80' lang='lat' dir='ltr'><strong>malum’&#39;.</strong></span> 
     </span>
     <span class='ocr_line' id='line_1_13' title="bbox 214 1661 2601 1751; baseline 0.001 -23"><span class='ocrx_word' id='word_1_114' title='bbox 214 1661 592 1750; x_wconf 78' lang='lat' dir='ltr'>Madvigius</span> <span class='ocrx_word' id='word_1_115' title='bbox 660 1663 909 1730; x_wconf 86' lang='lat' dir='ltr'><strong>mavult</strong></span> <span class='ocrx_word' id='word_1_116' title='bbox 967 1665 1232 1747; x_wconf 71' lang='lat' dir='ltr'><strong>plaudit.</strong></span> <span class='ocrx_word' id='word_1_117' title='bbox 1328 1664 1744 1730; x_wconf 87' lang='lat' dir='ltr'><strong>Desideratur</strong></span> <span class='ocrx_word' id='word_1_118' title='bbox 1804 1685 1953 1730; x_wconf 83' lang='lat' dir='ltr'><strong>vero</strong></span> <span class='ocrx_word' id='word_1_119' title='bbox 2021 1665 2291 1730; x_wconf 86' lang='lat' dir='ltr'><strong>verbum</strong></span> <span class='ocrx_word' id='word_1_120' title='bbox 2352 1669 2601 1751; x_wconf 85' lang='lat' dir='ltr'><strong>proprie</strong></span> 
     </span>
     <span class='ocr_line' id='line_1_14' title="bbox 215 1768 2602 1855; baseline -0 -18"><span class='ocrx_word' id='word_1_121' title='bbox 215 1771 549 1837; x_wconf 81' lang='lat' dir='ltr'><strong>enuntians</strong></span> <span class='ocrx_word' id='word_1_122' title='bbox 596 1770 663 1835; x_wconf 90' lang='lat' dir='ltr'><strong>id</strong></span> <span class='ocrx_word' id='word_1_123' title='bbox 712 1769 879 1855; x_wconf 92' lang='lat' dir='ltr'><strong>quod</strong></span> <span class='ocrx_word' id='word_1_124' title='bbox 928 1768 999 1833; x_wconf 87' lang='lat' dir='ltr'><strong>fit</strong></span> <span class='ocrx_word' id='word_1_125' title='bbox 1047 1771 1113 1833; x_wconf 89' lang='lat' dir='ltr'><strong>in</strong></span> <span class='ocrx_word' id='word_1_126' title='bbox 1161 1770 1437 1847; x_wconf 89' lang='lat' dir='ltr'><strong>theatro,</strong></span> <span class='ocrx_word' id='word_1_127' title='bbox 1482 1772 1649 1835; x_wconf 86' lang='lat' dir='ltr'><strong>sicut</strong></span> <span class='ocrx_word' id='word_1_128' title='bbox 1688 1770 1933 1852; x_wconf 75' lang='lat' dir='ltr'><strong>litiyare</strong></span> <span class='ocrx_word' id='word_1_129' title='bbox 1971 1770 2048 1836; x_wconf 93' lang='lat' dir='ltr'><strong>de</strong></span> <span class='ocrx_word' id='word_1_130' title='bbox 2090 1771 2243 1846; x_wconf 88' lang='lat' dir='ltr'><strong>for0,</strong></span> <span class='ocrx_word' id='word_1_131' title='bbox 2259 1776 2501 1854; x_wconf 76' lang='lat' dir='ltr'><strong>precari</strong></span> <span class='ocrx_word' id='word_1_132' title='bbox 2526 1772 2602 1836; x_wconf 92' lang='lat' dir='ltr'><strong>de</strong></span> 
     </span>
     <span class='ocr_line' id='line_1_15' title="bbox 214 1874 2603 1962; baseline 0 -21"><span class='ocrx_word' id='word_1_133' title='bbox 214 1876 476 1962; x_wconf 87' lang='lat' dir='ltr'><strong>templis</strong></span> <span class='ocrx_word' id='word_1_134' title='bbox 499 1924 513 1952; x_wconf 87' lang='lat'>‚</span> <span class='ocrx_word' id='word_1_135' title='bbox 577 1896 780 1960; x_wconf 86' lang='lat' dir='ltr'><strong>neque</strong></span> <span class='ocrx_word' id='word_1_136' title='bbox 840 1875 908 1940; x_wconf 92' lang='lat' dir='ltr'><strong>id</strong></span> <span class='ocrx_word' id='word_1_137' title='bbox 971 1874 1147 1941; x_wconf 89' lang='lat' dir='ltr'><strong>aliud</strong></span> <span class='ocrx_word' id='word_1_138' title='bbox 1209 1896 1342 1941; x_wconf 89' lang='lat' dir='ltr'><strong>esse</strong></span> <span class='ocrx_word' id='word_1_139' title='bbox 1386 1883 1627 1960; x_wconf 86' lang='lat' dir='ltr'><strong>potest,</strong></span> <span class='ocrx_word' id='word_1_140' title='bbox 1684 1878 1806 1940; x_wconf 89' lang='lat' dir='ltr'><strong>nisi</strong></span> <span class='ocrx_word' id='word_1_141' title='bbox 1856 1884 2151 1959; x_wconf 71' lang='lat' dir='ltr'><strong>spectare,</strong></span> <span class='ocrx_word' id='word_1_142' title='bbox 2204 1877 2368 1962; x_wconf 91' lang='lat' dir='ltr'><strong>quod</strong></span> <span class='ocrx_word' id='word_1_143' title='bbox 2418 1874 2603 1942; x_wconf 84' lang='lat' dir='ltr'><strong>Gert-</strong></span> 
     </span>
     <span class='ocr_line' id='line_1_16' title="bbox 216 1984 1364 2066; baseline -0.002 -20"><span class='ocrx_word' id='word_1_144' title='bbox 216 1984 352 2046; x_wconf 86' lang='lat' dir='ltr'><strong>zius</strong></span> <span class='ocrx_word' id='word_1_145' title='bbox 399 2001 648 2066; x_wconf 89' lang='lat' dir='ltr'><strong>quoque</strong></span> <span class='ocrx_word' id='word_1_146' title='bbox 693 1984 757 2045; x_wconf 91' lang='lat' dir='ltr'><strong>in</strong></span> <span class='ocrx_word' id='word_1_147' title='bbox 807 1986 1057 2046; x_wconf 81' lang='lat' dir='ltr'><strong>textum</strong></span> <span class='ocrx_word' id='word_1_148' title='bbox 1109 1984 1364 2066; x_wconf 89' lang='lat' dir='ltr'><strong>recepit.</strong></span> 
     </span>
    </p>

    <p class='ocr_par' dir='ltr' id='par_1_4' title="bbox 209 2087 2610 4512">
     <span class='ocr_line' id='line_1_17' title="bbox 284 2087 2603 2174; baseline 0.002 -23"><span class='ocrx_word' id='word_1_149' title='bbox 284 2090 320 2173; x_wconf 64' lang='grc' dir='ltr'>ξ</span> <span class='ocrx_word' id='word_1_150' title='bbox 346 2088 408 2151; x_wconf 87' lang='grc'><strong>4.</strong></span> <span class='ocrx_word' id='word_1_151' title='bbox 433 2087 648 2153; x_wconf 89' lang='lat' dir='ltr'>Homo</span> <span class='ocrx_word' id='word_1_152' title='bbox 673 2093 769 2153; x_wconf 87' lang='lat' dir='ltr'><strong>est</strong></span> <span class='ocrx_word' id='word_1_153' title='bbox 794 2108 1019 2172; x_wconf 88' lang='lat' dir='ltr'><strong>corpus</strong></span> <span class='ocrx_word' id='word_1_154' title='bbox 1043 2087 1271 2174; x_wconf 75' lang='lat' dir='ltr'><strong>fragile</strong></span> <span class='ocrx_word' id='word_1_155' title='bbox 1297 2093 1361 2153; x_wconf 90' lang='lat' dir='ltr'><strong>et</strong></span> <span class='ocrx_word' id='word_1_156' title='bbox 1386 2087 1698 2154; x_wconf 91' lang='lat' dir='ltr'><strong>caducum</strong></span> <span class='ocrx_word' id='word_1_157' title='bbox 1729 2091 2035 2174; x_wconf 83' lang='lat' dir='ltr'><strong>„precarii</strong></span> <span class='ocrx_word' id='word_1_158' title='bbox 2063 2090 2326 2174; x_wconf 86' lang='lat' dir='ltr'><strong>spiritus</strong></span> <span class='ocrx_word' id='word_1_159' title='bbox 2349 2097 2414 2155; x_wconf 90' lang='lat' dir='ltr'><strong>et</strong></span> <span class='ocrx_word' id='word_1_160' title='bbox 2438 2091 2603 2156; x_wconf 88' lang='lat' dir='ltr'><strong>male</strong></span> 
     </span>
     <span class='ocr_line' id='line_1_18' title="bbox 222 2195 2603 2279; baseline 0 -19"><span class='ocrx_word' id='word_1_161' title='bbox 222 2196 614 2279; x_wconf 75' lang='lat' dir='ltr'><strong>„haerenti8,</strong></span> <span class='ocrx_word' id='word_1_162' title='bbox 656 2217 770 2279; x_wconf 74' lang='lat' dir='ltr'><strong>qua</strong></span> <span class='ocrx_word' id='word_1_163' title='bbox 804 2217 1016 2277; x_wconf 81' lang='lat' dir='ltr'><strong>parum</strong></span> <span class='ocrx_word' id='word_1_164' title='bbox 1057 2195 1427 2276; x_wconf 75' lang='lat' dir='ltr'><strong>repentinum</strong></span> <span class='ocrx_word' id='word_1_165' title='bbox 1466 2197 1671 2258; x_wconf 76' lang='lat' dir='ltr'><strong>audiet</strong></span> <span class='ocrx_word' id='word_1_166' title='bbox 1711 2207 1767 2258; x_wconf 79' lang='lat' dir='ltr'><strong>et</strong></span> <span class='ocrx_word' id='word_1_167' title='bbox 1810 2196 2119 2278; x_wconf 70' lang='lat' dir='ltr'><strong>improviso</strong></span> <span class='ocrx_word' id='word_1_168' title='bbox 2153 2219 2330 2260; x_wconf 75' lang='lat' dir='ltr'><strong>sonus</strong></span> <span class='ocrx_word' id='word_1_169' title='bbox 2355 2203 2603 2260; x_wconf 75' lang='lat' dir='ltr'><strong>auribus</strong></span> 
     </span>
     <span class='ocr_line' id='line_1_19' title="bbox 209 2300 2606 2388; baseline 0.002 -24"><span class='ocrx_word' id='word_1_170' title='bbox 209 2302 416 2384; x_wconf 73' lang='lat' dir='ltr'><strong>qravic</strong></span> <span class='ocrx_word' id='word_1_171' title='bbox 457 2300 734 2365; x_wconf 71' lang='lat' dir='ltr'><strong>eaecutit.”</strong></span> <span class='ocrx_word' id='word_1_172' title='bbox 779 2300 898 2365; x_wconf 86' lang='lat' dir='ltr'><strong>Est</strong></span> <span class='ocrx_word' id='word_1_173' title='bbox 922 2300 1110 2365; x_wconf 85' lang='lat' dir='ltr'><strong>lectio</strong></span> <span class='ocrx_word' id='word_1_174' title='bbox 1134 2321 1281 2366; x_wconf 89' lang='lat' dir='ltr'><strong>sane</strong></span> <span class='ocrx_word' id='word_1_175' title='bbox 1306 2303 1786 2385; x_wconf 87' lang='lat' dir='ltr'><strong>corruptissima</strong></span> <span class='ocrx_word' id='word_1_176' title='bbox 1811 2302 1944 2367; x_wconf 87' lang='lat' dir='ltr'><strong>cod.</strong></span> <span class='ocrx_word' id='word_1_177' title='bbox 1970 2302 2051 2379; x_wconf 84' lang='lat' dir='ltr'><strong>A,</strong></span> <span class='ocrx_word' id='word_1_178' title='bbox 2079 2323 2157 2367; x_wconf 83' lang='lat' dir='ltr'><strong>ex</strong></span> <span class='ocrx_word' id='word_1_179' title='bbox 2181 2324 2306 2388; x_wconf 90' lang='lat' dir='ltr'><strong>qua</strong></span> <span class='ocrx_word' id='word_1_180' title='bbox 2328 2302 2606 2369; x_wconf 78' lang='lat' dir='ltr'><strong>Hessius</strong></span> 
     </span>
     <span class='ocr_line' id='line_1_20' title="bbox 215 2407 2603 2491; baseline 0.001 -19"><span class='ocrx_word' id='word_1_181' title='bbox 215 2409 371 2473; x_wconf 82' lang='lat' dir='ltr'><strong>haec</strong></span> <span class='ocrx_word' id='word_1_182' title='bbox 420 2407 696 2474; x_wconf 81' lang='lat' dir='ltr'><strong>effinxit:</strong></span> <span class='ocrx_word' id='word_1_183' title='bbox 742 2430 858 2491; x_wconf 80' lang='lat' dir='ltr'><strong>qua</strong></span> <span class='ocrx_word' id='word_1_184' title='bbox 889 2414 1130 2489; x_wconf 73' lang='lat' dir='ltr'><strong>partum</strong></span> <span class='ocrx_word' id='word_1_185' title='bbox 1155 2408 1525 2489; x_wconf 80' lang='lat' dir='ltr'><strong>repentinum</strong></span> <span class='ocrx_word' id='word_1_186' title='bbox 1549 2408 1798 2470; x_wconf 76' lang='lat' dir='ltr'><strong>auditus</strong></span> <span class='ocrx_word' id='word_1_187' title='bbox 1822 2408 2132 2491; x_wconf 75' lang='lat' dir='ltr'><strong>improviso</strong></span> <span class='ocrx_word' id='word_1_188' title='bbox 2155 2432 2334 2472; x_wconf 76' lang='lat' dir='ltr'><strong>sonus</strong></span> <span class='ocrx_word' id='word_1_189' title='bbox 2357 2412 2603 2474; x_wconf 75' lang='lat' dir='ltr'><strong>auribus</strong></span> 
     </span>
     <span class='ocr_line' id='line_1_21' title="bbox 211 2511 2601 2602; baseline 0.002 -25"><span class='ocrx_word' id='word_1_190' title='bbox 211 2515 420 2597; x_wconf 72' lang='lat' dir='ltr'><strong>qravic</strong></span> <span class='ocrx_word' id='word_1_191' title='bbox 468 2514 708 2578; x_wconf 63' lang='lat' dir='ltr'><strong>ercutit.</strong></span> <span class='ocrx_word' id='word_1_192' title='bbox 760 2513 906 2578; x_wconf 87' lang='lat' dir='ltr'><strong>Non</strong></span> <span class='ocrx_word' id='word_1_193' title='bbox 947 2534 1103 2598; x_wconf 89' lang='lat' dir='ltr'><strong>opus</strong></span> <span class='ocrx_word' id='word_1_194' title='bbox 1143 2518 1239 2578; x_wconf 86' lang='lat' dir='ltr'><strong>est</strong></span> <span class='ocrx_word' id='word_1_195' title='bbox 1279 2511 1459 2577; x_wconf 90' lang='lat' dir='ltr'><strong>illius</strong></span> <span class='ocrx_word' id='word_1_196' title='bbox 1480 2521 1693 2602; x_wconf 73' lang='lat' dir='ltr'><strong>partus</strong></span> <span class='ocrx_word' id='word_1_197' title='bbox 1716 2514 2016 2596; x_wconf 79' lang='lat' dir='ltr'><strong>repentini</strong></span> <span class='ocrx_word' id='word_1_198' title='bbox 2038 2516 2346 2600; x_wconf 82' lang='lat' dir='ltr'><strong>ineptiam</strong></span> <span class='ocrx_word' id='word_1_199' title='bbox 2374 2517 2601 2582; x_wconf 90' lang='lat' dir='ltr'><strong>multis</strong></span> 
     </span>
     <span class='ocr_line' id='line_1_22' title="bbox 216 2618 2604 2705; baseline -0 -18"><span class='ocrx_word' id='word_1_200' title='bbox 216 2621 429 2687; x_wconf 82' lang='lat' dir='ltr'><strong>verbis</strong></span> <span class='ocrx_word' id='word_1_201' title='bbox 467 2621 915 2686; x_wconf 89' lang='lat' dir='ltr'><strong>demonstrare.</strong></span> <span class='ocrx_word' id='word_1_202' title='bbox 1008 2618 1282 2683; x_wconf 79' lang='lat' dir='ltr'><strong>Etiamsi</strong></span> <span class='ocrx_word' id='word_1_203' title='bbox 1323 2618 1547 2682; x_wconf 78' lang='lat' dir='ltr'><strong>Latine</strong></span> <span class='ocrx_word' id='word_1_204' title='bbox 1586 2621 1681 2682; x_wconf 88' lang='lat' dir='ltr'><strong>ita</strong></span> <span class='ocrx_word' id='word_1_205' title='bbox 1723 2620 1913 2683; x_wconf 87' lang='lat' dir='ltr'><strong>scribi</strong></span> <span class='ocrx_word' id='word_1_206' title='bbox 1960 2629 2205 2703; x_wconf 87' lang='lat' dir='ltr'><strong>posset,</strong></span> <span class='ocrx_word' id='word_1_207' title='bbox 2255 2621 2331 2686; x_wconf 91' lang='lat' dir='ltr'><strong>de</strong></span> <span class='ocrx_word' id='word_1_208' title='bbox 2339 2623 2604 2705; x_wconf 72' lang='lat' dir='ltr'><strong>feminis</strong></span> 
     </span>
     <span class='ocr_line' id='line_1_23' title="bbox 219 2723 2601 2811; baseline 0.001 -21"><span class='ocrx_word' id='word_1_209' title='bbox 219 2731 509 2798; x_wconf 86' lang='lat' dir='ltr'><strong>tantum,</strong></span> <span class='ocrx_word' id='word_1_210' title='bbox 576 2746 784 2809; x_wconf 88' lang='lat' dir='ltr'><strong>neque</strong></span> <span class='ocrx_word' id='word_1_211' title='bbox 847 2724 923 2788; x_wconf 90' lang='lat' dir='ltr'><strong>de</strong></span> <span class='ocrx_word' id='word_1_212' title='bbox 988 2724 1220 2788; x_wconf 78' lang='lat' dir='ltr'><strong>bomine</strong></span> <span class='ocrx_word' id='word_1_213' title='bbox 1280 2744 1506 2788; x_wconf 87' lang='lat' dir='ltr'><strong>verum</strong></span> <span class='ocrx_word' id='word_1_214' title='bbox 1556 2729 1738 2789; x_wconf 88' lang='lat' dir='ltr'><strong>esset.</strong></span> <span class='ocrx_word' id='word_1_215' title='bbox 1832 2723 2202 2811; x_wconf 80' lang='lat' dir='ltr'><strong>Madvigius</strong></span> <span class='ocrx_word' id='word_1_216' title='bbox 2247 2729 2485 2792; x_wconf 87' lang='lat' dir='ltr'><strong>mirum</strong></span> <span class='ocrx_word' id='word_1_217' title='bbox 2535 2732 2601 2792; x_wconf 90' lang='lat' dir='ltr'><strong>in</strong></span> 
     </span>
     <span class='ocr_line' id='line_1_24' title="bbox 216 2830 2601 2916; baseline 0.002 -21"><span class='ocrx_word' id='word_1_218' title='bbox 216 2831 478 2896; x_wconf 89' lang='lat' dir='ltr'><strong>modum</strong></span> <span class='ocrx_word' id='word_1_219' title='bbox 541 2852 577 2896; x_wconf 91' lang='lat' dir='ltr'><strong>a</strong></span> <span class='ocrx_word' id='word_1_220' title='bbox 640 2830 828 2896; x_wconf 88' lang='lat' dir='ltr'><strong>solita</strong></span> <span class='ocrx_word' id='word_1_221' title='bbox 892 2830 1231 2915; x_wconf 84' lang='lat' dir='ltr'><strong>prudentia</strong></span> <span class='ocrx_word' id='word_1_222' title='bbox 1278 2834 1342 2893; x_wconf 91' lang='lat' dir='ltr'><strong>et</strong></span> <span class='ocrx_word' id='word_1_223' title='bbox 1388 2833 1733 2916; x_wconf 82' lang='lat' dir='ltr'><strong>sagacitate</strong></span> <span class='ocrx_word' id='word_1_224' title='bbox 1780 2830 2110 2905; x_wconf 87' lang='lat' dir='ltr'><strong>aberrans,</strong></span> <span class='ocrx_word' id='word_1_225' title='bbox 2164 2851 2345 2915; x_wconf 89' lang='lat' dir='ltr'><strong>opem</strong></span> <span class='ocrx_word' id='word_1_226' title='bbox 2393 2853 2517 2898; x_wconf 89' lang='lat' dir='ltr'><strong>non</strong></span> <span class='ocrx_word' id='word_1_227' title='bbox 2566 2856 2601 2900; x_wconf 98' lang='lat' dir='ltr'><strong>a</strong></span> 
     </span>
     <span class='ocr_line' id='line_1_25' title="bbox 216 2934 2596 3021; baseline 0 -18"><span class='ocrx_word' id='word_1_228' title='bbox 216 2936 353 3003; x_wconf 89' lang='lat' dir='ltr'><strong>Deo</strong></span> <span class='ocrx_word' id='word_1_229' title='bbox 412 2959 488 3004; x_wconf 85' lang='lat' dir='ltr'><strong>ex</strong></span> <span class='ocrx_word' id='word_1_230' title='bbox 553 2939 885 3014; x_wconf 86' lang='lat' dir='ltr'><strong>machina,</strong></span> <span class='ocrx_word' id='word_1_231' title='bbox 954 2936 1062 3001; x_wconf 90' lang='lat' dir='ltr'><strong>sed</strong></span> <span class='ocrx_word' id='word_1_232' title='bbox 1110 2938 1187 3001; x_wconf 89' lang='lat' dir='ltr'><strong>ab</strong></span> <span class='ocrx_word' id='word_1_233' title='bbox 1237 2938 1373 3021; x_wconf 86' lang='lat' dir='ltr'><strong>ipsa</strong></span> <span class='ocrx_word' id='word_1_234' title='bbox 1419 2935 1716 3000; x_wconf 90' lang='lat' dir='ltr'><strong>machina</strong></span> <span class='ocrx_word' id='word_1_235' title='bbox 1762 2937 2014 3020; x_wconf 87' lang='lat' dir='ltr'><strong>petivit.</strong></span> <span class='ocrx_word' id='word_1_236' title='bbox 2110 2934 2344 3002; x_wconf 86' lang='lat' dir='ltr'><strong>Scribit</strong></span> <span class='ocrx_word' id='word_1_237' title='bbox 2391 2942 2596 3004; x_wconf 87' lang='lat' dir='ltr'><strong>enim:</strong></span> 
     </span>
     <span class='ocr_line' id='line_1_26' title="bbox 218 3041 2603 3130; baseline 0.001 -23"><span class='ocrx_word' id='word_1_238' title='bbox 218 3067 379 3130; x_wconf 73' lang='lat' dir='ltr'><strong>quem</strong></span> <span class='ocrx_word' id='word_1_239' title='bbox 427 3062 773 3110; x_wconf 69' lang='lat' dir='ltr'>PETAURUM</span> <span class='ocrx_word' id='word_1_240' title='bbox 817 3050 1184 3126; x_wconf 76' lang='lat' dir='ltr'><strong>repentinum</strong></span> <span class='ocrx_word' id='word_1_241' title='bbox 1233 3049 1338 3106; x_wconf 74' lang='lat' dir='ltr'><strong>aut</strong></span> <span class='ocrx_word' id='word_1_242' title='bbox 1381 3042 1625 3104; x_wconf 69' lang='lat' dir='ltr'><strong>auditus</strong></span> <span class='ocrx_word' id='word_1_243' title='bbox 1673 3065 1745 3105; x_wconf 61' lang='lat' dir='ltr'><strong>ear</strong></span> <span class='ocrx_word' id='word_1_244' title='bbox 1790 3041 2102 3124; x_wconf 76' lang='lat' dir='ltr'><strong>improviso</strong></span> <span class='ocrx_word' id='word_1_245' title='bbox 2140 3067 2320 3106; x_wconf 75' lang='lat' dir='ltr'><strong>sonus</strong></span> <span class='ocrx_word' id='word_1_246' title='bbox 2358 3046 2603 3109; x_wconf 70' lang='lat' dir='ltr'><strong>auribus</strong></span> 
     </span>
     <span class='ocr_line' id='line_1_27' title="bbox 211 3147 2605 3238; baseline 0.002 -25"><span class='ocrx_word' id='word_1_247' title='bbox 211 3151 419 3233; x_wconf 72' lang='lat' dir='ltr'><strong>qravis</strong></span> <span class='ocrx_word' id='word_1_248' title='bbox 464 3151 703 3216; x_wconf 59' lang='lat' dir='ltr'><strong>ereutii.</strong></span> <span class='ocrx_word' id='word_1_249' title='bbox 788 3148 991 3214; x_wconf 88' lang='lat' dir='ltr'><strong>Addit</strong></span> <span class='ocrx_word' id='word_1_250' title='bbox 1039 3148 1398 3232; x_wconf 84' lang='lat' dir='ltr'><strong>explicandi</strong></span> <span class='ocrx_word' id='word_1_251' title='bbox 1446 3166 1669 3213; x_wconf 84' lang='lat' dir='ltr'><strong>causa:</strong></span> <span class='ocrx_word' id='word_1_252' title='bbox 1723 3147 1856 3224; x_wconf 85' lang='lat' dir='ltr'><strong>„Ea</strong></span> <span class='ocrx_word' id='word_1_253' title='bbox 1896 3157 2030 3213; x_wconf 88' lang='lat' dir='ltr'><strong>erat</strong></span> <span class='ocrx_word' id='word_1_254' title='bbox 2069 3151 2401 3228; x_wconf 86' lang='lat' dir='ltr'><strong>machina,</strong></span> <span class='ocrx_word' id='word_1_255' title='bbox 2446 3173 2605 3238; x_wconf 89' lang='lat' dir='ltr'><strong>quae</strong></span> 
     </span>
     <span class='ocr_line' id='line_1_28' title="bbox 223 3254 2604 3343; baseline 0.002 -22"><span class='ocrx_word' id='word_1_256' title='bbox 223 3258 479 3336; x_wconf 80' lang='lat' dir='ltr'><strong>„subito</strong></span> <span class='ocrx_word' id='word_1_257' title='bbox 526 3277 873 3343; x_wconf 81' lang='lat' dir='ltr'><strong>exsurgens</strong></span> <span class='ocrx_word' id='word_1_258' title='bbox 922 3263 986 3320; x_wconf 90' lang='lat' dir='ltr'><strong>et</strong></span> <span class='ocrx_word' id='word_1_259' title='bbox 1035 3254 1285 3319; x_wconf 85' lang='lat' dir='ltr'><strong>sublata</strong></span> <span class='ocrx_word' id='word_1_260' title='bbox 1332 3255 2025 3319; x_wconf 81' lang='lat' dir='ltr'><strong>homines-ostentabat</strong></span> <span class='ocrx_word' id='word_1_261' title='bbox 2072 3256 2423 3338; x_wconf 88' lang='lat' dir='ltr'><strong>periculosa</strong></span> <span class='ocrx_word' id='word_1_262' title='bbox 2470 3266 2604 3325; x_wconf 85' lang='lat' dir='ltr'><strong>arte</strong></span> 
     </span>
     <span class='ocr_line' id='line_1_29' title="bbox 224 3362 2605 3452; baseline 0 -24"><span class='ocrx_word' id='word_1_263' title='bbox 224 3385 333 3442; x_wconf 85' lang='lat' dir='ltr'><strong>„se</strong></span> <span class='ocrx_word' id='word_1_264' title='bbox 381 3365 738 3445; x_wconf 77' lang='lat' dir='ltr'><strong>moventes,</strong></span> <span class='ocrx_word' id='word_1_265' title='bbox 788 3369 932 3446; x_wconf 85' lang='lat' dir='ltr'><strong>apte</strong></span> <span class='ocrx_word' id='word_1_266' title='bbox 979 3362 1058 3427; x_wconf 86' lang='lat' dir='ltr'><strong>ad</strong></span> <span class='ocrx_word' id='word_1_267' title='bbox 1104 3367 1521 3445; x_wconf 87' lang='lat' dir='ltr'><strong>spectatorem</strong></span> <span class='ocrx_word' id='word_1_268' title='bbox 1573 3381 1649 3452; x_wconf 54' lang='grc' dir='ltr'><strong>οξ</strong></span> <span class='ocrx_word' id='word_1_269' title='bbox 1697 3362 2024 3443; x_wconf 89' lang='lat' dir='ltr'><strong>inopinato</strong></span> <span class='ocrx_word' id='word_1_270' title='bbox 2064 3365 2605 3444; x_wconf 88' lang='lat' dir='ltr'><strong>percutiendum.&#39;’</strong></span> 
     </span>
     <span class='ocr_line' id='line_1_30' title="bbox 221 3465 2604 3554; baseline 0.001 -19"><span class='ocrx_word' id='word_1_271' title='bbox 221 3468 522 3554; x_wconf 82' lang='lat' dir='ltr'><strong>Suspicor</strong></span> <span class='ocrx_word' id='word_1_272' title='bbox 583 3468 893 3554; x_wconf 88' lang='lat' dir='ltr'><strong>ejusmodi</strong></span> <span class='ocrx_word' id='word_1_273' title='bbox 954 3467 1319 3532; x_wconf 88' lang='lat' dir='ltr'><strong>machinam</strong></span> <span class='ocrx_word' id='word_1_274' title='bbox 1379 3469 1548 3530; x_wconf 90' lang='lat' dir='ltr'><strong>idem</strong></span> <span class='ocrx_word' id='word_1_275' title='bbox 1614 3467 1810 3530; x_wconf 85' lang='lat' dir='ltr'><strong>fuisse</strong></span> <span class='ocrx_word' id='word_1_276' title='bbox 1866 3465 2032 3550; x_wconf 89' lang='lat' dir='ltr'><strong>quod</strong></span> <span class='ocrx_word' id='word_1_277' title='bbox 2080 3469 2248 3552; x_wconf 89' lang='lat' dir='ltr'><strong>apud</strong></span> <span class='ocrx_word' id='word_1_278' title='bbox 2295 3477 2604 3537; x_wconf 83' lang='lat' dir='ltr'><strong>nostrates</strong></span> 
     </span>
     <span class='ocr_line' id='line_1_31' title="bbox 222 3571 2602 3662; baseline 0.001 -21"><span class='ocrx_word' id='word_1_279' title='bbox 222 3578 670 3654; x_wconf 76' lang='grc' dir='ltr'><strong>κυβιστητῆρες</strong></span> <span class='ocrx_word' id='word_1_280' title='bbox 720 3590 785 3639; x_wconf 86' lang='lat' dir='ltr'><strong>et</strong></span> <span class='ocrx_word' id='word_1_281' title='bbox 830 3572 969 3658; x_wconf 88' lang='lat' dir='ltr'><strong>illi,</strong></span> <span class='ocrx_word' id='word_1_282' title='bbox 1019 3576 1155 3658; x_wconf 83' lang='lat' dir='ltr'><strong>qui,</strong></span> <span class='ocrx_word' id='word_1_283' title='bbox 1209 3593 1365 3658; x_wconf 89' lang='lat' dir='ltr'><strong>quos</strong></span> <span class='ocrx_word' id='word_1_284' title='bbox 1404 3574 1528 3656; x_wconf 88' lang='lat' dir='ltr'><strong>ipsi</strong></span> <span class='ocrx_word' id='word_1_285' title='bbox 1570 3579 1817 3648; x_wconf 83' lang='lat' dir='ltr'><strong>vocant,</strong></span> <span class='ocrx_word' id='word_1_286' title='bbox 1858 3571 2040 3637; x_wconf 90' lang='lat' dir='ltr'><strong>ludos</strong></span> <span class='ocrx_word' id='word_1_287' title='bbox 2080 3574 2314 3638; x_wconf 79' lang='lat' dir='ltr'><strong>Icarios</strong></span> <span class='ocrx_word' id='word_1_288' title='bbox 2349 3576 2602 3662; x_wconf 89' lang='lat' dir='ltr'><strong>ludunt,</strong></span> 
     </span>
     <span class='ocr_line' id='line_1_32' title="bbox 222 3675 2606 3768; baseline 0 -20"><span class='ocrx_word' id='word_1_289' title='bbox 222 3681 541 3768; x_wconf 88' lang='lat' dir='ltr'><strong>appellare</strong></span> <span class='ocrx_word' id='word_1_290' title='bbox 583 3680 819 3746; x_wconf 86' lang='lat' dir='ltr'><strong>solent:</strong></span> <span class='ocrx_word' id='word_1_291' title='bbox 871 3681 982 3744; x_wconf 87' lang='lat' dir='ltr'><strong>het</strong></span> <span class='ocrx_word' id='word_1_292' title='bbox 1028 3679 1360 3744; x_wconf 86' lang='lat' dir='ltr'><strong>zwevende</strong></span> <span class='ocrx_word' id='word_1_293' title='bbox 1409 3678 1556 3753; x_wconf 87' lang='lat' dir='ltr'><strong>rek,</strong></span> <span class='ocrx_word' id='word_1_294' title='bbox 1610 3677 1714 3743; x_wconf 87' lang='lat' dir='ltr'><strong>vel</strong></span> <span class='ocrx_word' id='word_1_295' title='bbox 1763 3675 2044 3756; x_wconf 83' lang='lat' dir='ltr'><strong>Gallice,</strong></span> <span class='ocrx_word' id='word_1_296' title='bbox 2096 3678 2156 3744; x_wconf 90' lang='lat' dir='ltr'><strong>le</strong></span> <span class='ocrx_word' id='word_1_297' title='bbox 2206 3684 2450 3766; x_wconf 73' lang='lat' dir='ltr'><strong>trapeze</strong></span> <span class='ocrx_word' id='word_1_298' title='bbox 2500 3707 2606 3749; x_wconf 85' lang='lat' dir='ltr'><strong>vo·</strong></span> 
     </span>
     <span class='ocr_line' id='line_1_33' title="bbox 221 3784 2605 3871; baseline 0 -17"><span class='ocrx_word' id='word_1_299' title='bbox 221 3790 380 3855; x_wconf 89' lang='lat' dir='ltr'><strong>lant.</strong></span> <span class='ocrx_word' id='word_1_300' title='bbox 432 3785 877 3871; x_wconf 86' lang='lat' dir='ltr'><strong>Cuiuscunque</strong></span> <span class='ocrx_word' id='word_1_301' title='bbox 923 3786 1098 3851; x_wconf 89' lang='lat' dir='ltr'><strong>modi</strong></span> <span class='ocrx_word' id='word_1_302' title='bbox 1149 3785 1263 3850; x_wconf 90' lang='lat' dir='ltr'><strong>illa</strong></span> <span class='ocrx_word' id='word_1_303' title='bbox 1312 3785 1608 3849; x_wconf 83' lang='lat' dir='ltr'><strong>machina</strong></span> <span class='ocrx_word' id='word_1_304' title='bbox 1655 3785 1867 3860; x_wconf 87' lang='lat' dir='ltr'><strong>fuerit,</strong></span> <span class='ocrx_word' id='word_1_305' title='bbox 1917 3784 2055 3850; x_wconf 92' lang='lat' dir='ltr'><strong>loco</strong></span> <span class='ocrx_word' id='word_1_306' title='bbox 2100 3807 2346 3871; x_wconf 90' lang='lat' dir='ltr'><strong>quoque</strong></span> <span class='ocrx_word' id='word_1_307' title='bbox 2394 3797 2605 3855; x_wconf 87' lang='lat' dir='ltr'><strong>nostro</strong></span> 
     </span>
     <span class='ocr_line' id='line_1_34' title="bbox 223 3890 2607 3978; baseline 0 -18"><span class='ocrx_word' id='word_1_308' title='bbox 223 3894 411 3961; x_wconf 86' lang='lat' dir='ltr'><strong>solita</strong></span> <span class='ocrx_word' id='word_1_309' title='bbox 451 3914 567 3958; x_wconf 89' lang='lat' dir='ltr'><strong>sua</strong></span> <span class='ocrx_word' id='word_1_310' title='bbox 607 3895 744 3958; x_wconf 83' lang='lat' dir='ltr'><strong>vice</strong></span> <span class='ocrx_word' id='word_1_311' title='bbox 782 3893 1078 3978; x_wconf 84' lang='lat' dir='ltr'><strong>fungitur</strong></span> <span class='ocrx_word' id='word_1_312' title='bbox 1112 3897 1175 3955; x_wconf 84' lang='lat' dir='ltr'><strong>et</strong></span> <span class='ocrx_word' id='word_1_313' title='bbox 1199 3890 1498 3957; x_wconf 88' lang='lat' dir='ltr'><strong>lectorem</strong></span> <span class='ocrx_word' id='word_1_314' title='bbox 1528 3911 1605 3954; x_wconf 85' lang='lat' dir='ltr'><strong>ex</strong></span> <span class='ocrx_word' id='word_1_315' title='bbox 1630 3892 1954 3976; x_wconf 90' lang='lat' dir='ltr'><strong>inopinato</strong></span> <span class='ocrx_word' id='word_1_316' title='bbox 1979 3895 2271 3976; x_wconf 87' lang='lat' dir='ltr'><strong>percutit.</strong></span> <span class='ocrx_word' id='word_1_317' title='bbox 2322 3894 2607 3960; x_wconf 88' lang='lat' dir='ltr'><strong>Kochius</strong></span> 
     </span>
     <span class='ocr_line' id='line_1_35' title="bbox 223 3996 2605 4086; baseline -0 -20"><span class='ocrx_word' id='word_1_318' title='bbox 223 4020 614 4086; x_wconf 88' lang='lat' dir='ltr'><strong>quamquam</strong></span> <span class='ocrx_word' id='word_1_319' title='bbox 680 4018 804 4063; x_wconf 89' lang='lat' dir='ltr'><strong>non</strong></span> <span class='ocrx_word' id='word_1_320' title='bbox 872 4004 1003 4062; x_wconf 90' lang='lat' dir='ltr'><strong>tam</strong></span> <span class='ocrx_word' id='word_1_321' title='bbox 1054 3996 1274 4081; x_wconf 89' lang='lat' dir='ltr'><strong>procul</strong></span> <span class='ocrx_word' id='word_1_322' title='bbox 1319 3997 1603 4062; x_wconf 88' lang='lat' dir='ltr'><strong>remedia</strong></span> <span class='ocrx_word' id='word_1_323' title='bbox 1650 3999 1931 4080; x_wconf 84' lang='lat' dir='ltr'><strong>quaerit,</strong></span> <span class='ocrx_word' id='word_1_324' title='bbox 1980 3997 2439 4082; x_wconf 87' lang='lat' dir='ltr'><strong>supplementis</strong></span> <span class='ocrx_word' id='word_1_325' title='bbox 2485 4005 2605 4065; x_wconf 87' lang='lat' dir='ltr'><strong>mi·</strong></span> 
     </span>
     <span class='ocr_line' id='line_1_36' title="bbox 224 4101 2605 4189; baseline 0 -17"><span class='ocrx_word' id='word_1_326' title='bbox 224 4107 399 4172; x_wconf 87' lang='lat' dir='ltr'><strong>nime</strong></span> <span class='ocrx_word' id='word_1_327' title='bbox 446 4106 813 4170; x_wconf 87' lang='lat' dir='ltr'><strong>necessariis</strong></span> <span class='ocrx_word' id='word_1_328' title='bbox 863 4105 1246 4168; x_wconf 88' lang='lat' dir='ltr'><strong>sententiam</strong></span> <span class='ocrx_word' id='word_1_329' title='bbox 1294 4107 1625 4189; x_wconf 83' lang='lat' dir='ltr'><strong>aggravat.</strong></span> <span class='ocrx_word' id='word_1_330' title='bbox 1720 4101 1940 4166; x_wconf 84' lang='lat' dir='ltr'><strong>Edidit</strong></span> <span class='ocrx_word' id='word_1_331' title='bbox 1989 4106 2191 4167; x_wconf 88' lang='lat' dir='ltr'><strong>enim:</strong></span> <span class='ocrx_word' id='word_1_332' title='bbox 2245 4105 2462 4186; x_wconf 89' lang='lat' dir='ltr'><strong>(homo</strong></span> <span class='ocrx_word' id='word_1_333' title='bbox 2511 4115 2605 4173; x_wconf 84' lang='lat' dir='ltr'><strong>est</strong></span> 
     </span>
     <span class='ocr_line' id='line_1_37' title="bbox 225 4209 2607 4300; baseline -0 -22"><span class='ocrx_word' id='word_1_334' title='bbox 225 4213 480 4297; x_wconf 86' lang='lat' dir='ltr'><strong>corpus)</strong></span> <span class='ocrx_word' id='word_1_335' title='bbox 517 4215 784 4295; x_wconf 79' lang='lat' dir='ltr'><strong>precarii</strong></span> <span class='ocrx_word' id='word_1_336' title='bbox 829 4209 1080 4293; x_wconf 70' lang='lat' dir='ltr'><strong>spirituc</strong></span> <span class='ocrx_word' id='word_1_337' title='bbox 1127 4216 1182 4272; x_wconf 75' lang='lat' dir='ltr'><strong>et</strong></span> <span class='ocrx_word' id='word_1_338' title='bbox 1221 4209 1374 4272; x_wconf 81' lang='lat' dir='ltr'><strong>male</strong></span> <span class='ocrx_word' id='word_1_339' title='bbox 1409 4209 1739 4283; x_wconf 69' lang='lat' dir='ltr'><strong>haerentis,</strong></span> <span class='ocrx_word' id='word_1_340' title='bbox 1781 4231 1944 4288; x_wconf 81' lang='lat' dir='ltr'><strong>quem</strong></span> <span class='ocrx_word' id='word_1_341' title='bbox 1985 4210 2067 4292; x_wconf 76' lang='lat' dir='ltr'><strong>(si</strong></span> <span class='ocrx_word' id='word_1_342' title='bbox 2108 4212 2264 4293; x_wconf 78' lang='lat' dir='ltr'><strong>quod</strong></span> <span class='ocrx_word' id='word_1_343' title='bbox 2299 4216 2607 4300; x_wconf 75' lang='lat' dir='ltr'><strong>apparuit)</strong></span> 
     </span>
     <span class='ocr_line' id='line_1_38' title="bbox 211 4315 2609 4405; baseline 0.001 -22"><span class='ocrx_word' id='word_1_344' title='bbox 211 4320 552 4405; x_wconf 22' lang='lat' dir='ltr'><strong>&#39;periculum</strong></span> <span class='ocrx_word' id='word_1_345' title='bbox 601 4321 998 4399; x_wconf 72' lang='lat' dir='ltr'><strong>repentinum,</strong></span> <span class='ocrx_word' id='word_1_346' title='bbox 1050 4324 1155 4377; x_wconf 75' lang='lat' dir='ltr'><strong>auc</strong></span> <span class='ocrx_word' id='word_1_347' title='bbox 1202 4316 1448 4379; x_wconf 75' lang='lat' dir='ltr'><strong>auditus</strong></span> <span class='ocrx_word' id='word_1_348' title='bbox 1500 4315 1638 4399; x_wconf 71' lang='lat' dir='ltr'><strong>(est)</strong></span> <span class='ocrx_word' id='word_1_349' title='bbox 1685 4337 1756 4377; x_wconf 70' lang='lat' dir='ltr'><strong>eat</strong></span> <span class='ocrx_word' id='word_1_350' title='bbox 1793 4315 2102 4398; x_wconf 76' lang='lat' dir='ltr'><strong>improviso</strong></span> <span class='ocrx_word' id='word_1_351' title='bbox 2142 4338 2321 4379; x_wconf 76' lang='lat' dir='ltr'><strong>sonus</strong></span> <span class='ocrx_word' id='word_1_352' title='bbox 2359 4320 2609 4386; x_wconf 78' lang='lat' dir='ltr'><strong>auribus</strong></span> 
     </span>
     <span class='ocr_line' id='line_1_39' title="bbox 220 4419 2610 4512; baseline 0.001 -22"><span class='ocrx_word' id='word_1_353' title='bbox 220 4431 426 4509; x_wconf 71' lang='lat' dir='ltr'><strong>qravis</strong></span> <span class='ocrx_word' id='word_1_354' title='bbox 482 4424 724 4489; x_wconf 67' lang='lat' dir='ltr'><strong>excutit.</strong></span> <span class='ocrx_word' id='word_1_355' title='bbox 818 4421 1027 4487; x_wconf 85' lang='lat' dir='ltr'><strong>Multo</strong></span> <span class='ocrx_word' id='word_1_356' title='bbox 1091 4421 1345 4486; x_wconf 88' lang='lat' dir='ltr'><strong>facilius</strong></span> <span class='ocrx_word' id='word_1_357' title='bbox 1407 4427 1471 4487; x_wconf 89' lang='lat' dir='ltr'><strong>et</strong></span> <span class='ocrx_word' id='word_1_358' title='bbox 1532 4419 1892 4506; x_wconf 89' lang='lat' dir='ltr'><strong>simplicius</strong></span> <span class='ocrx_word' id='word_1_359' title='bbox 1943 4420 2283 4487; x_wconf 86' lang='lat' dir='ltr'><strong>difficultas</strong></span> <span class='ocrx_word' id='word_1_360' title='bbox 2330 4427 2610 4512; x_wconf 82' lang='lat' dir='ltr'><strong>expediri</strong></span> 
     </span>
    </p>
   </div>
  </div>
 </body>
</html>
