3192 5017
1315 271 1585 333 cumei.
2518 259 2653 330 343

267 450 351 517 ita
412 460 492 518 ut
551 456 639 519 sit
693 453 887 520 homo
908 502 925 531 ,
974 455 1078 519 cui
1122 453 1376 544 fortuna
1424 453 1688 520 adversa
1733 474 1849 520 uso
1896 453 2425 544 (ongeluksltind‚
2477 475 2651 521 arms

267 559 580 625 drommel
645 559 1043 645 vernacule),
1091 562 1291 626 vestis
1339 560 1501 625 bona
1550 560 1812 625 deesset.
1906 558 2091 640 Quod
2136 562 2193 625 si
2237 581 2465 625 verum
2514 564 2611 625 est
2632 608 2650 643 ,

262 685 378 730 non
439 665 522 729 ad
581 685 686 730 eos
732 671 982 730 tantum
1005 715 1022 749 ,
1069 668 1182 751 qui
1229 667 1404 732 senio
1451 665 1724 732 confecti
1770 671 1950 731 erant
1968 713 1985 743 ‚
2032 661 2322 732 Cimonis
2368 665 2649 731 liberali-

261 776 454 835 tatem
519 777 584 837 et
649 768 1151 836 munificentiam
1199 768 1532 838 Cornelius
1575 777 1789 836 noster
1833 763 1941 836 sed
1990 771 2069 836 ad
2116 789 2336 836 omnes
2384 771 2645 835 omnino

257 877 474 962 inopes
538 875 814 941 rettulit.
906 875 1081 942 Inter
1144 876 1482 961 scriptores
1539 875 1721 942 illius
1785 879 2013 942 aetatis
2057 882 2272 941 nostro
2320 876 2645 940 neminem

257 984 507 1066 saepius
573 1002 612 1045 a
675 981 928 1046 fortuna
992 984 1294 1047 orationis
1354 980 1594 1069 figuras
1641 987 2013 1047 mutuatum
2066 1001 2199 1046 esse
2249 980 2357 1047 vel
2405 980 2646 1046 indices

256 1086 621 1153 Corneliani
666 1086 874 1172 qualis
921 1092 988 1152 in
1036 1086 1394 1153 Staverenii
1442 1106 1692 1172 quoque
1739 1085 2016 1152 editione
2065 1107 2190 1151 non
2228 1085 2640 1164 desideratur,

254 1193 523 1275 probant
578 1196 648 1277 ¹).
725 1192 980 1256 Vitium
1029 1193 1179 1258 inde
1225 1199 1440 1258 ortum
1489 1192 1748 1257 videtur
1791 1192 1958 1277 quod
2012 1190 2418 1269 „offensum’',
2468 1191 2642 1256 idem

256 1295 472 1362 valens
545 1303 738 1382 atque
805 1299 1092 1372 invisum,
1163 1299 1486 1383 infestum,
1558 1298 2012 1382 interpretibus
2072 1296 2235 1362 nihil
2283 1297 2456 1362 aliud
2508 1307 2644 1363 erat

251 1422 443 1486 quam
509 1404 734 1467 obviam
778 1411 1037 1485 jactum.
1132 1402 1359 1490 Neque
1418 1402 1484 1468 id
1551 1405 1791 1467 mirum
1854 1423 2004 1467 cum
2055 1405 2315 1489 ΨΜ
2341 1403 2645 1488 fortunae

252 1528 570 1593 nusquam
623 1507 781 1573 alibi
825 1509 1209 1573 inveniatur.

341 1614 435 1679 Ut
499 1617 633 1678 iam
693 1614 771 1678 ad
834 1620 1050 1698 poetas
1109 1613 1371 1680 Latinos
1423 1619 1776 1690 transeam,
1827 1614 2058 1679 studiis
2106 1617 2172 1678 in
2222 1614 2298 1680 P.
2350 1614 2641 1699 Merula,

255 1719 507 1785 Erasmi
573 1721 748 1785 vitae
808 1720 1047 1784 editore
1066 1767 1085 1803 ,
1145 1722 1373 1806 positis
1392 1766 1409 1797 ‚
1475 1739 1667 1804 quem
1718 1722 1773 1784 si
1823 1719 2076 1785 vacabit
2118 1718 2344 1784 multis
2386 1719 2528 1785 falsi
2574 1722 2643 1785 in

255 1832 550 1890 veterum
637 1837 968 1909 poetarum
1056 1823 1430 1889 Latinorum
1514 1823 1804 1909 reliquiis
1870 1823 2244 1909 colligendis
2311 1829 2640 1892 commissi

255 1930 640 1994 criminibus
687 1930 854 2015 apud
906 1930 1123 1996 doctos
1168 1930 1412 1996 iudices
1458 1938 1867 1995 accusaturus
1913 1936 2102 2014 atque
2148 1936 2223 1993 ut
2267 1950 2449 2015 spero
2498 1952 2643 1998 con-

253 2034 675 2100 demnaturus
736 2055 917 2112 sum,
967 2035 1045 2100 ad
1094 2035 1324 2101 Naevii
1369 2035 1733 2122 fragmenta
1777 2055 1816 2098 a
1862 2034 2096 2100 Ioanne
2140 2033 2424 2101 Vahleno
2470 2037 2644 2104 edita

255 2140 542 2217 delatus,
606 2140 801 2206 incidi
863 2143 928 2205 in
993 2140 1208 2206 locum
1271 2140 1607 2206 Frontonis
1674 2140 1903 2225 (Epist.
1962 2140 2041 2205 ad
2089 2140 2179 2207 M.
2227 2138 2409 2208 ans.
2461 2142 2515 2208 Ι.
2569 2141 2636 2229 6)

255 2266 438 2329 quem
465 2295 481 2322 ‚
551 2250 606 2311 si
665 2248 815 2331 quid
877 2246 1095 2318 video.
1158 2266 1363 2330 neque
1408 2245 1521 2311 ille
1565 2249 1632 2310 in
1681 2248 2004 2330 prooemio
2050 2246 2413 2313 coniciendo
2461 2251 2644 2313 resti·

256 2355 381 2417 tuit
429 2374 636 2438 neque
682 2354 790 2437 qui
838 2360 981 2437 post
1037 2352 1225 2417 illum
1272 2351 1513 2437 prodiit
1557 2351 1828 2417 rhetoris
1888 2351 2091 2416 editor
2150 2351 2476 2430 Naberus‚
2539 2356 2642 2418 vir

257 2460 730 2524 eruditissimus
776 2461 1382 2545 sagacissimusque,
1431 2466 1644 2523 totum
1694 2457 2061 2522 emendavit
2106 2465 2172 2521 et
2219 2460 2510 2522 correxit.

344 2565 476 2630 Hic
538 2572 782 2629 textum
842 2565 929 2649 (p.
987 2564 1096 2649 1¹7)
1156 2566 1247 2628 sic
1293 2563 1521 2629 excudi
1569 2565 1791 2646 iussit,
1839 2562 2074 2629 codicis
2121 2564 2396 2649 vestigia
2441 2584 2637 2648 quan-

257 2676 394 2734 tum
469 2678 720 2756 poterat
787 2691 996 2755 presse
1061 2676 1344 2735 secutus:
1434 2667 1570 2745 „De
1638 2669 1855 2733 funere
1916 2669 2196 2752 [quoque
2256 2667 2633 2750 adeamus:

257 2779 415 2842 sciat
476 2775 724 2841 Familia
785 2774 1327 2860 quemadmodum
1389 2774 1647 2860 lugeat:
1707 2772 1894 2838 aliter
1937 2772 2190 2859 plangit
2235 2793 2454 2838 servus
2504 2796 2636 2840 ma-

256 2885 580 2948 numissus
606 2931 620 2954 ‚
676 2881 863 2947 aliter
906 2880 1106 2947 cliens
1151 2881 1366 2945 laudat
1409 2887 1651 2944 vocatus
1696 2877 1876 2966 (Ood.
1921 2871 2400 2965 laudadcatus),
2449 2879 2636 2947 aliter

257 2990 500 3053 amicus
539 2989 730 3069 leyato
766 2986 1143 3052 honoratus”
1180 3007 1384 3071 neque
1420 2985 1711 3050 admittit
1752 2983 2019 3050 Vahleni
2058 2986 2449 3051 coniecturas
2487 2990 2635 3051 scri-

257 3093 498 3158 bentis:
556 3094 692 3174 „De
740 3093 956 3157 funere
1002 3098 1216 3158 autem
1269 3090 1434 3157 nihil
1471 3091 1887 3156 mandamus:
1929 3093 2088 3155 sciat
2127 3089 2374 3155 familia
2413 3113 2635 3178 quem-

256 3199 596 3264 admodum
659 3199 953 3261 dominum
1014 3197 1270 3288 lugeat:
1333 3197 1524 3263 aliter
1581 3194 1833 3283 plangit
1897 3216 2117 3261 servus
2164 3200 2628 3277 manumissus,

256 3303 442 3370 aliter
501 3304 697 3369 cliens
755 3306 1071 3388 adoptatus
1092 3353 1110 3389 ‚
1158 3304 1347 3370 aliter
1390 3305 1637 3375 amicus
1683 3303 1877 3381 leqato
1925 3301 2146 3387 (codex
2192 3303 2383 3388 cuqat)
2434 3304 2632 3370 hono-

257 3419 449 3476 ratus.
545 3409 711 3474 Mihi
780 3413 1011 3475 vitium
1070 3408 1386 3494 quoddam
1441 3411 1644 3473 inesse
1703 3407 1963 3473 videtur
2022 3410 2086 3472 in
2148 3410 2361 3474 verbis
2423 3410 2635 3475 laudat

261 3524 530 3580 vocatus:
594 3515 714 3581 hoc
770 3518 837 3580 in
885 3518 1204 3600 adoptatus
1248 3518 1628 3579 mutandum
1678 3535 1812 3579 esse
1859 3514 2031 3579 haud
2078 3513 2264 3579 facile
2313 3513 2635 3581 Vahlenus

261 3621 534 3706 cuipiam
588 3619 775 3686 fidem
823 3621 1062 3686 fecerit.
1157 3619 1298 3705 Ipse
1344 3620 1663 3705 quondam
1712 3622 2098 3685 conieceram
2149 3620 2313 3684 lauto
2355 3633 2598 3686 vocatus
2613 3668 2632 3701 ,

260 3726 352 3789 ita
409 3735 484 3791 ut
546 3726 741 3792 cliens
798 3731 1048 3811 saepius
1093 3729 1161 3791 in
1207 3746 1429 3792 cenam
1480 3731 1744 3790 vocatus
1790 3724 1869 3805 ad
1917 3731 2254 3810 patronum
2304 3729 2416 3811 qui
2460 3726 2635 3794 laute

263 3852 359 3897 res
403 3833 782 3898 domesticas
833 3835 1166 3910 tuebatur,
1216 3832 1403 3897 aliter
1450 3830 1753 3918 plangere
1798 3830 2137 3896 diceretur.

350 3939 536 4004 Nunc
582 3958 733 4003 vero
781 3937 907 4002 alia
954 3958 1239 4023 quaeque
1284 3938 1487 4003 sentio
1533 3944 1759 4021 atque.
1792 3943 1868 4002 ut
1904 3955 2121 4022 spero,
2161 3935 2428 4001 meliora
2462 3937 2638 4003 effeci

266 4064 340 4108 ex
387 4043 708 4111 Iuvenalis
754 4043 893 4109 loco
912 4090 928 4118 ,
977 4047 1088 4129 qui
1134 4045 1462 4109 invenitur
1508 4041 1643 4108 Sat.
1694 4041 1863 4106 XIII
1909 4062 1968 4106 v·
2025 4041 2106 4106 31
2160 4061 2251 4126 sq.

333 4319 384 4382 1)
439 4320 594 4369 Velut.
648 4320 748 4369 Alc.
799 4321 883 4370 lx.
937 4323 982 4369 4.
1039 4320 1216 4370 Chabr.
1253 4321 1349 4371 111.
1390 4322 1434 4370 3.
1471 4320 1687 4370 Timoth.
1732 4318 1831 4368 111.
1866 4321 1913 4367 4.
1954 4318 2096 4367 Phoc.
2139 4318 2205 4370 ll.
2248 4319 2295 4370 l.
2329 4322 2433 4371 Att.
2468 4321 2553 4373 lx.
2595 4326 2639 4376 ὅ.

277 4397 341 4448 lb.
377 4400 506 4452 xlv,
544 4402 590 4452 2.
628 4401 735 4453 alia.
