3192 5017
1316 247 1712 300 Amemus.
2620 223 2702 297 ¹71

308 423 577 493 diremit
637 444 834 510 quam
894 427 1110 490 nostra
1168 425 1377 489 aetate
1439 420 1878 510 westphaliae
1921 424 1989 488 in
2039 422 2224 490 docta
2267 419 2709 491 Grammatico

311 530 582 600 Graeca.

405 742 729 810 Continuo
773 741 1064 827 sequitur
1108 738 1285 827 Sept.
1333 739 1508 807 230:

825 845 1048 928 ἀνδρῶν
1094 845 1195 913 τά
1214 845 1266 913 δ’
1318 846 1411 917 ἐς)
1460 845 1722 930 σφάγια
1768 846 1875 913 καὶ
1922 848 2229 929 κρῆςῆρια

820 955 1037 1021 θεοῖσιν
1082 950 1317 1034 ἔρδειν.,

310 1062 435 1129 ubi
479 1059 888 1149 intelligam:
937 1085 976 1126 τ
996 1059 1096 1126 ιδ·
1144 1060 1260 1129 ιςι.

412 1271 647 1339 Itidem
693 1274 851 1339 satis
898 1275 996 1339 est
1041 1271 1325 1359 digitum
1374 1269 1700 1336 intendere
1747 1272 1817 1336 in
1861 1269 2035 1357 Sept.
2087 1269 2258 1337 254:

777 1378 983 1453 αὐτὴ
1030 1377 1108 1444 σὺ
1157 1377 1391 1449 δουλοῖς
1437 1376 1544 1442 καὶ
1593 1377 1662 1441 σε
1709 1375 1814 1441 καὶ
1864 1380 2080 1442 πᾶσαν
2126 1376 2322 1443 πόλιν.

314 1486 550 1556 Nonne
611 1485 859 1553 soloeca
922 1506 997 1553 ea
1057 1484 1258 1551 oratio
1332 1479 1468 1550 est?
1539 1482 1745 1550 Credo
1794 1484 2090 1571 equidem
2139 1493 2203 1552 et
2249 1487 2412 1552 vitio
2456 1486 2719 1553 fortasse

316 1594 565 1662 mederi
603 1593 955 1680 poterimus
988 1590 1317 1657 scribendo
1366 1591 1521 1656 αὐτ
1541 1590 1575 1665 ἦ
1596 1615 1627 1655 ν
1647 1641 1665 1665 ,
1708 1590 1818 1656 sed
1857 1590 2186 1657 sciendum
2233 1597 2329 1658 est
2375 1594 2443 1658 in
2489 1590 2718 1660 Codice

320 1700 490 1780 κάμὲ
536 1699 671 1788 legi
690 1748 708 1784 ,
757 1697 1309 1765 Wunderlichium
1358 1699 1700 1763 correxisse
1747 1697 1852 1762 καὶ
1903 1696 1994 1764 σέ.

418 1911 566 1978 Non
610 1909 799 1976 video
847 1928 972 1995 quo
1020 1910 1461 1993 conjunctivus
1507 1909 1825 1994 pertineat
1871 1911 1940 1974 in
1987 1909 2162 1976 hisce
2180 1957 2197 1990 ,
2250 1932 2340 1978 vs.
2388 1909 2554 1981 25¹7:

695 2019 765 2082 'E
785 2040 843 2081 τ.
892 2012 936 2080 ὦ
986 2021 1105 2081 Ζεῦ
1155 2021 1457 2093 γυναικῶν
1504 2009 1621 2080 οἷον
1669 2016 1928 2090 ὤπασας
1976 2017 2177 2095 γένος.

702 2136 828 2191 Χο.
875 2119 1237 2203 μοχθηρόν,
1285 2119 1486 2202 ὥσπερ
1534 2120 1760 2204 ἄνδρας
1809 2119 1901 2188 ὧν
1947 2123 2081 2204 ἁλῷ
2130 2123 2331 2196 πόλις.

329 2232 500 2314 Quid
547 2234 606 2297 si
651 2229 1011 2317 Aeschylus
1049 2230 1336 2315 scripsit:
1386 2227 1472 2303 ἣν
1520 2228 1654 2311 οὶλῷ
1703 2226 1929 2304 adam?

422 2442 731 2510 Precatur
774 2441 1002 2508 chorus
1050 2462 1146 2507 vs.
1199 2438 1361 2505 316:

1150 2546 1296 2628 πρὸς
1344 2543 1489 2613 ταδ’
1537 2542 1580 2610 ὦ
1628 2550 1948 2629 πολιοῦχοι

1155 2653 1307 2731 θεοί,
1356 2660 1513 2718 τοῖσι
1558 2651 1675 2728 μὲν
1723 2649 1836 2729 ἔξω

1149 2758 1399 2840 πύργων
1443 2757 1904 2840 ἀνδρολέτειραν

1154 2864 1356 2950 νόσον,
1404 2865 1702 2948 ῥίψοπλον
1750 2863 1914 2930 ἄταν

1155 2971 1547 3051 ἐμβαλόντες
1597 2968 1937 3050 ἄροισθε

1154 3078 1328 3150 κῦδος
1375 3079 1569 3149 τοῒςδε
1615 3078 1928 3150 πολίταις.

335 3189 460 3256 Sed
507 3190 578 3254 in
628 3187 919 3272 precibus
966 3184 1047 3252 ad
1093 3184 1241 3251 deos
1286 3186 1537 3250 utimur
1581 3185 1706 3248 nisi
1752 3182 1940 3249 fallor
1982 3186 2363 3270 imperativo
2418 3191 2608 3256 modo
2665 3197 2731 3258 et

334 3295 686 3383 praestabit
731 3293 1000 3360 scribere
1045 3288 1089 3356 ἄ
1107 3315 1136 3372 ρ
1156 3287 1386 3356 oco-82.
1484 3288 1722 3355 Contra
1768 3288 1848 3355 ad
1890 3290 2224 3369 mortales,
2278 3296 2388 3379 qui
2432 3297 2559 3381 ipsi
2602 3318 2727 3363 non

335 3415 486 3468 sunt
552 3421 704 3465 suae
747 3401 934 3465 sortis
980 3398 1238 3476 arbitri,
1288 3399 1355 3462 in
1404 3394 1898 3462 salutationibus
1943 3403 2009 3462 et
2052 3399 2121 3462 in
2167 3396 2732 3485 imprecationibus

335 3507 695 3595 plurimum
759 3506 1010 3570 utimur
1055 3505 1340 3589 optativo
1388 3500 1596 3567 mod0.
1692 3500 1893 3567 Juvat
1941 3505 2246 3587 quaedam
2295 3525 2374 3570 ex
2422 3506 2728 3595 Euripide

338 3612 634 3699 exempla
676 3631 1006 3697 apponere.
1053 3608 1159 3676 Sic
1198 3608 1480 3696 legimus
1526 3606 1944 3685 εὐδαιμονοίης
1989 3606 2246 3675 Heracl.
2287 3609 2438 3691 582,
2491 3614 2726 3682 Alcest.

342 3717 542 3804 1137,
592 3718 835 3784 Phoen.
886 3713 1061 3782 1086
1110 3719 1175 3782 et
1221 3714 1457 3781 Electr.
1506 3711 1678 3792 889,
1727 3712 1882 3779 ὄλοιο
1931 3712 2107 3779 Med.
2161 3714 2335 3782 1329
2373 3724 2439 3783 et
2480 3718 2731 3787 ὄναισθε

337 3824 557 3903 μύθων
627 3824 730 3889 καὶ
802 3819 1076 3903 γένοισθ’
1146 3820 1500 3898 εὐδαίμονες
1567 3819 1710 3906 Iph.
1783 3819 1976 3887 Taur.
2051 3818 2226 3889 1078
2298 3829 2364 3890 et
2429 3827 2732 3894 similiter

338 3932 572 3999 Helen.
623 3928 755 3996 646
804 3936 868 3997 et
921 3927 1117 3994 1418.
1164 3927 1339 3993 Hinc
1384 3931 1554 3992 recte
1591 3924 1770 3991 Med.
1814 3922 1980 3990 313:
2023 3929 2385 4008 νυμφεύετ’,
2427 3926 2497 3995 εὖ
2535 3932 2732 4014 προίσ-

338 4062 505 4105 σοιτε
567 4045 632 4104 et
692 4035 918 4123 Suppl.
967 4033 1181 4101 1182:
1226 4033 1364 4104 ἔςαι
1413 4032 1554 4099 ταδ’
1601 4031 1778 4098 ἄλλα
1825 4030 1930 4097 κα)
1977 4034 2052 4099 σὺ
2100 4040 2218 4100 τῶν
2263 4038 2464 4102 αὐτῶν
2512 4039 2729 4121 τύχοις

335 4152 404 4213 et
447 4145 636 4233 plane
680 4142 933 4209 infinita
978 4148 1074 4209 est
1122 4140 1355 4208 talium
1399 4139 1688 4206 locorum
1737 4140 1937 4224 copia.
2012 4138 2179 4220 Quia
2223 4149 2439 4209 autem
2488 4147 2732 4229 χαίρειν

336 4253 479 4319 τινα
543 4248 1037 4328 κελεύομεν,
1080 4255 1267 4330 χαῖρε
1314 4246 1524 4313 dicere
1571 4245 1856 4311 solemus
1902 4248 2294 4333 minimeque
2338 4252 2615 4332 χαίροις,
2664 4262 2730 4322 et

336 4359 547 4444 ἔρρωσο
572 4409 588 4437 ,
652 4359 800 4444 quia
848 4355 1075 4422 itidem
1122 4351 1419 4437 ἐρρῶσθαί
1465 4376 1605 4428 τινα
1653 4349 2098 4438 φράζομεν.
2150 4353 2508 4445 Vulgarem
2555 4360 2728 4432 locu..
