3192 5017
569 248 655 318 14
1649 273 1878 322 umus.

647 448 774 514 Pro
820 448 1056 512 credere
1098 448 1383 512 restituit
1429 451 1714 513 GAudere.

651 663 861 728 XXII.
916 660 1021 727 60.
1077 661 1196 727 153
1247 685 1381 728 sero
1423 687 1581 728 nunc
1618 666 1977 729 desideratis
2014 666 2316 729 deminuti
2336 666 2566 751 capite,
2591 665 2935 733 abalienato

556 774 690 836 iure
734 773 985 846 civium,
1033 772 1192 834 servi
1245 767 1846 856 Cartkaqiniensium
1874 771 2060 857 faeti.
2111 770 2331 835 Pretio
2366 772 2633 835 redituri
2664 775 2808 837 esti-3
2844 797 2932 852 eo,

555 879 718 942 unde
760 879 1008 962 ignavia
1053 902 1124 942 ae
1167 880 1442 964 nequitia
1487 875 1748 942 abistis?

644 983 977 1067 Expuncto
1034 987 1177 1048 estis
1228 985 1322 1048 ita
1381 984 1536 1050 haee
1599 983 1921 1049 distinxit:
1979 1021 2061 1032 ——
2110 987 2268 1049 servi
2332 982 2933 1070 Carthaqinieneium

540 1087 718 1176 sacti
733 1137 748 1168 ,
789 1093 997 1179 pretio
1044 1092 1310 1155 redituri
1351 1114 1418 1156 eo
1436 1140 1453 1174 ,
1502 1093 1662 1156 unde
1711 1128 1793 1139 —
1843 1091 2078 1156 abietis.

645 1303 908 1369 XXIII.
958 1302 999 1368 3
1049 1303 1125 1369 5:
1174 1308 1402 1393 quippe
1448 1318 1558 1369 aut
1610 1328 1748 1383 rex,
1801 1308 1968 1391 quod
2011 1305 2523 1384 abominandum,
2570 1320 2716 1385 aut,
2764 1313 2937 1395 quod

556 1436 749 1477 unum
797 1412 1018 1476 liberae
1062 1414 1328 1477 civitatis
1377 1411 1772 1498 [consilium]
1824 1425 1912 1476 est
1931 1460 1946 1489 ,
1995 1425 2240 1476 senatus
2285 1413 2592 1479 habendus
2636 1428 2744 1482 eet.

643 1517 866 1584 Deleto
913 1518 1230 1584 consilium
1276 1518 1399 1584 loci
1447 1520 1830 1584 sententiam
1876 1520 2180 1583 restituit.

642 1729 883 1796 XXIII.
935 1729 995 1794 3.
1049 1729 1168 1795 103
1207 1732 1424 1818 primo
1471 1731 1783 1795 silentium
1820 1742 1956 1795 erat
1993 1731 2206 1818 inopia
2237 1732 2507 1817 potioris
2539 1733 2929 1799 subiiciundi.

641 1834 969 1903 Correxit:
1032 1838 1413 1932 suffioiuncli‚
1476 1842 1549 1901 ut
1612 1838 1680 1901 in
1728 1838 1765 1922 ξ
1818 1839 1928 1901 123
1984 1860 2163 1924 quem
2209 1839 2277 1902 in
2320 1840 2448 1902 eius
2495 1839 2931 1906 substituerent

549 1944 746 2011 locum
792 1948 1004 2010 deesse.

639 2160 881 2227 XXIII.
933 2162 994 2226 4.
1048 2160 1123 2229 ’73
1189 2164 1259 2226 id
1316 2164 1498 2228 modo
1544 2175 1682 2227 erat
1727 2166 1793 2227 in
1838 2186 2051 2240 mora,
2100 2185 2174 2227 ne
2219 2162 2518 2250 extemplo
2565 2165 2922 2250 deficerent,

548 2272 715 2358 quod
758 2269 1122 2334 connubium
1169 2280 1471 2333 vetustum
1516 2269 1747 2333 multae
1781 2269 2076 2355 familias
2120 2269 2321 2332 clarae
2366 2292 2437 2332 ae
2472 2281 2751 2355 potentes
2787 2269 2926 2333 Ro-

545 2379 749 2441 manis
807 2378 1131 2440 miscuerat
1190 2388 1246 2439 et
1293 2377 1459 2461 quod
1504 2375 1737 2460 [quum
1783 2374 2136 2439 militarent
2183 2373 2427 2459 aliquot
2473 2374 2642 2460 apud
2687 2374 2925 2440 Roma·

543 2485 679 2568 nos]
702 2531 717 2560 ‚
779 2483 1124 2546 maximum
1171 2481 1476 2545 vinculum
1521 2494 1700 2546 eraNt
1744 2484 1992 2545 trecenti
2034 2483 2260 2568 equites
2305 2481 2714 2546 nobili-seimus
2759 2483 2926 2567 quie-

544 2613 660 2677 que
713 2587 1179 2675 Campanorum
1197 2634 1212 2663 ‚
1260 2590 1325 2651 in
1363 2590 1691 2675 praesidia
1735 2586 2086 2652 Sicularum
2127 2588 2375 2652 urbium
2421 2589 2631 2652 delecti
2674 2588 2751 2652 ab
2790 2586 2923 2652 Ro-

543 2699 748 2761 manis
792 2707 851 2761 et
895 2696 1086 2759 missi.

632 2801 809 2867 Haeo
875 2800 970 2864 ita
1033 2802 1101 2863 in
1170 2802 1493 2886 integrum
1561 2800 1846 2864 restituit
1913 2799 2163 2864 sublato
2228 2799 2662 2865 additamento
2727 2823 2920 2886 quum

541 2909 882 2973 militarent
948 2909 1185 2995 aliquot
1248 2910 1421 2995 apud
1481 2907 1801 2972 Romanos
1820 2953 1836 2982 ‚
1902 2912 1972 2970 ut
2033 2907 2369 2971 scriberet:
2422 2942 2503 2954 --
2555 2908 2918 2984 miscuerat,

540 3028 599 3081 et
642 3018 810 3102 quod
852 3017 1197 3080 maoeimum
1242 3014 1547 3079 vinculum
1592 3031 1743 3077 erA'l*
1765 3060 1780 3089 ‚
1833 3015 2081 3077 trecenti
2122 3015 2348 3098 equites
2398 3050 2478 3059 -—
2530 3014 2721 3077 missi.

632 3230 891 3296 XXIII.
962 3231 1064 3295 17.
1135 3229 1251 3296 12:
1321 3243 1379 3296 et
1446 3235 1600 3296 satis
1650 3231 1858 3317 ferme
1918 3242 2310 3294 armatorum
2373 3229 2458 3292 ad
2521 3240 2651 3291 tam
2698 3229 2919 3310 eoeiyua

541 3356 783 3403 moenIA
827 3350 884 3402 et
916 3338 1183 3425 flumine
1232 3338 1431 3402 altera
1468 3350 1657 3424 parte
1702 3340 1896 3402 cineta
1945 3338 2169 3401 tuenda
2217 3345 2371 3398 erat.

632 3443 1048 3510 Emendavit:
1097 3447 1416 3509 moeniBUS
1459 3455 1519 3509 et
1550 3444 1838 3532 flumine.

631 3653 871 3719 XXIV.
941 3653 1026 3721 37
1096 3655 1162 3718 13
1223 3655 1544 3742 praesidia
1590 3651 1882 3717 Romana
1928 3670 2052 3717 αυτ
2091 3653 2478 3741 pellebantur
2521 3654 2762 3718 arcibus
2807 3667 2919 3718 aut

532 3764 795 3851 prodita
838 3786 952 3850 per
987 3763 1292 3850 fraudem
1341 3761 1873 3848 opprimebantur.

630 3867 999 3955 Supplevit:
1047 3881 1160 3932 aut
1202 3886 1272 3932 Ἦ
1308 3867 1715 3955 pellebantur,

625 3975 918 4041 Eundem
965 3996 1239 4041 errorem
1287 3972 1548 4040 sustulit
1595 3973 1752 4038 ibid.
1805 3973 1841 4057 ἓ
1897 3972 2014 4037 103
2066 3997 2126 4038 se
2172 3996 2311 4039 vero
2357 3997 2577 4059 neyare
2621 3974 2718 4039 illi
2763 3976 2911 4037 mis-

536 4106 714 4148 suros
762 4085 1087 4169 testarique
1133 4085 1189 4146 si
1234 4082 1427 4146 verbis
1471 4080 1630 4145 nibil
1675 4092 1921 4165 aqerent
1967 4083 2308 4145 wudu-tam
2348 4081 2626 4167 aliquam
2668 4081 2910 4145 liberta-

540 4191 618 4253 tis
664 4212 808 4254 suae
862 4192 1264 4276 quaesituro-3.

626 4293 766 4360 Imo
814 4316 997 4362 vero:
1046 4313 1114 4361 vl
1160 4297 1492 4360 vindictam
1538 4294 1818 4384 aliquam
1864 4297 1982 4358 cet.
