3192 5017
1316 317 1539 365 navos,
1756 271 1775 280 ⁹
2495 294 2624 364 307

350 488 458 557 Sed
519 511 636 556 non
699 510 834 555 esse
897 488 1130 574 Nepoti
1197 489 1579 554 credendum
1646 493 1711 554 et
1756 489 1922 556 unde
1970 488 2126 554 haec
2173 490 2384 556 omnis
2432 512 2623 553 κατε-

271 598 552 677 ψευσμένη
627 597 819 672 ἱςορία
884 601 1033 662 nata
1089 599 1176 659 sit
1238 594 1580 681 diligenter
1646 593 2041 660 ostendimus
2095 595 2163 658 in
2213 593 2628 662 Mmmosnm

276 703 442 770 1881.
493 725 638 792 pag.
691 701 777 768 53
825 723 957 788 sqq.

355 917 723 984 Themistocl.
793 915 878 981 11.
947 912 1023 980 3:
1095 917 1160 982 in
1231 938 1350 1006 quo
1410 938 1548 978 cum
1611 915 1845 980 divitiis
1906 931 2180 980 oRNAvl‘r
2246 923 2377 980 tum
2438 917 2625 982 etiam

262 1027 646 1113 peritissimos
691 1023 830 1087 belli
874 1023 1116 1087 navalis
1152 1023 1309 1109 fecit
1354 1020 1774 1090 Athenienses.

339 1130 467 1196 Has
529 1149 651 1215 ego
709 1128 969 1194 divitias
1034 1128 1533 1196 Atheniensibus
1579 1131 1725 1192 usui
1768 1129 1979 1216 magis
2026 1150 2215 1214 quam
2268 1140 2625 1194 ornamento

263 1239 508 1303 arbitror
553 1237 779 1302 fuisse:
831 1236 1048 1319 itaque
1098 1235 1544 1323 corrigendum
1595 1255 1727 1300 esse
1776 1242 1932 1320 puto
1979 1239 2214 1301 divitiis
2267 1252 2621 1308 ommAvrr,

263 1345 318 1408 id
358 1348 449 1409 est
494 1364 621 1409 uno
666 1344 860 1410 verbo
906 1344 1311 1431 locupletavit.

340 1449 489 1530 Quis
534 1452 738 1516 nescit
782 1452 848 1514 in
898 1448 1081 1514 libris
1129 1466 1378 1514 omnen
1427 1455 1492 1514 et
1539 1466 1833 1515 omnum
1881 1453 2119 1536 passim
2166 1454 2332 1516 iuter
2378 1471 2444 1516 se
2483 1470 2627 1515 con-

260 1554 463 1622 fundi?
531 1556 607 1624 In
677 1555 1032 1626 Hannibale
1093 1555 1201 1620 111.
1270 1556 1330 1619 4.
1400 1555 1696 1624 meliores
1756 1555 1906 1624 libri
1973 1564 2226 1624 servant
2271 1557 2627 1648 elephantus

255 1679 559 1739 otmarus,
612 1662 781 1749 quod
826 1683 1050 1729 verum
1100 1667 1237 1740 est,
1292 1662 1634 1728 deteriores
1684 1662 2040 1750 elephantus
2089 1677 2442 1728 omnemne.

347 1874 631 1940 Themist.
683 1873 818 1939 VII.
873 1875 947 1942 5:
996 1898 1145 1940 uam
1193 1874 1444 1938 illorum
1490 1875 1701 1938 urbem
1755 1875 1880 1960 [ut]
1924 1877 2465 1962 propuynaculum
2513 1900 2626 1965 op·-

251 1984 519 2068 positum
579 2004 700 2047 esse
764 1982 1083 2058 barbaris,
1145 1983 1320 2068 apud
1363 2004 1552 2067 quam
1600 1983 1728 2046 iam
1776 1981 1866 2046 bis
1913 1981 2127 2046 classes
2174 1985 2375 2068 re9ias
2411 1985 2631 2069 fecisse

255 2089 669 2175 naufragium.

335 2193 629 2261 Primum
683 2194 1034 2260 tollendum
1087 2211 1195 2272 u‘r;
1247 2216 1367 2260 nou
1418 2195 1590 2259 enim
1640 2197 2028 2279 comparatio
2074 2194 2471 2272 instituitur.
2520 2199 2629 2263 sed

254 2307 378 2365 erat
422 2320 642 2366 revera
682 2301 832 2366 urbs
870 2303 1122 2366 munita
1163 2288 1717 2388 propugnaculum
1760 2302 2237 2388 (προτείχισμα)
2264 2307 2626 2390 oppositum

254 2405 546 2478 barbaris.

334 2511 578 2582 Deinde
641 2513 789 2580 vide
860 2533 1050 2598 quam
1124 2512 1282 2580 falso
1353 2513 1648 2580 dicantur
1709 2515 1924 2582 classes
1986 2517 2199 2601 regiae
2256 2517 2353 2581 bis
2408 2516 2629 2583 fecisse

254 2621 676 2707 naufragium.
777 2618 962 2686 Datis
1049 2622 1218 2685 enim
1292 2619 1458 2704 apud
1531 2618 1978 2688 Marathonem
2049 2621 2327 2706 pedestri
2388 2622 2629 2706 proelio

254 2727 453 2792 victus
513 2725 778 2792 classem
839 2746 984 2791 cum
1049 2727 1322 2810 captivis
1389 2746 1463 2790 ex
1531 2724 1781 2791 Eretria
1834 2725 2194 2794 salvamet
2238 2727 2628 2793 incolumem

251 2833 310 2895 in
369 2834 592 2900 Asiam
652 2831 926 2897 reduxit.
1023 2831 1311 2897 Multum
1367 2833 1571 2919 igitur
1619 2832 1783 2896 mihi
1831 2833 2147 2898 arridebat
2194 2832 2628 2917 Peerlkampii

253 2937 634 3020 emendatio,
683 2958 809 3022 qua
854 2939 1060 3003 omnis
1106 2936 1445 3002 difficultas
1488 2945 1888 3003 removetur:
1932 2942 2107 3027 apud
2145 2964 2334 3026 quam
2370 2942 2498 3004 iam
2538 2941 2628 3005 bis

253 3057 402 3112 OPRS
467 3046 667 3130 reyias
725 3044 946 3130 secisse
1007 3044 1440 3130 naufrayium.
1543 3042 1703 3131 Opes
1770 3045 1940 3114 enim
2003 3053 2066 3110 et
2129 3046 2297 3130 apud
2361 3044 2519 3112 alios
2566 3051 2631 3109 et

251 3167 427 3234 saepe
491 3149 661 3234 apud
731 3147 1044 3233 Nepotem
1115 3150 1352 3214 dicitur
1415 3148 1491 3214 de
1555 3152 1752 3234 copiis
1800 3155 1933 3214 tam
1984 3151 2387 3218 terrestribus
2434 3171 2627 3234 quam

252 3253 593 3322 navalibus.
659 3254 739 3320 cf.
815 3252 1045 3322 Conon.
1113 3253 1217 3320 IV.
1270 3252 1340 3320 3:
1409 3278 1557 3320 nam
1617 3257 1828 3320 ducem
1879 3257 2121 3343 sortem
2166 3268 2225 3320 et
2259 3258 2630 3344 prudentem

255 3362 428 3445 reqiis
473 3362 689 3448 opibus
727 3360 1201 3447 praefuturum.
1254 3364 1318 3423 et
1362 3361 1428 3424 in
1470 3359 1678 3428 Dione
1718 3360 1792 3426 V.
1833 3362 1906 3427 2:
1947 3363 2286 3426 multorum
2321 3386 2630 3428 annorum

255 3468 528 3550 tyrannis
587 3490 960 3551 magnarum
1017 3489 1205 3553 opum
1259 3467 1608 3554 putabatur
1630 3513 1645 3543 ‚
1708 3468 1876 3551 quod
1923 3472 2065 3554 post
2113 3488 2314 3553 pauca
2358 3468 2629 3533 dicitur:

253 3573 573 3658 imperium
617 3574 928 3640 munitum
974 3574 1319 3658 quinyentis
1366 3572 1562 3657 lonyis
1606 3574 1863 3640 navibus
1882 3620 1898 3651 ,
1947 3577 2144 3639 decem
2190 3576 2465 3660 equitum
2501 3599 2629 3640 cen-

255 3690 493 3765 tumque
528 3681 814 3767 peditum
861 3678 1150 3746 millibus.
2490 3759 2495 3763 ⁸

339 3784 766 3871 Naufraqium
804 3785 1046 3871 facere,
1100 3791 1174 3848 ut
1222 3782 1457 3850 Graece
1500 3793 1826 3862 ναυαγεῖν,
1872 3785 2170 3851 dicuntur
2208 3789 2315 3874 qui
2364 3808 2626 3875 gravem

258 3888 529 3977 aliquam
575 3890 826 3958 cladem
875 3892 1194 3975 accipiunt
1243 3896 1355 3955 aut
1401 3910 1634 3979 magno
1683 3890 1897 3978 aliquo
1942 3893 2288 3959 infortunio
2344 3899 2631 3958 mactan-

259 4003 371 4067 tur.
463 3996 571 4066 Sic
648 3999 862 4063 omnia
930 3996 1168 4063 habent
1237 3998 1477 4082 optime
1539 4002 1603 4062 et
1661 3998 2017 4064 rectissime
2080 3998 2377 4064 dicuntur
2434 4002 2633 4084 reyiae

257 4108 449 4192 copiae
503 4110 832 4172 terrestres
895 4124 967 4168 ao
1027 4104 1284 4168 navales
1336 4103 1436 4168 bis
1481 4103 1937 4191 gravissimam
1985 4102 2233 4170 cladem
2284 4106 2630 4190 accepisse,

259 4215 568 4276 terrestres
614 4209 694 4275 ad
741 4208 1227 4286 Marathonem,
1278 4207 1496 4275 classis
1544 4209 1713 4294 apud
1760 4208 2175 4276 Salaminem.

341 4317 742 4404 Quamquam
814 4323 1032 4384 autem
1097 4332 1253 4384 orne
1323 4317 1400 4384 ab
1463 4315 1648 4379 initio
1698 4315 1980 4384 multum
2026 4315 2376 4394 arridebat,
2420 4322 2631 4384 tamen
