3192 5017
561 235 648 302 82
1625 258 1856 306 comer.

560 423 713 501 ξύει.
764 424 993 491 Suidas
1040 435 1426 505 τρυγονῶσα·
1479 430 1728 508 ἡσύχως
1776 439 2000 496 κνῶσα.
2047 431 2236 515 Apud
2286 431 2692 518 Hesychium
2736 433 2940 519 igitur

558 532 676 597 sub
726 532 937 611 κρίνειν
987 534 1146 599 latet
1193 542 1304 599 aut
1352 539 1547 598 κνᾶν
1599 536 1719 620 (ita
1765 540 2082 620 aequiores
2118 558 2230 622 pro
2272 539 2465 625 κνῆν),
2496 538 2933 617 αυικνύειν,

560 637 640 703 cl.
688 637 855 703 Eccl.
911 638 996 703 36
1044 641 1433 732 τὸῠκνῦμα
1479 664 1584 706 σου
1636 647 1752 707 τῶν
1800 641 2143 708 δακτύλων.

648 849 819 916 Eccl.
874 849 1002 916 153

965 962 1066 1023 νῦν
1113 957 1166 1022 δ’
1214 961 1321 1023 οὐκ
1368 958 1566 1035 ἐάσω,
1618 959 1788 1023 κατά
1836 984 1916 1036 γε
1966 961 2075 1034 τὴν
2125 960 2315 1037 ἐμὴν,
2367 960 2520 1038 μίαν

964 1064 1025 1127 ἐν
1070 1072 1194 1134 τοῖς
1236 1065 1627 1139 καπηλείοισι
1678 1065 1946 1137 λάκκους
1997 1067 2291 1142 ἐμποιεῖν.

554 1169 697 1235 Non
762 1170 898 1235 vidi
955 1170 1367 1235 infeliciorem
1437 1174 1865 1237 coniecturam
1935 1194 2127 1258 quam
2180 1170 2508 1259 B'aydesii
2555 1173 2934 1256 suspicantis

556 1275 725 1338 κατά
788 1298 867 1353 γε
916 1276 1026 1350 τὴν
1074 1276 1226 1350 ἐμὴν
1274 1280 1467 1352 μιᾶς
1495 1324 1510 1351 ,
1563 1297 1688 1361 quo
1738 1278 2003 1343 dicendo
2050 1279 2287 1343 mulier
2333 1298 2586 1342 ornnem
2636 1279 2936 1343 orationis

552 1401 702 1445 suae
762 1383 896 1447 vim
959 1381 1273 1466 fregisset.
1367 1381 1588 1465 Neque
1651 1383 2000 1448 audiendus
2063 1389 2159 1448 est
2218 1383 2578 1448 Meinekius
2625 1383 2938 1447 coniciens

555 1485 790 1550 Μίκαν.
856 1485 1196 1552 Manifesto
1258 1489 1424 1551 enim
1489 1487 1726 1553 mulier
1771 1495 1980 1554 orator
2026 1488 2238 1575 legem
2281 1490 2524 1565 suadet,
2572 1509 2692 1554 non
2741 1490 2937 1573 privi-

549 1592 819 1680 legium.
913 1591 1150 1657 Contra
1212 1591 1379 1657 nihil
1441 1593 1628 1659 video
1676 1598 1888 1679 aptius
1935 1614 2125 1679 quam
2177 1594 2340 1678 ἔτι,
2389 1616 2549 1679 quae
2597 1594 2796 1660 altera
2840 1601 2937 1659 est

551 1697 870 1785 Blaydesii
920 1699 1299 1763 coniectura.

640 1909 811 1975 Eccl.
864 1908 993 1975 145

967 2017 1033 2088 νὴ
1085 2015 1187 2080 τὸν
1233 2014 1343 2080 Δί’
1395 2014 1430 2090 ἦ
1476 2042 1576 2095 μοι
1627 2020 1714 2095 μὴ
1762 2024 2098 2096 γενειᾶν
2144 2028 2412 2096 κρεῖττον
2459 2016 2545 2092 ἦν.

551 2121 822 2186 Subesse
868 2119 1123 2186 videtur
1167 2122 1506 2186 verborum
1556 2121 1751 2187 lusus.
1804 2124 1988 2190 Ultro
2035 2125 2203 2189 enim
2242 2127 2610 2209 spectatoris
2648 2133 2931 2192 mentem

547 2229 702 2294 haec
764 2227 1080 2291 audientis
1139 2228 1351 2291 subire
1411 2228 1679 2293 debebat
1740 2234 2046 2295 memoria
2110 2234 2388 2317 tragicae
2416 2231 2933 2304 ,exclamationis

549 2330 586 2407 ἦ
629 2356 731 2411 μοι
778 2335 866 2410 μὴ
916 2331 1297 2409 γενέσθαι
1346 2342 1617 2411 κρεῖττον
1666 2330 1754 2407 ἦν.

640 2543 813 2610 ΕοοΙ.
862 2542 996 2609 252

1837 2652 2051 2718 Ἀλλὰ
2098 2653 2204 2718 καὶ
2255 2654 2340 2719 τά
2388 2654 2660 2734 τρύβλια

816 2763 1077 2828 κακῶς
1126 2758 1528 2837 κεραμεύειν,
1579 2762 1688 2835 τὴν
1739 2759 1801 2823 δὲ
1850 2760 2028 2824 πόλιν
2082 2757 2174 2844 [εὖ
2221 2759 2357 2844 καὶ]
2411 2767 2699 2833 καλῶς.

544 2866 688 2931 Non
752 2872 847 2930 est
904 2864 1098 2937 haec,
1147 2868 1223 2928 ut
1271 2885 1404 2929 esse
1451 2865 1788 2941 debuerat,
1839 2869 2104 2932 oratoris
2151 2868 2574 2951 vituperatio,
2625 2868 2735 2933 sed
2798 2869 2929 2934 lau·

541 2972 733 3037 datio.
830 2969 974 3034 Non
1041 2975 1255 3034 autem
1324 2977 1561 3035 temere
1624 2972 1816 3035 verba
1878 2968 1945 3035 εὖ
2010 2971 2115 3035 καὶ
2170 2973 2389 3037 omisit
2436 2975 2721 3057 optimus
2770 2973 2931 3039 liber

543 3074 893 3142 Ravennae.
947 3074 1196 3154 Quibus
1245 3075 1502 3152 deletis,
1554 3079 1971 3142 correxerim:

689 3183 700 3192 ’
1880 3183 2090 3247 Ἀλλά
2141 3185 2245 3247 καὶ
2296 3184 2382 3247 τά
2430 3184 2706 3263 τρύβλια

810 3292 1011 3359 κακῶς
1065 3288 1458 3371 κεραμεύειν,
1507 3291 1616 3364 τὴν
1668 3289 1730 3352 δὲ
1779 3289 1957 3353 πόλιν
2006 3291 2267 3362 κακῶς
2322 3290 2687 3369 <πάνυ>.

535 3393 775 3459 Mabum
821 3394 1186 3480 Praxagora
1233 3391 1590 3478 Cephalum
1639 3396 1796 3460 dicit
1827 3400 2120 3478 fiqulum,
2166 3396 2423 3478 peiorem
2457 3398 2798 3480 politicum.

630 3599 804 3668 Eccl.
856 3600 1008 3666 501.

2206 3713 2356 3777 άλλ’
2404 3713 2656 3792 ἐπείγου

722 3811 955 3882 ἅπασα
1002 3813 1107 3877 καὶ
1154 3815 1322 3889 μίσει
1373 3808 1561 3879 σάκον
1610 3819 1752 3894 πρὸς
1802 3824 1928 3880 τοῖν
1975 3815 2233 3895 γνάθοιν
2283 3816 2520 3898 ἔχουσα

713 3919 959 4001 χαῦται
1013 3920 1138 3998 γὰρ
1190 3918 1425 3995 ἥκουσιν
1478 3921 1744 3985 πάλαι
1794 3924 1863 3985 τὸ
1920 3932 2148 4002 σχῆμα
2198 3922 2417 3990 τοῦτ’
2467 3924 2835 4005 ἔχουσαι.

539 4029 771 4097 Gravis
860 4026 1249 4110 corruptela,
1324 4028 1469 4092 inde
1543 4035 1690 4092 nata
1765 4030 1931 4111 quod
2004 4029 2249 4094 librarii
2323 4032 2655 4096 evanidam
2730 4055 2929 4117 paene

535 4137 915 4219 scripturam
982 4139 1327 4217 utcumque
1391 4141 1832 4214 correxerunt,
1883 4135 2116 4200 ultima
2165 4139 2355 4201 verba
2403 4140 2706 4203 invasisse
2758 4140 2928 4206 vide-

538 4250 661 4308 tur.
758 4240 956 4304 Recte
1017 4239 1272 4323 quidem
1337 4241 1530 4304 πάλιν
1596 4262 1705 4323 pro
1769 4233 1971 4306 πάλαι
2022 4244 2358 4326 reponebat
2408 4242 2766 4332 Dobraeus‚
2816 4246 2926 4311 sed

531 4347 701 4434 quod
765 4345 939 4411 idem
1002 4344 1189 4410 ταῦτ’
1238 4347 1490 4413 restitui
1535 4349 1728 4412 iussit
1776 4368 1886 4430 pro
1934 4350 2129 4425 τοῦτ’,
2179 4368 2253 4414 ea
2300 4350 2505 4415 forma
2552 4352 2925 4438 Aristopha-
