3192 5017
636 260 770 327 236
1663 282 1994 330 armanus.

635 472 783 517 nere
828 454 1011 539 inops
1058 455 1271 542 magis
1318 474 1511 540 quam
1557 456 1850 540 copiosus
1886 462 1954 520 et
1993 455 2264 520 minime
2303 458 2584 519 sectatur
2621 454 2738 527 τὴν
2773 450 2993 516 καλλιέ-

636 581 819 623 πειαν
878 560 1231 626 multorum
1292 561 1646 649 naufragiis
1703 562 2008 626 infamem
2069 559 2426 646 scopulum.
2518 556 2872 625 Contentus
2919 564 2994 621 αἱ

634 665 847 731 verbis
906 665 1305 755 pervulgatis
1365 674 1431 733 et
1489 670 1583 732 ita
1644 668 1867 733 scribit
1927 676 2002 731 ut
2061 670 2199 753 ipse
2260 673 2326 732 et
2373 664 2667 750 aequales
2716 665 2996 741 doctiores

633 770 1075 857 loquebantur.
1168 773 1311 840 Non
1360 776 1527 840 vitat
1572 776 1873 840 vitiosam
1925 773 2110 860 vulgi
2157 773 2469 847 συνήθειαν
2518 778 2583 837 et
2621 772 2856 836 horum
2891 770 2996 833 foec

634 878 991 944 incuriosus
1051 899 1125 944 ac
1187 877 1524 969 negligens
1585 900 2061 965 nonnumquam
2125 882 2192 944 in
2255 876 2558 943 mirificos
2605 898 2852 942 errores
2891 895 2999 939 sese

633 983 865 1049 induit.
960 987 1243 1051 Auxerat
1261 1035 1279 1069 ‚
1351 992 1426 1051 ut
1494 985 1730 1051 eruditi
1800 1006 2052 1069 omnes,
2122 984 2372 1050 dicendi
2439 986 2693 1069 copiam
2777 981 3000 1048 assidua

636 1088 909 1156 lectione
976 1090 1289 1157 Veterum
1308 1141 1326 1176 ,
1391 1096 1456 1158 et
1516 1111 1702 1177 saepe
1769 1090 2044 1177 pellucet
2102 1089 2502 1176 Thucydidis
2556 1090 2759 1155 dictio
2775 1135 2794 1166 ‚
2845 1106 3002 1171 saepe

638 1194 1127 1269 Demosthenis,
1174 1199 1544 1282 saepissime
1591 1200 1880 1263 omnium
1927 1197 2312 1263 Herodotea.
2409 1196 2554 1262 Non
2597 1195 2832 1280 putide
2873 1194 3004 1259 haee

634 1308 703 1367 et
760 1300 1093 1387 pueriliter
1158 1305 1454 1369 imitatur
1499 1304 1609 1369 sed
1658 1324 1818 1388 quae
1861 1303 2056 1391 longo
2100 1324 2222 1368 usu
2267 1303 2611 1368 imbiberat
2656 1304 2876 1367 utitur
2915 1318 3006 1384 pro

632 1428 785 1474 suis.

730 1518 1007 1602 Appiani
1069 1520 1133 1582 in
1196 1516 1446 1582 dicendi
1505 1536 1628 1581 usu
1689 1537 1928 1582 errores
1971 1516 2217 1602 aliquot
2261 1536 2454 1601 supra
2498 1515 3009 1581 commemoravi-

639 1643 824 1701 mm,
885 1622 1063 1703 ὄφλω
1122 1643 1235 1708 pro
1283 1623 1514 1703 ὀφείλω
1538 1671 1555 1700 ,
1605 1622 1994 1699 δεδισοίμενος
2042 1643 2156 1708 pro
2201 1623 2498 1701 Φοβηθείς
2545 1628 2612 1688 et
2655 1621 2808 1686 sim.
2905 1619 3009 1684 His

640 1748 874 1815 paucos
923 1730 1080 1796 alios
1126 1730 1453 1795 addamus.
1502 1728 1826 1795 Lubenter
1872 1731 2079 1794 utitur
2125 1729 2323 1795 forma
2371 1734 2691 1793 contracta
2738 1726 3006 1805 προῦχει.

639 1836 970 1916 προῦχειν,
1040 1834 1359 1918 προῦχων,
1431 1836 1540 1901 sed
1604 1835 1682 1900 de
1742 1854 1857 1901 suo
1917 1833 2102 1900 finxit
2165 1835 2509 1900 absurdum
2569 1834 3008 1918 imperfectum
3111 1830 3112 1837 '

637 1936 903 2025 προῦχον
923 1990 940 2020 ,
1004 1938 1237 2023 προῦχε
1301 1962 1415 2027 pro
1476 1948 1760 2022 προεῖχον
1787 1992 1802 2017 ,
1852 1949 2125 2023 προεῖχε.
2175 1948 2250 2006 ut
2296 1962 2443 2028 pag.
2494 1939 2626 2005 646
2676 1937 2731 2025 ¹)
2783 1938 3002 2020 προῦχε

639 2048 765 2127 γὰρ
824 2048 1054 2132 ἡλικίᾳ.
1119 2069 1267 2135 pag.
1318 2046 1474 2113 882.
1539 2045 1804 2127 προῦχεν
1868 2050 1930 2112 ἐν
1994 2049 2153 2128 αὐτῇ
2215 2047 2301 2113 τοὶ
2350 2048 2714 2125 Πομπηΐου,
2765 2054 2840 2112 et
2885 2045 3009 2111 aliis

635 2151 814 2220 locis.

731 2259 787 2326 E
848 2260 1042 2328 verbo
1089 2260 1369 2339 πήγννμι
1416 2260 1494 2326 de
1542 2280 1658 2325 suo
1704 2258 1889 2325 finxit
1935 2263 2241 2326 aoristum
2288 2261 2562 2339 ἐπήχθην
2613 2278 2729 2344 pro
2775 2260 3009 2337 exam

638 2388 783 2454 pag.
852 2365 1005 2431 645.
1081 2366 1268 2445 βῆμα
1341 2366 1584 2448 ἐπήχθη
1649 2366 1858 2446 μέγα,
1922 2374 1989 2432 et
2047 2387 2195 2453 pag.
2260 2364 2417 2430 805.
2482 2367 3010 2446 καταπηχθέντων

631 2496 888 2553 ταυρων.

728 2580 1081 2660 Βοηδρομεῖν
1144 2580 1313 2666 quod
1373 2578 1695 2668 significat
1754 2602 2064 2645 occanere
2123 2582 2208 2644 ad
2264 2603 2423 2663 opem
2464 2581 2800 2665 ferendam
2851 2582 3012 2666 ponit

632 2706 746 2772 pro
806 2686 966 2765 βοοῖν
1028 2686 1132 2752 καὶ
1199 2684 1611 2766 κεκραγέναι,
1679 2685 1738 2750 Ῑ.
1798 2705 1948 2773 pag.
2012 2683 2161 2751 281.
2216 2685 2568 2764 ἐβοηδρόμει
2621 2724 2708 2735 -
2756 2683 3006 2752 ἅπαντα

635 2792 805 2876 ἔχειν
845 2794 1179 2876 α’σφαλῶς.
1226 2799 1292 2859 et
1337 2791 1418 2857 II.
1470 2791 1623 2858 340.
1675 2790 2029 2874 ἐβοηδρόμει
2075 2830 2157 2841 -
2197 2793 2479 2870 τύραννον
2526 2793 2771 2858 ἀνελεῖν
2813 2815 3008 2874 naq-a

630 2922 764 2966 voce
808 2901 1100 2965 clamabat
1148 2907 1465 2985 &annum
1513 2920 1639 2962 sese
1682 2898 1982 2963 occidisse.

720 3005 945 3072 Utitur
1000 3009 1219 3092 paucis
1284 3005 1495 3071 verbis
1553 3006 1820 3090 poeticis
1880 3010 1945 3069 et
2015 3005 2232 3090 Epicis
2295 2968 2370 3071 ut
2413 3027 2560 3095 pag.
2610 3006 2764 3073 455.
2813 3022 3007 3088 χαλε-

629 3111 931 3191 πτόμενος
1002 3133 1116 3198 pro
1185 3111 1592 3193 χαλεπαίνων
1664 3115 1729 3175 et
1795 3113 2043 3195 saepius
2111 3112 2601 3193 χαλεψάμενος,
2661 3136 2808 3202 pag.
2863 3111 3007 3181 270.

629 3220 821 3285 δαῖτα
885 3217 1221 3299 ἐπόρσυνον.
1271 3238 1418 3306 pag.
1468 3213 1624 3283 287.
1673 3215 2032 3302 ἐδαίσαντο,
2081 3238 2226 3305 pag.
2276 3216 2429 3283 286.
2480 3218 2778 3294 διεσκίδνη
2806 3270 2823 3295 ,
2871 3240 3005 3305 pag.

628 3324 757 3391 821
827 3325 1257 3405 πολυγλώχινι
1305 3328 1409 3408 (ex
1456 3324 1802 3389 Homerico
1847 3325 1912 3401 ἱῷ
1960 3326 2385 3409 τριγλώχινι),
2433 3326 2667 3409 quibus
2715 3326 3008 3393 admiscet

628 3432 707 3498 de
753 3451 929 3497 more
975 3429 1287 3499 vocabula
1332 3429 1580 3516 plebeia
1622 3435 1689 3495 et
1735 3428 2024 3507 sordida,
2073 3438 2148 3493 ut
2191 3451 2339 3517 pag.
2377 3428 2532 3495 637.
2574 3432 3006 3514 ἀφιπτάμενος

631 3545 695 3604 et
741 3558 928 3623 saepe
973 3536 1129 3604 alibi
1176 3534 1513 3614 ἵπτασθαι,
1562 3536 2024 3613 μεθίπτασθαι,
2071 3557 2217 3602 cum
2259 3538 2492 3603 aoristo
2531 3546 2784 3616 οιτῆναι,
2811 3537 3006 3618 trois,

630 3649 695 3710 et
740 3643 1097 3723 ὅλιγῶτερος
1146 3663 1259 3728 pro
1307 3642 1583 3707 ἐλάττων
1635 3647 1701 3708 et
1747 3644 1890 3707 sim.

721 3748 848 3816 Sed
894 3749 1084 3837 longe
1131 3748 1413 3836 plurima
1460 3749 1655 3814 habet
1701 3749 2088 3815 Herodotea.
2182 3750 2308 3817 Pro
2356 3753 2562 3835 αὐτῷ,
2613 3757 2854 3836 αὐτοῖς,
2903 3754 3004 3817 αὖ·

624 3865 791 3935 τοῖς,
839 3854 1064 3927 αὐτούς
1118 3854 1276 3920 dicit
1321 3850 1382 3920 οἶ
1421 3855 1553 3940 (οἱ),
1603 3855 1826 3935 σφίσι,
1879 3862 2075 3935 σφοῖς.
2125 3876 2271 3945 pag.
2323 3856 2430 3921 41.
2473 3859 2502 3923 ὃ
2541 3859 2669 3938 γάρ
2708 3862 2762 3925 οἱ
2797 3859 3002 3933 συνείρ-

559 3978 565 3983 ’
626 3989 758 4050 χων
829 3964 895 4028 οὐ
960 3960 1253 4026 συνέθετο.
1305 3982 1450 4049 pag.
1513 3959 1663 4027 198.
1712 3962 1823 4026 καί
1867 3963 1921 4026 οἱ
1973 4000 2054 4010 -—
2109 3961 2328 4028 εἴκοσιν
2379 3964 2686 4044 ὑπηρέτας
2737 3965 2999 4043 ἔδωκαν,

627 4081 683 4140 et
728 4088 795 4138 131
847 4069 1069 4151 leqatoae
1116 4066 1236 4133 XX
1284 4068 1671 4133 affiderunt.
1721 4073 1786 4133 et
1825 4089 1971 4156 pag.
2016 4068 2123 4134 52.
2165 4074 2225 4133 ἐν
2262 4070 2490 4154 ἀπορίᾳ
2533 4076 2708 4149 σφᾶς
2733 4070 2996 4154 (αὐτοὺς)

628 4178 838 4246 ἐποίει.
886 4180 953 4241 et
1000 4177 1237 4260 passim
1285 4173 1460 4240 alibi.

696 4410 751 4479 1)
786 4407 1011 4460 Indicabo
1044 4407 1095 4457 in
1130 4408 1220 4458 hac
1254 4410 1391 4474 parte
1425 4404 1622 4472 paginas
1656 4422 1714 4455 ex
1749 4406 2150 4471 Schweighaussri
2184 4408 2392 4460 editione
2425 4408 2560 4460 Tem.
2599 4412 2640 4461 l.
2672 4414 2719 4458 et
2753 4408 2820 4458 11.
