3192 5017
612 299 744 367 258
1684 320 1924 370 menso,

618 494 685 557 vi
731 496 797 555 et
841 490 1046 555 isdem
1095 489 1289 555 armis
1333 491 1500 556 mihi
1547 495 1695 557 ante
1738 496 2169 560 occurratur.’'
2221 492 2329 559 Sic
2366 515 2446 560 ex
2481 494 2777 560 omnibus
2812 493 2983 559 libris

612 600 870 661 notatur
935 602 1181 681 praeter
1250 594 1737 680 Taurinensem,
1806 599 1872 662 in
1943 619 2067 683 quo
2138 598 2467 686 Peyronus
2528 600 2692 665 hanc
2751 601 2983 665 invenit

614 701 986 767 lectionem:
1051 718 1243 767 mus.
1305 719 1970 777 mmloum'uum.
2065 704 2144 770 In
2205 704 2470 791 reliquis
2527 704 2708 771 codd.
2759 703 2982 770 excidit

612 806 910 872 omnibus
973 825 1050 872 n:
1127 814 1233 890 „ut
1292 808 1513 871 distare
1572 808 1862 893 aliquid?
1955 808 2152 874 Aliud
2211 817 2669 898 argumentum
2740 812 2986 896 praebet

612 913 649 996 ξ
696 909 818 975 44:
889 915 1039 997 „qui
1099 932 1224 977 non
1269 912 1459 978 modo
1506 920 1579 978 ut
1626 914 1953 1000 fugerent,
2003 914 2112 979 sed
2160 918 2359 981 etiam
2405 918 2611 1001 ipsius
2658 916 2852 1003 fugae
2894 920 2986 980 tu·

612 1022 748 1082 tam
808 1019 982 1084 viam
1045 1019 1521 1103 quaesiverunt,
1585 1018 1688 1084 his
1748 1020 1848 1084 vis
1912 1019 2200 1086 adhibita
2243 1040 2370 1085 non
2417 1017 2783 1087 videbitur?
2829 1018 2985 1101 Quid

581 1124 811 1209 ⁴igitur
871 1121 1246 1210 fugiebant?
1292 1129 1546 1209 propter
1590 1129 1856 1189 metum.
1955 1122 2125 1204 Quid
2173 1122 2591 1191 metuebant?
2639 1129 2778 1192 vim
2820 1124 2982 1191 vide-

614 1227 785 1293 licet.
834 1229 1095 1293 Potestis
1142 1231 1347 1315 igitur
1392 1230 1704 1314 principia
1747 1249 1981 1316 negare
1999 1278 2017 1313 ‚
2064 1250 2214 1294 cum
2253 1235 2539 1296 extrema
2575 1226 2982 1296 conceditis?n

614 1332 804 1398 Nihil
870 1337 1082 1420 magis
1148 1332 1521 1398 Tullianum
1588 1354 1724 1399 esse
1791 1340 2001 1419 potest
2059 1355 2253 1420 quam
2314 1334 2478 1401 illud
2531 1341 2783 1420 potestis
2828 1332 2984 1420 quod

616 1436 1084 1518 Quinctilianus
1147 1438 1280 1503 VII.
1350 1437 1409 1502 3.
1477 1437 1563 1502 29
1628 1439 1904 1524 praebet.
1998 1439 2122 1505 Sed
2167 1461 2386 1507 omnes
2433 1439 2759 1508 Ciceronis
2805 1438 2981 1506 libri:

621 1549 962 1627 „potestatis
1005 1545 1210 1631 igitur
1253 1547 1566 1630 principia
1611 1564 1845 1631 negare
1880 1551 2132 1627 potestis
2180 1545 2387 1611 cum.’'
2433 1544 2850 1612 Manifestum
2897 1550 2984 1610 est

599 1649 856 1731 potestis
913 1651 982 1712 in
1044 1651 1331 1735 margine
1378 1649 1771 1734 adscriptum
1819 1649 1900 1715 ad
1945 1651 2391 1738 corrigendum
2423 1656 2744 1734 potestatis
2787 1649 2981 1716 alieno

612 1753 751 1820 loco
810 1757 1117 1819 insertum
1181 1775 1336 1819 esse.
1435 1754 1605 1819 Hinc
1670 1762 2019 1840 utrumque
2080 1757 2318 1822 mansit
2335 1805 2355 1841 ,
2405 1762 2471 1821 et
2516 1755 2768 1822 librarii
2815 1754 2982 1842 quasi

613 1862 849 1926 rimam
893 1860 1157 1925 tectorio
1201 1859 1585 1926 obducentes
1625 1860 1937 1943 potestatis
1980 1881 2125 1926 cum
2177 1866 2291 1925 vim
2338 1863 2684 1927 iunxerunt
2701 1907 2719 1938 ,
2757 1879 2982 1927 novam

612 1965 947 2052 periodum
997 1966 1076 2030 ab
1120 1966 1312 2046 iffitur
1354 1967 1780 2031 instituentes.
1867 1964 2089 2031 Minus
2133 1974 2381 2032 certum
2427 1965 2538 2032 md
2585 1971 2804 2031 tamen
2849 1984 2983 2031 con·

614 2069 1018 2136 siderandum
1063 2076 1255 2155 pute,
1296 2069 1462 2136 illud
1490 2071 1808 2153 potestatis
1843 2090 1878 2134 e
1918 2090 2114 2156 prava
2143 2069 2416 2137 lectione
2445 2071 2746 2154 poter-atie
2765 2076 2982 2136 natum

616 2196 786 2260 esse3
825 2181 1172 2260 utrumque
1227 2178 1396 2241 enim
1444 2195 1556 2260 per
1601 2175 2050 2260 compendium
2095 2176 2398 2242 scribitur
2436 2175 2689 2261 potatio,
2738 2196 2814 2242 eo
2860 2181 2984 2241 tsn-

615 2290 758 2347 tum
805 2281 1172 2347 discrimine
1209 2287 1318 2357 ut,
1364 2283 1419 2345 si
1447 2287 1746 2364 poteratis
1780 2279 2134 2368 significet,
2174 2282 2406 2348 habeat
2442 2280 2768 2369 virgulam
2808 2299 2983 2366 supra
3121 2314 3122 2325 κ

615 2411 654 2451 a
673 2434 689 2464 ,
737 2388 793 2451 si
826 2391 1145 2471 potestatis
1189 2389 1523 2471 punctum.
1569 2383 1753 2450 Unde
1798 2394 2284 2471 consequeretur
2328 2391 2404 2451 ut
2448 2387 2589 2452 fons
2633 2392 2980 2453 nostrorum
3120 2330 3122 2473 Α

612 2491 818 2575 MSS„
856 2494 925 2556 in
972 2510 1097 2576 quo
1141 2493 1268 2556 iam
1317 2490 1632 2556 scribendi
1671 2490 2046 2576 compendia
2082 2491 2337 2569 fuerint,
2378 2493 2468 2556 sit
2501 2493 2660 2557 satis
2682 2492 2980 2559 novicius.

701 2597 918 2686 Agam
983 2617 1152 2662 nunc
1220 2595 1298 2662 de
1365 2594 1609 2680 aliquot
1677 2594 1835 2663 locis
1853 2645 1872 2679 ,
1943 2617 2068 2663 non
2138 2596 2306 2682 quod
2365 2599 2480 2662 hos
2543 2602 2766 2681 putem
2827 2594 2981 2662 solos

613 2704 961 2770 medicinae
1007 2722 1192 2789 egere
1211 2748 1226 2777 ,
1276 2701 1385 2766 sed
1432 2703 1583 2785 quia
1628 2707 1801 2767 certa
1844 2705 1914 2767 in
1959 2701 2222 2787 reliquis
2265 2721 2390 2768 non
2436 2703 2742 2786 suppetit.
2822 2699 2980 2766 Nam

613 2830 836 2896 operae
898 2808 1177 2894 pretium
1241 2826 1366 2872 non
1431 2810 1529 2872 est
1578 2806 1648 2869 in
1694 2806 2081 2890 quibusdam
2126 2807 2504 2893 simpliciter
2549 2806 2907 2872 dissensum
2948 2824 2981 2869 s

614 2914 1044 3002 superioribus
1129 2912 1479 2977 editoribus
1558 2918 1799 2976 notare.
1890 2909 2111 2977 Veluti
2167 2912 2381 2978 locum
2445 2912 2522 2976 de
2591 2913 2860 2997 pecunia
2922 2909 2982 2974 in

612 3022 850 3087 iudicio
928 3017 1206 3083 Albiano
1276 3021 1526 3082 versata
1593 3016 1631 3099 ς
1692 3013 1780 3079 28
1849 3035 1974 3081 non
2043 3016 2207 3082 mihi
2275 3016 2532 3083 videtur
2599 3014 2981 3102 expedivisse
3117 3024 3118 3111 ᾖ

616 3124 934 3192 Kellerus.

707 3337 744 3420 §
789 3334 854 3400 2.
916 3333 1259 3418 Impudens
1316 3334 1385 3396 in
1447 3331 1686 3398 iudicio
1746 3337 1843 3397 est
1889 3333 2204 3398 Aebutius
2251 3338 2317 3398 et
2361 3332 2570 3399 audax
2587 3380 2607 3412 ‚
2659 3334 2825 3419 quod
2867 3353 2979 3399 non

618 3440 942 3506 dubitavit
983 3438 1236 3523 culpam
1283 3435 1567 3503 confiteri
1586 3486 1604 3521 ‚

712 3547 876 3630 ,nisi
935 3544 1098 3609 forte
1153 3544 1273 3609 hoc
1336 3544 1601 3608 rationis
1654 3541 1914 3608 habuit:
1980 3545 2279 3627 quoniam
2298 3590 2315 3620 ‚
2364 3544 2419 3608 si
2463 3543 2634 3610 facta
2682 3548 2782 3611 vis
2829 3549 2978 3611 esset

614 3650 903 3716 moribus
922 3697 938 3727 ,
1007 3642 1313 3734 superior
1358 3651 1427 3711 in
1496 3650 1883 3732 possessione
1945 3647 2272 3715 retinenda
2333 3669 2460 3714 non
2521 3649 2786 3729 fuisset,
2843 3652 2976 3735 quia

615 3762 833 3824 contra
876 3758 978 3819 ius
1024 3773 1394 3838 moremque
1439 3752 1609 3818 facta
1652 3755 1739 3818 sit
1757 3799 1773 3830 ,
1820 3755 1897 3818 A.
1919 3804 1924 3809 .
1948 3750 2287 3819 Caecinam
2334 3775 2486 3820 cum
2535 3758 2769 3822 amieis
2813 3760 2974 3821 metu

614 3861 1024 3949 perterritum
1086 3858 1474 3945 profugisse,
1537 3879 1703 3922 nunc
1761 3877 2010 3943 quoque
2068 3860 2137 3922 in
2195 3858 2435 3924 iudicio
2480 3862 2538 3924 si
2585 3881 2778 3928 causa
2818 3879 2976 3926 more

614 3970 1036 4050 institutoque
1098 3963 1390 4030 omnium
1451 3962 1854 4041 defendatur,
1922 3983 2035 4028 nos
2092 3963 2415 4030 inferiores
2459 3966 2528 4028 in
2576 3967 2822 4053 agendo
2863 3983 2974 4029 non

612 4075 894 4147 futuros,
963 4072 1060 4135 sin
1130 4090 1167 4135 a
1237 4068 1692 4135 consuetudine
1761 4067 2090 4133 recedatur
2106 4118 2124 4151 ‚
2194 4089 2261 4134 se
2277 4116 2292 4146 ,
2357 4090 2493 4154 quo
2554 4071 2974 4157 impudentius

615 4181 853 4265 egerit,
899 4176 1020 4240 hoc
1063 4177 1453 4259 superiorem
1501 4172 2000 4238 diser-„esurum”

696 4282 854 4347 Post
887 4280 1238 4365 profuqieso
1280 4278 1587 4343 excidisse
1638 4276 1893 4342 videtur
1941 4278 2129 4341 iactat
2174 4285 2288 4344 aut
2334 4280 2514 4344 videt.
2586 4279 2824 4346 Lenius
2865 4278 2971 4343 hoo

607 4385 1052 4473 Madvigiano:
1119 4383 1246 4461 „A.
1306 4381 1580 4449 Caecina
1640 4402 1792 4447 cum
1856 4384 2084 4449 amieis
2130 4389 2311 4450 metu
2356 4385 2733 4471 perterritus
2776 4383 2967 4472 profu·
