3192 5017
507 181 594 253 82
1516 205 1907 259 Ausonum.

504 382 616 446 tur
673 381 920 445 morbi:
970 380 1123 447 haee
1170 384 1332 447 ratio
1378 385 1547 447 recte
1595 380 2017 448 concluditur.
2111 380 2281 463 Quid
2327 386 2538 448 autem
2587 386 2913 468 praeterea

508 494 690 574 pater
762 484 1105 553 historiae?
1165 488 1384 553 scribit
1447 487 1529 552 Π.
1585 487 1708 553 19:
1758 487 1955 567 αὔρας
2002 489 2435 559 ἀποπνεούσας
2486 493 2702 567 μοῦνος
2751 488 2915 554 ποίν-

502 618 623 660 των
688 600 987 672 ποταμῶν
1050 595 1118 659 οὐ
1168 593 1559 674 παρέχεται,
1609 595 1802 679 idque
1853 602 2312 683 argumentum
2362 596 2605 662 curiose
2650 617 2912 682 perves-

508 703 693 789 tigat.
745 699 925 766 Idem
973 700 1088 766 alii
1135 700 1519 779 docuerunt,
1571 700 2047 787 Theophrastus
2128 700 2383 767 Plinius
2407 751 2421 778 ‚
2485 701 2914 782 Heliodorus,

505 807 821 886 Diodorus
885 805 1144 872 Siculus
1190 827 1473 892 quoque,
1536 810 1720 872 cuius
1766 807 1922 872 haec
1969 809 2164 874 verba
2210 819 2393 873 sunt:
2444 811 2570 881 πᾶς
2618 808 2913 886 ποταμὸς

505 915 631 981 ἀπὸ
695 912 898 995 χιόνος
963 912 1104 996 ῥέων
1167 913 1359 992 αὔρας
1423 913 1750 979 ἀναδίδωσι
1815 916 2074 996 ψυχρὰς
2124 914 2229 979 καὶ
2280 916 2383 980 τὸν
2429 916 2584 994 ἀέρα
2630 913 2910 995 παχύνει

501 1027 693 1106 atque
743 1026 1074 1107 propterea
1118 1019 1347 1086 Nilum
1398 1022 1672 1106 excipit,
1722 1022 1833 1105 qui
1871 1041 1908 1086 a
1949 1020 2217 1086 meridie
2255 1020 2419 1087 fluit.
2468 1022 2614 1088 Non
2650 1042 2912 1107 prorsus

500 1130 654 1194 novi
699 1127 854 1213 quid
898 1126 1018 1192 hoc
1064 1128 1150 1192 sit
1198 1127 1366 1211 quod
1415 1132 1593 1191 tanto
1642 1128 1932 1191 omnium
1983 1146 2289 1192 consensu
2335 1127 2643 1205 traditur,
2693 1127 2910 1194 solum

500 1237 669 1300 inter
730 1253 951 1300 omnes
1012 1232 1243 1299 fluvios
1306 1231 1535 1298 Nilum
1590 1253 1718 1298 non
1778 1231 2179 1313 παρέχεσθαι
2225 1234 2420 1315 αὔρας
2470 1235 2908 1309 ἀποπνεούσας

500 1361 706 1427 neque
763 1363 948 1404 auras
1009 1339 1314 1423 exspirare
1334 1387 1352 1423 ,
1416 1338 1734 1423 quomodo
1796 1338 2050 1404 Plinius
2116 1340 2370 1417 scribit;
2425 1340 2623 1406 etiam
2669 1340 2911 1407 frustra

503 1448 634 1513 adii
680 1448 918 1513 amicos
963 1446 1269 1531 quosdam
1320 1465 1494 1511 meos
1531 1444 1963 1532 geographiae
2002 1446 2321 1530 imprimis
2360 1448 2633 1532 peritos;
2678 1468 2908 1512 verum

382 1613 385 1614 a
504 1552 625 1619 hoc
686 1552 855 1617 mihi
912 1557 1195 1617 constare
1257 1551 1514 1618 videtur
1575 1570 1703 1615 non
1766 1551 2037 1616 scribere
2102 1550 2501 1618 Herodotum
2552 1558 2615 1617 et
2667 1559 2910 1620 ceteros

508 1662 617 1746 qui
665 1680 814 1724 eum
864 1663 1219 1744 sequuntur
1265 1658 1342 1723 de
1390 1660 1713 1742 superiore
1764 1658 2048 1745 Aegypti
2095 1666 2312 1742 parte,
2358 1660 2426 1722 in
2474 1679 2599 1743 qua
2645 1679 2747 1724 ros
2783 1663 2912 1725 mi-

506 1769 683 1832 nime
740 1786 920 1831 rarus
982 1770 1172 1850 atque
1232 1764 1387 1829 adeo
1450 1764 1828 1839 vehemens,
1875 1773 2150 1852 negante
2197 1763 2359 1830 Jove
2407 1765 2681 1851 pluvias.
2779 1763 2910 1831 Sed

509 1870 646 1938 fieri
705 1877 915 1958 potest
973 1878 1049 1937 ut
1111 1869 1240 1936 tale
1300 1870 1454 1956 quid
1515 1871 1928 1935 observatum
1987 1871 2181 1935 fuerit
2227 1874 2292 1935 in
2346 1871 2639 1959 Aegypti
2685 1879 2907 1958 parte,

511 1998 702 2064 quam
745 1976 1110 2044 Herodotus
1134 1979 1455 2064 cognovit.
1502 1975 1678 2040 Hinc
1702 1976 1964 2042 fortasse
1988 1976 2347 2064 Aeschylus
2372 1977 2635 2043 eandem
2661 1978 2910 2044 famam

511 2089 767 2151 secutus
812 2087 1047 2169 poterit
1094 2085 1417 2168 scripsisse
1465 2082 1709 2148 videri:
1762 2079 1911 2162 ὕδωρ
1958 2082 2027 2146 τὸ
2078 2084 2307 2147 Νείλου
2353 2083 2667 2162 δρόσοις
2717 2083 2910 2151 ἄθικ-

510 2215 631 2257 τον.
725 2190 817 2256 Ut
870 2193 938 2255 in
998 2192 1238 2255 ineerta
1297 2209 1394 2266 re,
1465 2189 1632 2254 nihil
1696 2191 1951 2254 invenio
1999 2189 2440 2255 verisimilius.
2533 2191 2634 2256 An
2682 2192 2912 2258 eodem

510 2299 786 2384 pertinet
829 2294 1146 2390 Hesychii
1191 2295 1549 2362 adnotatio:
1593 2293 1821 2377 δρόσοι·
1870 2292 2185 2376 ψεκάδεςῗ
2230 2295 2366 2362 Alii
2401 2296 2693 2376 videant3
2733 2301 2914 2384 equi·

512 2405 661 2471 dem
703 2403 870 2470 nihil
915 2400 1164 2469 definio.

602 2612 847 2680 Iterum
892 2610 1276 2679 vocabulum
1324 2609 1490 2685 νόσος
1539 2610 1836 2699 displicet
1880 2634 1975 2679 vs.
2027 2610 2195 2678 586:

786 2720 880 2793 τίς
935 2718 1065 2799 γὰρ
1111 2716 1189 2783 ἂν
1235 2716 1632 2783 κατέπαυσεν
1672 2721 1869 2797 Ἥρας
1919 2718 2194 2792 νόσους
2244 2719 2638 2802 ἔπιβούλουςς

514 2824 730 2893 Multo
778 2823 1013 2891 melius
1056 2823 1389 2913 intelligo:
1437 2822 1669 2897 δόλους.

601 3033 840 3124 Agam.
899 3035 982 3103 17
1031 3055 1327 3121 quaerere
1374 3039 1551 3122 coepi
1599 3036 1677 3102 de
1724 3038 2002 3102 custodis
2050 3037 2293 3103 verbis:
2416 3104 2422 3109 ,

970 3140 1154 3208 ὕπνου
1201 3142 1327 3207 τόδ’
1373 3143 1891 3219 ἀντίμολπον
1939 3143 2237 3222 ἐντέμνων
2284 3142 2457 3219 ἄκος.

514 3248 850 3339 Significat
906 3248 1265 3335 speculator
1281 3296 1297 3327 ,
1362 3253 1438 3313 ut
1500 3252 1591 3315 ait
1652 3248 2021 3329 Schiitzius,
2092 3271 2159 3317 se
2220 3260 2605 3319 nocturnum
2653 3260 2916 3342 tempus

515 3356 733 3425 fallere
801 3355 1114 3423 cantando
1133 3403 1149 3433 ,
1223 3360 1298 3419 ut
1366 3356 1478 3439 qui
1548 3374 1735 3440 saepe
1806 3355 1927 3421 hoc
1996 3357 2354 3423 remedium
2424 3360 2725 3429 adhibeat
2745 3414 2765 3438 ,
2830 3385 2916 3431 ne

517 3475 739 3532 so'mno
785 3463 1201 3549 opprimatur.
1252 3463 1464 3546 Atque
1510 3461 1631 3526 hoc
1678 3460 1935 3546 quidem
1984 3483 2129 3530 vere
2177 3464 2378 3543 dixit,
2428 3466 2538 3533 sed
2583 3489 2710 3534 non
2759 3490 2912 3536 con-

520 3573 773 3656 cedam,
823 3569 990 3654 quod
1034 3574 1357 3654 praeterea
1405 3567 1616 3644 addit,
1664 3587 1790 3633 non
1829 3570 2027 3633 nimis
2067 3570 2426 3659 urgendum
2468 3594 2603 3641 esse
2645 3580 2915 3663 etymon

524 3678 706 3746 verbi
751 3677 1132 3752 ἀντίμολπον
1179 3676 1247 3739 in
1293 3673 1668 3758 explicanda
1712 3676 1849 3740 eius
1895 3678 2183 3752 notione,
2227 3698 2374 3743 cum
2413 3680 2532 3747 hoc
2571 3679 2709 3749 loeo
2748 3683 2914 3751 nihil

527 3783 806 3870 amplius
842 3787 1049 3858 notet,
1088 3801 1281 3865 quam
1322 3781 1630 3845 adver-enom
1650 3828 1668 3858 ,
1705 3781 2051 3865 discrepans
2088 3790 2200 3849 aut
2238 3792 2579 3868 oppositum.
2665 3788 2914 3857 Deinde

527 3891 751 3957 laudat
796 3887 1135 3955 Schiitzius
1179 3886 1391 3952 locum
1411 3937 1426 3960 ‚
1479 3887 1553 3952 ad
1606 3908 1797 3972 quem
1846 3908 2066 3954 omnes
2110 3899 2492 3977 provocant,
2538 3893 2691 3962 Eur.
2733 3897 2908 3963 Med.

533 3994 744 4063 1176:
831 3993 1212 4071 ἀντίμολπος
1282 3995 1591 4071 όλολυγῆς
1663 3996 1969 4080 κωκυτός,
2042 3997 2151 4061 sed
2220 3998 2389 4082 quod
2457 4003 2915 4088 interpretatur

528 4100 939 4188 ejulationem
1006 4098 1193 4167 valde
1241 4099 1320 4165 ab
1368 4098 1613 4184 ejulatu
1661 4100 2121 4184 discrepantem
2144 4151 2159 4180 ‚
2209 4106 2276 4168 in
2322 4126 2396 4171 ea
2439 4128 2507 4172 re
2551 4129 2702 4175 eum
2749 4113 2913 4178 ratio

530 4206 887 4294 plurimum
935 4205 1126 4290 fugit.
1176 4203 1373 4271 Recte
1419 4203 1700 4271 Henrico
1743 4204 2062 4291 Stephano
2108 4215 2203 4274 est
2241 4209 2429 4278 fletus
2462 4211 2602 4281 loco
2636 4216 2915 4284 eiulatus

531 4319 667 4383 sive
730 4312 992 4386 κωκυτὸς
1054 4311 1114 4377 ἓν
1180 4312 1316 4374 ἀντὶ
1382 4314 1687 4394 ὄλολυγῆς
1745 4337 1837 4386 τις
1883 4316 2052 4379 οἱονεὶ
2100 4319 2454 4396 μέλπεταιε
2503 4320 2696 4408 paulo
2741 4326 2912 4392 enim
