3192 5017
546 262 635 341 80
682 277 696 292 ·
1538 284 1931 339 mmmm.

961 484 1116 540 συγ
1141 485 1188 540 γ
1210 468 1426 527 νοῖτο
1474 460 1634 536 δῆτα
1682 459 1788 526 καὶ
1836 458 2158 541 παραςαΙη
2203 456 2505 542 πρόφρων.

544 566 622 633 In
694 565 928 635 Codice
994 565 1278 646 σύγνοιτο
1343 572 1470 647 est,
1537 593 1568 633 ν
1634 588 1823 654 super
1883 591 1932 647 γ
1992 567 2227 653 scripto
2289 572 2355 634 et
2398 569 2468 633 in
2512 567 2804 653 margine
2853 564 2938 631 ab

546 672 837 755 διορθωτῇ
883 672 1269 752 συγγένοιτο.
1363 673 1486 741 Sed
1532 694 1723 740 nemo
1766 674 2098 759 hucusque
2141 672 2423 739 mediam
2469 671 2744 739 formam
2782 693 2942 751 συγ·

548 788 758 859 γνοῖτο
806 780 1049 847 idoneis
1094 780 1408 867 exemplis
1455 779 1743 848 stabilire
1788 782 2000 867 potuit
2045 784 2112 846 et
2156 779 2324 866 quod
2367 779 2627 846 Paleius
2673 778 2940 845 adnota-

548 889 646 956 vit
666 935 682 966 ‚
746 908 937 972 quem
994 887 1207 954 locum
1259 887 1653 954 Schwerdtio
1701 887 1897 955 debeo
1916 935 1934 966 ,
1982 907 2167 973 saepe
2209 885 2392 954 nulla
2436 887 2784 953 sententiae
2829 905 2943 951 va·

544 993 772 1060 rietate
810 993 1122 1060 alternare
1167 992 1413 1060 medias
1460 997 1525 1059 et
1570 996 1814 1061 activas
1860 994 2199 1061 verborum
2246 994 2483 1060 formas
2501 1040 2519 1071 ‚
2567 991 2637 1057 id
2682 992 2941 1058 etiamsi

543 1121 693 1169 vere
738 1100 1147 1168 observatum
1199 1103 1325 1177 sit,
1376 1100 1545 1186 quod
1589 1122 1760 1167 nunc
1804 1122 1930 1168 non
1974 1100 2229 1187 disputo
2250 1150 2266 1178 ,
2316 1119 2673 1185 numquam
2718 1103 2942 1166 tamen

546 1205 810 1291 efficiet,
872 1211 950 1272 ut
1014 1208 1233 1272 aoristi
1295 1212 1521 1285 γνῶναι
1587 1207 1803 1274 media
1863 1208 2071 1274 forma
2115 1205 2411 1273 videatur
2454 1208 2524 1272 in
2569 1225 2692 1271 usu
2739 1206 2941 1271 fuisse

546 1313 651 1382 vel
707 1333 822 1399 pro
876 1333 945 1378 re
989 1316 1139 1379 nata
1185 1333 1223 1379 a
1267 1317 1454 1399 poeta
1498 1319 1801 1381 novatore
1845 1316 2125 1400 potuisse
2169 1311 2348 1401 fingi.
2399 1312 2504 1378 Vs.
2558 1310 2690 1379 206
2742 1308 2942 1378 Ghori

545 1421 742 1490 verba
807 1424 982 1486 sunt:
1061 1417 1215 1493 Ζεὺς
1290 1418 1352 1485 δὲ
1416 1421 1724 1500 γεννήτωρ
1787 1419 1928 1505 ἴδοι,
1987 1422 2096 1487 oui
2156 1441 2267 1486 rex
2322 1418 2689 1506 respondet:
2751 1415 2938 1484 ῖδοιτο

545 1526 739 1603 Birra:
782 1528 925 1610 quis
969 1527 1131 1591 serio
1177 1524 1390 1591 credet
1439 1525 1600 1593 tales
1644 1525 1814 1593 locos
1859 1527 2142 1593 sufficere
2187 1525 2269 1593 ad
2317 1524 2629 1592 tuendum
2685 1523 2941 1591 inaudi-

547 1640 690 1700 tum
751 1632 918 1698 illud
977 1638 1313 1711 συγγνοῖτο
1332 1682 1349 1709 ,
1411 1654 1561 1699 cum
1621 1635 1996 1720 praesertim
2044 1632 2402 1699 emendatio
2447 1630 2768 1719 perfacilis
2812 1633 2931 1697 sit:

1001 1844 1325 1924 γένοιτο
1374 1844 1533 1922 δῆτα
1581 1845 1688 1912 κα)
1737 1847 2058 1928 παραςαίη
2108 1842 2407 1928 πρόφρων.

640 2058 856 2140 Quum
914 2063 1078 2126 esset
1137 2060 1205 2123 in
1250 2056 1557 2147 Argolide
1605 2057 2081 2139 δρακονθόμιλος
2129 2058 2429 2138 δυσμενὴς
2476 2057 2783 2138 ξυνοικία,
2835 2081 2941 2126 su·

545 2167 836 2253 pervenit
894 2164 1058 2251 Apis
1076 2212 1092 2245 ‚
1158 2167 1270 2250 qni
1331 2164 1645 2231 terribilia
1715 2172 1996 2233 monstra
2041 2166 2447 2233 obtruncavit
2493 2172 2558 2233 et
2604 2167 2940 2255 regionem

548 2274 891 2361 purgavit,
939 2293 1032 2339 vs.
1083 2268 1252 2338 268:

1000 2377 1228 2445 τούτων
1273 2377 1395 2452 ἄκη
1443 2387 1686 2458 τομαῖα
1733 2379 1836 2445 κα)
1888 2381 2229 2462 λυτήρια

1003 2484 1249 2565 πράξας
1297 2484 1650 2564 ἀμέμπτως
1686 2484 1886 2561 'Amr
1932 2487 2195 2573 Ἀργεία
2240 2485 2426 2569 χθονὶ

1000 2594 1250 2669 μνήμην
1293 2596 1433 2659 ποτ’
1479 2591 1847 2672 ἀντίμισθον
1895 2591 2093 2675 ηὕρετ’
2141 2596 2203 2659 ἐν
2247 2601 2475 2666 λιταῖς.

547 2698 693 2765 Non
753 2699 1062 2784 perspicio
1124 2719 1285 2784 quae
1347 2698 1467 2774 ἄκη
1533 2701 1796 2781 λυτήρια
1857 2704 1987 2767 sint
2006 2749 2021 2777 ‚
2070 2700 2180 2767 sed
2224 2703 2379 2768 novi
2424 2701 2939 2786 frequentissime

546 2804 735 2893 iungi
780 2804 995 2871 ⁴verba
1062 2803 1304 2883 τέμνειν
1373 2813 1439 2873 et
1506 2805 1712 2886 κοὶειν,
1782 2810 1975 2874 sicuti
2036 2808 2205 2894 apud
2269 2808 2590 2875 Romanos
2650 2829 2828 2873 urere
2877 2814 2940 2875 et

545 2934 786 2979 secare„
855 2910 1207 2998 Exscripsit
1264 2911 1508 2998 aliquot
1552 2912 1724 2981 locos
1771 2914 2114 2981 Piersonus
2161 2914 2240 2980 ad
2285 2913 2638 2980 Moeridem
2688 2935 2751 3000 p.
2802 2913 2939 2981 232

549 3022 615 3085 et
674 3017 862 3084 facile
923 3022 1020 3084 est
1077 3017 1236 3085 alios
1297 3019 1524 3087 addere
1585 3041 1779 3107 quam
1835 3020 2168 3107 plurimos.
2218 3020 2570 3087 Continebo
2617 3042 2723 3088 me
2768 3023 2941 3087 intra

547 3145 752 3190 unum
799 3123 1135 3191 Platonem
1155 3171 1171 3204 ‚
1215 3128 1327 3209 qui
1364 3127 1612 3193 affatim
1651 3128 1910 3214 praebet
1946 3126 2418 3214 exemplorum:
2461 3124 2659 3215 Gorg.
2700 3125 2835 3192 456
2860 3126 2936 3211 B,

550 3227 683 3299 4¹76
732 3227 822 3310 O,
887 3228 1019 3298 479
1066 3231 1159 3309 Β,
1233 3230 1366 3299 480
1416 3231 1505 3311 Ο,
1581 3232 1706 3299 521
1762 3232 1841 3312 C,
1914 3233 2073 3319 Rep.
2144 3233 2259 3299 III.
2324 3232 2455 3299 406
2505 3234 2606 3311 D,
2670 3233 2935 3322 Protag.

550 3335 683 3403 354
731 3337 787 3402 A
834 3342 899 3403 et
944 3336 1199 3404 Politic.
1248 3337 1381 3405 293
1427 3339 1503 3405 Β.
1568 3339 1672 3406 Sic
1718 3341 2076 3429 Aeschylus
2118 3343 2254 3426 ipse
2297 3339 2539 3429 Agam.
2583 3339 2752 3406 849:
2802 3338 2932 3415 ἤτοι

547 3441 798 3516 κέαντες
849 3444 883 3519 ἢ
932 3443 1228 3521 τεμόντες
1275 3442 1576 3527 εὐφρόνως
1601 3495 1618 3522 ,
1667 3446 1783 3512 ubi
1828 3446 1977 3514 Vide
2025 3467 2183 3532 quos
2228 3444 2650 3513 Blomfieldus
2687 3445 2932 3513 laudat.

547 3551 759 3636 Atque
803 3549 1023 3617 eodem
1069 3551 1258 3617 modo
1303 3552 1613 3618 scribam:
1665 3548 1787 3627 ἄκη
1831 3560 2069 3630 τομαῖα
2118 3552 2224 3619 καὶ
2281 3551 2709 3632 καυτήρια.
2804 3551 2930 3617 Re-

545 3657 758 3746 gionis
803 3662 1047 3742 pestem
1094 3656 1331 3723 excidit
1378 3658 1537 3744 Apis
1581 3656 1804 3724 eadem
1850 3663 2016 3744 arte,
2065 3680 2190 3744 qua
2237 3657 2547 3726 Hercules
2585 3658 2931 3726 Lernaeam

542 3762 819 3850 hydram
879 3762 1164 3842 domuit,
1230 3762 1496 3830 secando
1551 3767 1619 3830 et
1678 3766 1923 3830 urendo.
1988 3764 2172 3848 Quod
2216 3766 2456 3832 ferrum
2504 3786 2629 3832 non
2677 3764 2930 3850 domat,

547 3870 721 3957 ignis
766 3868 1006 3936 domat.

639 4075 808 4144 Mira
853 4082 949 4145 est
984 4077 1371 4165 periphrasis
1416 4078 1638 4167 Suppl.
1688 4080 1856 4148 460:

1005 4184 1178 4265 λέξον
1225 4187 1344 4252 τιν’
1392 4187 1582 4261 αὐδὴν
1628 4188 1806 4264 τήνδε
1853 4185 2174 4269 γηρυθεῖο·’
2222 4186 2386 4254 ἔσει
2406 4235 2423 4265 ,

548 4310 700 4357 nam
747 4291 1019 4358 memini
1065 4293 1327 4379 quidem
1376 4315 1478 4361 me
1526 4294 1741 4383 legere
1782 4295 1951 4382 apud
1989 4293 2366 4382 Sophoclem
2404 4293 2558 4361 Oed.
2582 4294 2739 4384 Tyr.
2767 4293 2921 4363 970:

549 4393 702 4465 οὕτω
769 4395 826 4463 δ’
891 4396 969 4466 ἂν
1028 4399 1214 4467 θανὼν
1273 4398 1364 4477 εἵη
1419 4399 1481 4479 ’ξ
1526 4400 1679 4481 ἐμοῦ
1729 4406 1794 4469 et
1841 4401 1993 4469 Oed.
2044 4399 2199 4490 Tyr.
2254 4400 2466 4468 1146:
2516 4403 2623 4468 οὐκ
2670 4403 2756 4475 εἷς
2797 4401 2925 4468 lae-
