3192 5017
633 259 765 332 324
1646 283 1996 335 coenamus

630 455 935 518 correxit:
1008 478 1279 540 quarum
1343 479 1553 521 rerum
1616 479 1765 520 cura
1831 473 2232 523 mannam.
2327 453 2672 523 Calamitas
2730 455 2967 541 aliquem

620 560 924 645 franqere
990 565 1230 646 potest,
1302 561 1412 627 sed
1478 582 1634 627 cura
1702 564 1912 647 αηφῖι,
1979 568 2058 626 ut
2115 563 2185 627 in
2245 563 2342 629 his
2400 565 2625 628 anxius
2666 565 2843 639 curis,
2884 560 2970 626 sed

632 664 1071 752 exemplorum
1120 667 1309 753 plena
1353 674 1504 733 sunt
1549 669 1781 734 omnia.

725 876 920 942 Dion.
971 876 1136 943 an
1190 878 1265 943 5:
1315 879 1416 943 ille
1459 878 1573 943 hac
1620 878 1909 964 reliyione
1944 902 2069 944 non
2106 881 2289 944 modo
2330 902 2455 944 non
2493 881 2651 965 [est]
2689 881 2975 945 deterrime

629 985 738 1047 sed
801 986 890 1047 ad
954 987 1402 1049 maturandum
1471 986 1807 1049 comitatus
1868 996 1958 1049 est
1982 1031 1998 1062 ‚
2063 1007 2270 1050 verens
2329 1008 2404 1050 ne
2455 988 2645 1074 prius
2700 986 2978 1051 consilum

629 1092 980 1177 aperiretur
1024 1113 1207 1154 suum
1251 1113 1443 1177 quam
1488 1106 1738 1156 comm
1775 1091 2155 1177 perfecisset.

724 1194 1022 1261 Primum
1071 1197 1303 1262 vitiose
1351 1195 1647 1260 additum
1693 1209 1783 1261 est
1822 1215 2033 1262 reseca
2055 1245 2073 1280 ,
2122 1196 2347 1263 deinde
2392 1197 2632 1263 scribe:
2682 1221 2860 1285 quam
2897 1213 2981 1261 oo-

631 1318 869 1367 ol'lwm
904 1304 1283 1389 perfecisset.
1348 1301 1444 1367 Of.
1498 1301 1763 1367 Datam.
1814 1300 1956 1368 VII.
2015 1301 2090 1367 l:
2140 1305 2252 1389 qui
2285 1306 2474 1391 prius
2519 1307 2782 1390 coyitane
2824 1326 2981 1390 quam

631 1410 847 1472 conari
909 1420 1262 1472 consuesset.
1334 1412 1400 1473 et
1464 1407 1750 1472 Pausan.
1813 1406 1922 1473 III.
1997 1409 2073 1475 l:
2136 1433 2258 1474 non
2320 1410 2547 1475 callida
2608 1413 2717 1476 sed
2757 1411 2983 1475 donanti

629 1516 872 1580 ratione
914 1516 1183 1599 coqitata
1223 1513 1541 1601 patefecit.
1639 1510 2013 1580 Callicrates
2058 1514 2383 1579 nihildum
2429 1529 2685 1581 conatus
2730 1522 2858 1581 erat
2896 1512 2982 1578 sed

630 1619 709 1685 de
751 1620 1026 1685 facinore
1070 1618 1488 1705 perpetrando
1535 1620 1707 1705 apud
1749 1619 2041 1684 animum
2090 1640 2283 1686 suum
2329 1621 2679 1708 cogitabat.

721 1835 918 1902 Dion.
966 1835 1085 1903 IX.
1140 1835 1217 1902 6:
1267 1836 1428 1924 Lyco
1473 1839 1733 1924 quidam
1780 1836 2204 1918 Syracusanus
2235 1859 2358 1924 per
2378 1838 2706 1923 fenestras
2739 1837 2986 1923 yladium

629 1945 857 2114 deffio
901 2070 1053 2116 vero
1082 2072 1203 2138 per
1229 2050 1587 2136 fenestram.
1629 2048 2016 2115 Plutarchus
2053 2047 2122 2111 in
2146 2046 2352 2114 Dione
2379 2068 2516 2134 cap.
2545 2048 2758 2114 LVII:
2799 2047 2986 2114 mim

639 2155 1007 2235 Συρακόσιος
1072 2154 1270 2235 ὀρέγει
1329 2155 1448 2222 τινὶ
1496 2160 1615 2219 τῶν
1662 2154 2005 2220 Ζακυνθίων
2051 2153 2151 2219 διὰ
2200 2162 2312 2228 τῆς
2360 2154 2579 2234 θυρίδος
2629 2153 2987 2238 ἐγχειρίδιον.

726 2371 918 2437 Dion.
967 2368 1050 2434 X.
1098 2366 1176 2432 2:
1238 2392 1387 2432 nam
1432 2370 1545 2454 qui
1583 2369 1793 2432 vivum
1836 2390 1977 2433 eum
2022 2381 2363 2455 tyrannum
2410 2371 2789 2446 vocitarunt,
2832 2384 2990 2434 mm(

627 2479 1013 2543 liberatorem
1050 2477 1305 2564 patriae
1354 2476 1725 2561 tyrannique
1769 2475 2155 2562 expulsorem
2189 2475 2663 2563 praedicabant.

716 2583 842 2649 Pro
910 2585 1101 2648 eidem
1162 2600 1308 2667 pars
1368 2576 1681 2645 Codicum
1744 2583 2001 2646 eundem
2062 2581 2323 2647 exhibet
2383 2585 2450 2647 et
2491 2585 2666 2646 recte
2711 2581 2955 2667 quidem
2973 2625 2988 2654 ‚

626 2710 776 2756 nam
823 2690 917 2753 sie
963 2686 1176 2773 Nepos
1220 2688 1589 2771 scripserat:
1640 2709 1789 2750 nam
1827 2702 2002 2761 Qm
2040 2690 2246 2753 vivum
2287 2699 2629 2773 tyrannum
2652 2691 2989 2762 vocitarent,

629 2812 892 2863 mmmm
937 2794 1329 2858 liheratorem
1367 2794 1623 2880 patriae
1673 2829 1756 2840 —
1800 2793 2268 2880 praedicabant.

730 2900 855 2982 Qui
897 2902 1242 2966 vocitarant
1286 2900 1473 2964 iidem
1520 2897 1757 2962 dicitur
1803 2898 1880 2963 de
1922 2903 2104 2983 parte
2143 2896 2403 2985 populi,
2450 2921 2631 2986 quem
2678 2902 2995 2965 vocitat-ant

629 3010 884 3075 eundem
929 3006 1008 3071 de
1053 3004 1372 3071 omnibus.

721 3215 916 3281 Dion.
962 3213 1045 3280 X.
1095 3213 1173 3280 3:
1223 3215 1419 3280 elatus
1457 3214 1700 3302 publice
1744 3214 2008 3302 sepulcri
2051 3228 2443 3280 monumento
2489 3217 2757 3280 donatus
2801 3228 2905 3280 est.

720 3321 1060 3387 Halmius:
1139 3318 1454 3407 „sepulcri
1515 3332 1861 3407 suspectum
1919 3320 2288 3386 Lambino.”
2380 3320 2597 3387 Facile
2656 3321 2991 3393 credimus,

629 3448 781 3495 nam
841 3432 994 3493 nota
1054 3446 1127 3493 ac
1173 3426 1469 3512 frequens
1514 3425 1672 3492 haec
1718 3427 2006 3507 εὐφημίαι
2053 3430 2151 3491 est
2196 3431 2273 3491 ut
2319 3445 2432 3513 pro
2478 3428 2756 3516 sepulcro
2800 3450 2991 3491 momr

631 3547 904 3599 mentum
949 3538 1256 3617 ponatur,
1306 3538 1379 3597 ut
1424 3529 1666 3599 Graece
1711 3541 1932 3610 μνῆμα
1980 3539 2045 3598 et
2084 3540 2402 3608 μνημεῖον.
2451 3531 2633 3613 Quod
2675 3534 2994 3600 obmovmt

629 3661 706 3706 ex
754 3638 1075 3706 Ciceronis
1135 3639 1306 3704 Tusc.
1357 3636 1620 3726 Disput.
1668 3638 1722 3703 I.
1772 3640 1809 3723 ἓ
1856 3638 1980 3705 31:
2030 3641 2186 3726 quid
2226 3642 2368 3727 ipsa
2414 3640 2833 3728 sepulcrorum
2875 3661 2992 3702 mo-

629 3758 922 3812 numenta
940 3793 957 3824 ,
1021 3748 1177 3833 quid
1232 3745 1428 3831 eloqia
1489 3743 1886 3832 siqnificant?
1946 3765 2198 3811 necesse
2261 3750 2397 3810 erat
2453 3746 2548 3811 ibi
2596 3746 2994 3834 sepulcrorum

627 3852 856 3920 addere
927 3871 1124 3938 quum
1189 3855 1286 3917 tot
1346 3853 1476 3915 sint
1538 3848 1668 3916 alia
1727 3856 2293 3917 monumentorum
2341 3870 2612 3937 genera,
2662 3850 2864 3917 veluti
2904 3852 2991 3913 in-

624 3962 792 4046 qenii
808 4007 824 4037 ‚
889 3959 1243 4024 litterarum
1264 4002 1281 4033 ,
1336 3956 1573 4040 qloriae
1591 4001 1610 4032 ,
1667 3980 1877 4022 remm
1917 3968 2244 4043 ycstarum.
2339 3954 2461 4021 Sed
2507 3958 2622 4021 ubi
2669 3958 2745 4022 de
2793 3957 2994 4022 funere

625 4073 692 4132 et
755 4064 1083 4151 sepultura
1143 4081 1349 4128 sermo
1414 4067 1511 4127 est
1556 4062 1919 4148 sepulcrum
1970 4062 2352 4148 simpliciter
2396 4076 2852 4129 monumentum
2889 4081 2992 4145 ap·

622 4171 892 4256 palatur.
985 4168 1199 4254 Nepos
1254 4169 1320 4231 in
1385 4166 1599 4233 Attico
1655 4167 1873 4234 XXII.
1938 4170 2014 4233 4:
2078 4169 2352 4256 sepultus
2406 4181 2496 4233 est
2544 4206 2625 4216 —
2674 4171 2743 4233 in
2790 4189 2992 4232 monu-

625 4290 826 4342 mento
879 4274 953 4354 Q.
1011 4272 1281 4339 Caecilii.
