3192 5017
1286 306 1644 355 summum..
2528 290 2660 358 275

721 474 903 560 κᾶμ’,
954 474 1077 550 ἕςις
1125 477 1376 551 ἄτεκνος
1429 479 1688 557 ἀρσένων
1740 481 1972 545 παίδων
2017 481 2225 558 γεγώς

719 593 828 659 τῆς
879 593 991 660 σῆς
1038 586 1165 651 τόδ’
1215 584 1411 668 ἔρνος,
1464 583 1506 650 ὦ
1556 587 1869 665 τάλαινα,
1923 586 2125 661 νηδύος

718 691 991 770 affixas-a
1040 696 1144 757 καὶ
1199 692 1432 763 noima
1481 691 1869 760 κατθανόνθ’
1918 695 2045 774 δρῶ.

268 793 487 883 Longe
551 797 736 862 aliter
799 819 897 863 res
960 806 1056 864 est
1118 802 1187 864 in
1247 802 1364 885 iis,
1428 820 1587 886 quae
1635 808 1780 886 post
1826 800 2122 867 lacunam
2172 802 2491 876 dicuntur,
2541 802 2657 866 ubi

265 907 330 966 et
392 901 547 968 deus
592 900 907 969 Cadmum
961 910 1216 972 accusat
1262 919 1328 972 et
1373 910 1510 993 ipse
1559 929 1626 973 se
1673 908 1912 974 fatetur
1958 913 2205 973 sontem
2257 907 2447 974 esse.'’
2492 907 2650 973 Per-

264 1008 368 1094 git
427 1007 791 1075 Boeckhius
855 1011 1081 1077 deinde
1126 1013 1434 1098 quaedam
1486 1014 1835 1080 describere
1858 1061 1875 1092 ‚
1923 1034 2191 1099 quorum
2244 1013 2648 1079 offensionem

262 1112 523 1180 fortasse
581 1115 896 1183 declinare
941 1121 1212 1203 poteris,
1262 1122 1317 1185 si
1367 1141 1511 1185 cum
1563 1119 1894 1208 Elmsleyo
1940 1123 2146 1206 iisque
2194 1121 2303 1206 qui
2359 1141 2505 1186 eum
2558 1142 2655 1186 se·

263 1222 397 1285 cuti
461 1227 641 1301 sunt,
708 1221 935 1288 Cadmi
1003 1225 1199 1291 verba
1244 1226 1489 1291 tribuas
1538 1225 1708 1292 filiae
1752 1226 2038 1315 Agavae.
2132 1225 2345 1292 Habet
2389 1227 2649 1313 quidem

260 1347 333 1391 ea
391 1330 553 1393 ratio
616 1328 860 1415 aliquid
919 1331 1348 1416 incommodi,
1413 1331 1522 1397 sed
1582 1333 1914 1418 probarem
1967 1340 2181 1399 tamen
2207 1381 2222 1410 ‚
2272 1336 2398 1398 nisi
2444 1336 2649 1399 maior

263 1436 331 1498 in
377 1437 788 1520 sequentibus
834 1437 1089 1503 offensio
1134 1445 1487 1524 superesset
1507 1490 1522 1511 ,
1570 1459 1764 1526 quam
1813 1440 2283 1525 interpretando
2330 1462 2450 1505 non
2494 1440 2651 1506 effu-

262 1544 422 1630 gies.
485 1542 626 1627 Ipse
672 1546 843 1608 enim
893 1543 1048 1609 deus
1097 1544 1353 1610 disertis
1400 1548 1610 1611 verbis
1660 1566 1855 1611 avum
1903 1567 2095 1612 suum
2144 1549 2412 1612 incusat.
2462 1546 2650 1612 Prior

261 1668 406 1733 pars
465 1652 916 1726 accusationis,
981 1652 1047 1715 in
1106 1671 1230 1735 qua
1278 1649 1566 1716 Bacchus
1614 1651 1859 1718 dixerat
1906 1653 1983 1719 de
2028 1653 2159 1719 fato
2207 1652 2372 1738 quod
2421 1654 2649 1718 matris

257 1774 497 1820 sorores
557 1763 875 1829 maneret,
934 1758 1126 1841 periit
1172 1777 1244 1821 ac
1293 1759 1404 1821 vix
1449 1755 1718 1823 laciniae
1767 1758 2077 1843 quaedam
2124 1758 2503 1825 Kirchhoffii
2550 1781 2645 1826 sa-

257 1863 536 1946 gacitate
583 1861 839 1927 aliunde
885 1869 1288 1947 recuperatae
1335 1862 1628 1940 fuerunt;
1678 1864 1903 1929 deinde
1950 1865 2029 1929 ad
2070 1886 2264 1931 avum
2307 1885 2647 1932 conversus

262 1968 663 2052 vaticinatur,
712 1988 868 2052 quas
920 1968 1314 2034 calamitates
1360 1968 1466 2033 hic
1512 1969 1726 2034 subire
1774 1970 2017 2035 debeat.
2067 1971 2323 2051 Δράκων
2365 1973 2643 2049 γενήσει,

253 2075 502 2158 inquit,
575 2075 990 2153 μεταβαλών.
1071 2074 1281 2155 δάμαρ
1353 2100 1423 2139 τε
1495 2079 1570 2149 σὺ
1642 2074 2051 2156 ἑκθηριωθεῑσ·’
2124 2076 2305 2158 ὄφεος
2370 2078 2640 2156 ἀλλάξει

253 2178 482 2257 τύπον,
559 2187 768 2247 cetera
833 2182 910 2246 de
973 2181 1299 2247 invasione
1362 2181 1806 2260 barbarorum,
1867 2186 2099 2268 quibus
2163 2186 2300 2271 ipse
2362 2184 2644 2251 Cadmus

254 2289 546 2369 praeerit.
642 2287 930 2373 Denique
977 2290 1071 2352 ita
1117 2293 1365 2373 perorat
1410 2308 1615 2354 novus
1662 2288 1846 2354 deus:

711 2394 899 2458 ταῦτ’
945 2395 1085 2475 οὐχὶ
1136 2391 1360 2468 θνητοῦ
1412 2394 1645 2475 πατρὸς
1695 2395 1972 2474 ἐκγεγὼς
2020 2395 2187 2476 λέγω

715 2499 1028 2577 Διόνυσος,
1079 2501 1256 2566 ἄλλα
1307 2499 1534 2575 Ζηνός·
1581 2502 1631 2565 εἰ
1684 2500 1748 2566 δὲ
1795 2512 2119 2582 σωφρονεῖν

712 2604 1018 2684 ἔγνωθ’,
1067 2603 1158 2670 ὅτ’
1206 2608 1313 2671 οὐκ
1358 2605 1742 2686 ἠθέλετε,
1791 2608 1895 2673 τὸν
1953 2610 2097 2682 Διὸς
2143 2611 2318 2688 γόνον

707 2711 1267 2787 εὐδαιμονεῖτ’
1316 2711 1393 2777 ἂν
1439 2712 1785 2796 ξύμμαχον
1834 2715 2212 2792 κεκτημένοι.

251 2820 412 2885 Post
457 2820 610 2885 haec
660 2819 847 2885 verba
873 2866 889 2896 ‚
939 2840 1101 2903 quae
1147 2826 1317 2885 certo
1365 2822 1600 2886 certius
1647 2820 1727 2886 ad
1775 2819 2091 2887 Cadmum
2144 2822 2315 2888 dicta
2360 2824 2636 2902 fuerunt,
2746 2902 2751 2909 ,

253 2927 410 3010 qnid
482 2945 707 2991 causae
751 2925 1040 3010 prodest,
1089 2927 1344 2990 etiamsi
1393 2946 1512 2992 vss.
1573 2924 1766 2999 1344,
1821 2925 1993 2992 1346
2041 2933 2105 2993 et
2158 2926 2332 2993 1348
2378 2931 2641 3017 Agavae

249 3032 634 3098 dederimus.
731 3030 959 3097 Cadmi
1007 3034 1203 3097 etiam
1253 3038 1403 3097 sunt
1448 3053 1543 3098 vs.
1599 3030 1807 3097 1350:

609 3135 651 3202 ὦ
701 3136 940 3215 τέκνον,
990 3139 1066 3210 ὥς
1116 3139 1190 3209 ε’ς,
1228 3137 1480 3203 δεινὸν
1530 3136 1805 3216 ἤλθομεν
1853 3140 2098 3206 κακόν

609 3244 685 3309 σύ
732 3245 784 3309 θ’
835 3248 866 3319 ἦ
919 3242 1195 3309 τάλαινα
1242 3243 1541 3323 ξύγγονοί
1586 3269 1656 3310 τε
1710 3253 1861 3317 παῖς
1910 3270 1980 3312 τε
2030 3248 2170 3332 σός,

614 3352 736 3428 ἐγώ
787 3350 837 3415 θ’
887 3351 925 3421 ὁ,
963 3355 1214 3426 τλήμων
1260 3349 1619 3432 βαρβάρους
1667 3351 2022 3431 ἀφίξομαι,
2075 3356 2203 3420 κτὲ.

246 3459 333 3525 Et
379 3457 758 3543 quibusdam
809 3459 1235 3542 interpositis:

1675 3564 1808 3631 οὐδὲ
1856 3565 2181 3644 παύσομαι

702 3673 906 3735 κακῶν
955 3671 983 3734 ὃ
1029 3672 1323 3749 τλήμων,
1373 3672 1506 3737 οὐδὲ
1554 3673 1656 3737 τὸν
1704 3674 2106 3752 καταιβάτην

704 3778 1048 3857 Ἀχέροντα
1095 3780 1373 3851 πλεύσας
1426 3775 1653 3859 ἥσυχος
1702 3780 2067 3857 γενήσομαι.

242 3884 367 3951 Sed
432 3884 594 3949 mihi
658 3884 918 3969 quidem
976 3891 1193 3969 aperta
1255 3905 1353 3949 res
1416 3893 1543 3951 est:
1611 3907 1810 3971 usque
1874 3886 1954 3953 ad
2012 3888 2302 3954 lacunam
2353 3889 2634 3961 Cadmus

240 3994 495 4077 integer
537 3997 603 4055 et
643 3991 856 4055 insons
906 3996 1035 4074 est,
1085 3989 1233 4055 vide
1278 3991 1469 4057 modo
1517 4013 1643 4058 vss.
1697 3990 2092 4069 lvo-3693
2136 4003 2279 4079 post
2321 4018 2410 4063 vs.
2455 3998 2627 4066 1330

240 4096 414 4161 idem
489 4095 600 4160 ille
661 4094 941 4161 Cadmus
1003 4096 1252 4162 easdem
1306 4096 1485 4162 dabit
1531 4118 1801 4182 poenas,
1850 4106 2006 4183 quas
2061 4098 2261 4166 filiae:
2317 4105 2382 4167 in
2432 4108 2626 4172 eodem

241 4202 478 4269 delicto
523 4222 723 4288 poena
771 4205 998 4267 eadem:
1049 4203 1368 4269 exsilium.
1422 4203 1697 4281 „Incidit
1744 4205 2071 4290 suspicio”,
2116 4209 2207 4272 ait
2233 4207 2622 4293 Boeckhius,

247 4311 396 4388 „cui
459 4314 672 4375 tamen
735 4329 962 4394 parum
1024 4311 1272 4393 tribuo,
1336 4313 1672 4396 utriusque
1731 4311 2028 4377 editionis
2084 4315 2515 4384 confusionem
2561 4325 2627 4387 in

243 4415 513 4482 Bacchis
579 4416 828 4481 haberi:
901 4416 1046 4482 inde
1110 4423 1312 4482 ortam
1375 4416 1667 4482 lacunam
1717 4437 1881 4490 esse,
1934 4425 2000 4483 et
2047 4439 2123 4485 ex
2172 4421 2369 4489 altera
2414 4447 2622 4493 recen·
