3192 5017
911 255 997 311 Ab
1043 260 1266 313 novum
1309 262 1805 315 neumarum.
2430 236 2568 312 293

213 432 316 499 hoc
370 434 629 500 voluisse
692 434 972 520 Lucam,
1034 458 1357 502 summam
1408 440 1701 504 omnium
1750 438 1943 502 fuisse
1990 435 2404 501 diffidentiam
2453 455 2562 521 po·

212 542 431 624 tuitque
470 540 588 606 hoc
634 543 730 607 ita
777 544 1133 608 enunciare:
1183 552 1420 617 πολλῆς
1462 543 1527 607 δὲ
1574 544 1934 614 aex-eclam
1984 540 2405 621 ὑπαρχούσης.
2455 539 2565 606 Sic

213 645 487 711 Anaxilas
531 643 832 712 Comicus
880 648 1083 713 dixit:

622 754 982 832 ὦπιςότερος
1031 750 1093 819 εἶ
1130 760 1249 818 τῶν
1295 760 1561 834 κοχλιῶν
1609 756 1823 836 πολλῷ
1873 754 2060 838 πάνυ,

624 852 680 923 οἳ
727 859 1120 941 περιφέρουσ’
1169 859 1277 926 ὑπ’
1326 862 1589 935 ἆπιςίοις
1639 861 1758 934 τοὶς
1805 859 2024 934 οἰκίας.

283 1070 495 1136 XLIX.
565 1072 756 1138 Nunc
826 1075 1268 1138 examinemus
1335 1071 1547 1140 Lucae
1618 1075 1812 1141 verba
1879 1076 1948 1139 in
2014 1074 2202 1139 Actis
2265 1070 2372 1140 27.
2439 1071 2561 1139 38:

208 1176 491 1260 ἐκούφιζον
551 1181 622 1243 τὸ
687 1188 898 1245 πλοῖον
961 1178 1414 1257 ἐκβαλλόμενοι
1481 1181 1584 1244 τὸν
1644 1188 1872 1246 σῖτον
1919 1181 2006 1252 εἰς
2055 1182 2166 1254 τὴν
2214 1178 2560 1246 odimur.

207 1282 378 1349 Navis
438 1293 570 1351 erat
634 1284 1102 1362 Alexandrina,
1162 1307 1324 1372 qua,
1374 1289 1475 1352 uti
1520 1286 1822 1352 credibile
1869 1293 2001 1364 est,
2050 1288 2447 1351 frumentum
2495 1288 2563 1349 in

205 1387 430 1456 Italiam
479 1391 936 1468 advehebatur,
976 1391 1057 1457 cf.
1096 1413 1192 1458 vs.
1233 1391 1295 1457 6.
1337 1392 1583 1458 Verum
1625 1393 1692 1457 in
1722 1392 1843 1459 hoc
1882 1398 2170 1458 extremo
2197 1392 2564 1457 discrimine

204 1515 319 1561 sero
382 1502 514 1563 erat
580 1501 891 1583 jacturam
961 1499 1165 1563 facere
1230 1504 1296 1565 et
1368 1506 1693 1585 praeterea
1764 1499 2273 1585 quattuordecim
2340 1497 2566 1562 diebus

202 1609 325 1668 ante
365 1606 518 1669 socii
562 1604 685 1668 hoc
723 1607 857 1690 jam
909 1603 1131 1670 fecisse
1178 1611 1545 1671 narrantur:
1596 1626 1688 1671 vs.
1745 1603 1865 1670 18:
1914 1605 2186 1685 σφοδρῶς
2229 1603 2291 1668 δὲ
2329 1625 2566 1684 χειμα-

203 1705 436 1786 ζομένων
502 1710 674 1788 ἡμῶν
736 1719 814 1791 τῇ
878 1707 1014 1786 ἑξῆς
1081 1710 1347 1788 ἐκβολὴν
1412 1712 1752 1788 ἐποιοῦντο,
1819 1711 2077 1794 deinde,
2120 1712 2274 1794 quia
2319 1729 2399 1774 ne
2447 1708 2566 1775 boc

203 1814 430 1897 quidem
478 1819 635 1881 satis
678 1823 847 1888 erat,
897 1817 1185 1901 sequenti
1233 1817 1335 1882 die
1373 1820 1508 1903 jam
1562 1817 2023 1903 propemodum
2073 1816 2151 1882 de
2198 1814 2404 1881 salute
2451 1835 2567 1880 sua

203 1917 576 2006 desperantes
623 1928 1021 1987 armamenta
1065 1925 1491 2009 projecerant:
1542 1928 1646 1988 καὶ
1697 1933 1775 2003 τῇ
1825 1923 1998 2003 τρίτῃ
2045 1919 2407 2001 αὐτόχειρες
2455 1924 2567 1996 τὴν

201 2028 392 2101 σκευὴν
437 2033 544 2093 τοῦ
587 2028 800 2093 πλοίου
841 2028 1107 2108 ἔρριψαν.
1158 2027 1391 2093 Omnia
1422 2032 1633 2118 igitur
1668 2029 2042 2115 jamdudum
2087 2027 2366 2093 fecerant
2406 2048 2568 2112 quae

201 2138 511 2214 potuerant
573 2141 648 2199 ut
707 2136 891 2200 navis
937 2134 1263 2201 levaretur
1307 2156 1421 2200 nec
1469 2137 1803 2220 quisquam
1855 2155 2110 2221 operam
2161 2155 2342 2199 suam
2391 2153 2567 2198 recu-

202 2246 378 2317 sarat,
449 2262 597 2307 nam
674 2243 901 2305 mortis
969 2243 1190 2328 imago
1251 2246 1557 2326 perpetuo
1619 2247 1766 2307 ante
1828 2239 2045 2307 oculos
2108 2245 2245 2306 erat
2305 2242 2524 2324 itaque
2546 2289 2562 2316 ,

205 2346 346 2425 qnod
407 2346 720 2422 vidimus,
772 2367 850 2411 ne
896 2349 1041 2430 quis
1090 2349 1417 2412 communi
1472 2345 1668 2412 saluti
1716 2347 1994 2429 deesset,
2044 2345 2405 2427 αὐτόχειρες
2454 2346 2565 2419 τὴν

204 2453 394 2525 σκευὴν
440 2451 711 2532 ἔρριψαν.
806 2453 1223 2517 Armamenta
1271 2459 1484 2518 autem
1535 2455 1719 2518 navis
1739 2501 1753 2525 ,
1805 2453 1971 2537 quod
2019 2453 2226 2520 obiter
2272 2458 2338 2517 et
2384 2451 2565 2536 quasi

204 2554 257 2617 in
309 2563 667 2624 transcursu
733 2557 1332 2633 animadvertimus,
1400 2578 1523 2623 non
1574 2558 1703 2624 dici
1748 2558 1953 2624 solent
2000 2561 2034 2636 ἦ
2086 2559 2273 2633 σκευή
2321 2558 2431 2623 sed
2477 2557 2564 2623 τὰ

205 2665 365 2740 σκεύη
428 2665 617 2750 idque
668 2664 932 2729 fortasse
979 2664 1411 2749 reponendum
1460 2670 1586 2748 est;
1637 2663 2002 2730 Boeckhius
2047 2665 2216 2730 dicet
2259 2684 2421 2749 quae
2467 2684 2567 2729 res

205 2767 268 2832 ad
328 2773 542 2836 navim
607 2769 950 2858 regendam
1023 2772 1410 2854 pertinentes
1473 2791 1546 2836 eo
1608 2772 1866 2836 nomine
1929 2770 2563 2856 comprehendantur.

202 2871 323 2940 Jam
367 2861 687 2964 vaganth
733 2877 961 2941 incerti
1009 2896 1122 2961 per
1166 2896 1344 2941 mare
1392 2875 1846 2941 Hadriaticum
1866 2923 1882 2953 ,
1931 2876 2126 2942 donec
2171 2875 2427 2941 tandem
2466 2897 2563 2941 vs.

206 2976 277 3044 34
330 2981 571 3048 Paulus
635 2980 901 3066 reliquis
945 2987 1165 3046 auctor
1213 2988 1339 3065 est,
1388 2989 1464 3046 ut
1508 2981 1912 3066 aliquantum
1962 2983 2041 3047 ab
2088 3003 2272 3069 opere
2320 2987 2564 3048 cessent

205 3092 258 3152 et
314 3111 420 3175 per
477 3092 684 3154 otium
752 3087 969 3152 cibum
1032 3094 1323 3171 sumant,
1386 3108 1586 3171 quum
1651 3109 1764 3172 per
1822 3088 2067 3174 aliquot
2112 3089 2247 3153 dies
2293 3094 2562 3176 urgente

202 3191 348 3259 fame
390 3196 659 3280 raptim,
705 3195 927 3279 opinor
946 3241 962 3268 ,
1013 3198 1079 3258 et
1126 3198 1364 3259 temere
1414 3196 1592 3278 panis
1638 3195 1792 3258 sicci
1849 3193 2152 3259 crustulis
2192 3214 2355 3279 aqua
2393 3192 2562 3258 dilu-

202 3299 272 3364 tis
320 3300 658 3367 latrantem
721 3300 1124 3365 stomachum
1174 3299 1620 3385 placavissent.
1713 3296 1974 3365 Scilicet
2009 3300 2397 3386 jamdudum
2438 3303 2564 3367 eie-

206 3414 390 3473 corant
453 3409 849 3473 frumentum
872 3454 889 3482 ,
953 3405 1120 3490 quod
1182 3408 1249 3470 in
1313 3401 1568 3470 Italiam
1630 3404 2073 3470 advehendum
2120 3407 2364 3483 fuerat,
2414 3407 2561 3486 sed,

206 3516 281 3575 uti
335 3535 604 3600 aequum
671 3518 796 3585 est,
851 3517 1258 3596 pepercerant
1305 3518 1430 3581 τοῖς
1477 3511 1737 3589 ἐφοδίοις
1759 3560 1776 3594 ,
1827 3511 2253 3578 mediocribus
2301 3513 2562 3597 quidem

207 3619 295 3684 sed
350 3621 425 3686 ad
487 3622 695 3686 vitam
759 3617 1237 3683 sustentandam
1286 3618 1674 3682 necessariis.
1769 3616 2023 3701 Itaque,
2076 3638 2166 3683 vs.
2217 3616 2335 3698 36,
2386 3642 2566 3700 προσ·-

208 3726 618 3802 λιιμβοίνοντοιι
689 3729 921 3805 τροφῆς
989 3721 1290 3788 mortales
1361 3725 1773 3809 septuaginta
1853 3743 1993 3808 sex,
2069 3726 2180 3808 qui
2263 3746 2338 3791 ea
2412 3729 2562 3791 navi

208 3831 591 3898 vehebantur.
684 3830 801 3895 Est
860 3835 1072 3896 autem
1132 3827 1319 3893 facile
1368 3828 1450 3893 ad
1499 3828 1963 3914 conjiciendum
1982 3878 1998 3905 ,
2049 3830 2177 3895 cibi
2223 3850 2564 3916 perparum

208 3934 375 4004 fuisse
431 3938 728 4004 relictum
751 3986 767 4010 ,
830 3955 979 4001 nam
1044 3935 1130 3999 τὰ.
1194 3932 1416 4012 ἐφόδια
1465 3936 1532 3998 in
1578 3954 1814 4019 paucos
1860 3940 2110 3999 tantum
2163 3935 2297 4001 dies
2342 3956 2567 4021 suppe-

210 4043 437 4128 tebant,
483 4045 666 4109 cuius
713 4043 802 4107 rei
850 4041 1163 4106 habemus
1211 4039 1578 4125 exemplum
1618 4043 1686 4104 in
1725 4045 1950 4125 quarta
1985 4039 2239 4127 Synesii
2272 4041 2564 4126 epistula,

213 4152 303 4232 qui
344 4151 523 4217 fratri
569 4169 684 4215 suo
731 4147 1008 4232 Euoptio
1055 4147 1303 4222 scribit,
1354 4166 1463 4234 pg.
1513 4151 1613 4211 est
1651 4144 1784 4210 644
1821 4148 1888 4210 in
1925 4144 2216 4212 Parisina
2247 4147 2566 4232 Editione‚

214 4273 345 4337 quas
409 4275 742 4323 aerumnas
811 4256 976 4319 mari
1049 4272 1381 4337 perpessus
1444 4254 1551 4317 sit.
1644 4251 1872 4336 Itaque
1930 4258 2236 4317 nocturno
2283 4258 2569 4338 tempore

212 4368 445 4444 paratur
506 4382 701 4429 coena
761 4359 1079 4445 quomodo
1144 4364 1447 4445 possunt3
1492 4355 1894 4424 intellectum
1944 4358 2114 4423 enim
2162 4358 2405 4441 fuerat,
2451 4366 2572 4427 ter·
