3192 5017
516 282 648 350 100
1516 302 1907 351 assonam.

514 473 848 553 τρέφοιν
908 475 993 540 τὰ
1059 482 1174 541 τῶν
1233 474 1471 559 πέλας,
1533 474 1641 540 sed
1705 471 1895 538 fidem
1955 492 2081 539 non
2126 474 2374 540 invenit
2419 472 2589 560 apud
2636 473 2909 541 Valcke-

515 584 842 657 naerium,
912 584 1023 667 qui
1087 583 1152 647 in
1198 581 1491 647 Diatribe
1539 603 1599 667 p.
1653 579 1782 644 153
1830 578 2243 665 probabiliter
2289 581 2593 668 corrigit:
2645 577 2911 660 ἐκτρέ-

513 693 629 763 φω
649 710 695 750 v.
766 686 1004 752 Verum
1056 690 1309 753 etiamsi
1358 686 1557 753 semel
1602 686 1867 751 fortasse
1914 684 2052 751 tale
2086 687 2242 771 quid
2289 685 2628 771 Euripides
2671 704 2912 753 novare

516 813 708 858 ausus
754 794 840 858 sit
861 842 877 869 ,
926 812 1051 859 non
1098 799 1196 859 est
1233 794 1356 859 hoe
1389 794 1469 858 ad
1507 791 1873 878 exemplum
1914 791 2296 857 trahendum
2335 813 2538 878 neque
2575 797 2912 878 propterea

516 900 750 964 miram
799 904 988 985 atque
1035 901 1395 965 inauditam
1440 899 1714 964 formam
1763 900 1918 965 satis
1963 904 2105 963 tuto
2150 900 2215 963 in
2255 903 2507 976 textum
2547 901 2912 985 conjectura

512 1004 881 1071 inferemus.
975 1005 1189 1072 Etiam
1258 1004 1515 1070 difficile
1578 1005 1757 1070 dictu
1803 1010 1933 1080 est,
1990 1024 2103 1069 cur
2144 1010 2332 1090 poeta
2379 1005 2430 1069 εἱ
2478 1003 2724 1085 τρέφοιν
2769 1023 2914 1069 ma-

516 1108 713 1176 luerit
769 1132 963 1197 quam
1027 1110 1583 1197 simplicissimum
1636 1109 1801 1176 illud
1850 1110 2185 1195 ἕκτρέφῳν·
2233 1113 2517 1176 metrum
2567 1116 2734 1176 certe
2778 1128 2910 1174 non

516 1217 784 1305 cogebat
838 1239 985 1282 eum
1036 1224 1111 1282 ut
1157 1219 1277 1283 hoc
1320 1217 1556 1284 faceret
1601 1237 1804 1303 neque
1851 1217 2285 1304 Lycophronis
2330 1215 2686 1305 singularia
2708 1220 2911 1281 secta-

512 1323 703 1388 batur
770 1328 846 1388 ut
914 1325 1038 1389 sibi
1108 1322 1454 1390 laureolam
1517 1331 1929 1410 compararet.
2024 1322 2330 1389 Formam
2392 1323 2641 1402 τρέφοιν
2688 1327 2911 1388 tuetur

515 1428 951 1496 Buttmannus
1016 1433 1085 1495 in
1155 1428 1449 1496 Gramm.
1526 1427 1641 1496 Gr.
1701 1430 1729 1495 1
1789 1451 1850 1516 p.
1919 1427 2086 1515 355,
2150 1430 2259 1495 sed
2318 1449 2398 1495 ne
2467 1430 2573 1495 hic
2642 1428 2910 1514 quidem

516 1537 845 1600 existimat
925 1542 1173 1620 praeter
1254 1537 1421 1601 hunc
1490 1557 1693 1600 unum
1761 1535 1976 1601 locum
2048 1535 2175 1602 alia
2245 1535 2539 1621 exempla
2607 1535 2910 1601 inveniri.

517 1639 776 1706 Novum
818 1641 1186 1728 exemplum
1229 1643 1352 1707 sibi
1392 1642 1796 1729 indagavisse
1836 1642 2091 1707 videtur
2128 1641 2485 1707 Mauricius
2507 1640 2913 1707 Schmidtius

516 1747 585 1811 in
653 1746 991 1837 Philologo
1048 1747 1145 1812 IX
1205 1769 1266 1833 p.
1328 1747 1486 1826 445,
1553 1751 1665 1832 qui
1724 1750 2050 1814 existimat
2104 1749 2333 1835 tragici
2376 1752 2600 1832 poetae
2645 1766 2913 1814 versum

519 1852 717 1920 latere
783 1857 853 1919 in
912 1854 1175 1921 Eusebii
1235 1854 1448 1920 verbis
1504 1854 1672 1940 apud
1731 1853 2079 1921 Stobaeum
2141 1852 2188 1918 I.
2258 1852 2380 1918 85:
2446 1855 2700 1931 αἱνέοιμι
2763 1853 2911 1925 τοὺς

524 1958 813 2037 ἀγαθοὺς
886 1959 1215 2043 ἀφθόνως·
1289 1959 1641 2040 φιλόψογον
1709 1962 1773 2026 δὲ
1839 1967 2136 2037 γλῶσσαν
2200 1961 2431 2033 παντὸς
2503 1958 2913 2041 οξποςυγέοιν,

521 2086 682 2149 quae
744 2072 840 2132 est
898 2066 1176 2132 Parisini
1237 2065 1489 2133 Codicis
1549 2066 1740 2132 lectio
1803 2086 1915 2151 pro
1978 2067 2379 2143 ἁποςυγοὲην.
2471 2065 2648 2132 Haec
2693 2071 2915 2132 autem

521 2172 716 2238 verba
761 2174 816 2237 si
863 2172 1092 2260 tragici
1139 2179 1359 2258 poetae
1407 2172 1832 2246 videbuntur,
1873 2192 2000 2237 non
2034 2172 2353 2238 intercedo
2392 2173 2733 2257 quominus
2766 2173 2917 2256 quis

523 2278 862 2344 contendat
917 2281 986 2343 in
1034 2278 1213 2343 bonis
1259 2276 1464 2342 literis
1510 2297 1618 2342 me
1663 2297 1853 2362 supra
1898 2276 2140 2363 talpam
2187 2280 2521 2344 caecutire.
2616 2276 2916 2343 Tertium

508 2383 895 2469 exemplum
958 2382 1149 2470 paulo
1210 2386 1454 2449 maiore
1516 2381 1639 2449 fide
1701 2383 1974 2470 dignum
2021 2389 2147 2461 est,
2196 2404 2347 2448 nam
2395 2381 2696 2450 Cratinus
2742 2381 2917 2469 apud

525 2488 797 2555 Suidam
843 2492 938 2556 ita
983 2489 1178 2555 dicit:

659 2594 954 2669 ποδαπὰς
1005 2595 1169 2672 ὑμᾶς
1218 2590 1376 2659 εἶναι
1422 2595 1687 2674 φάο-κων
1733 2592 1775 2660 ὦ
1823 2595 2113 2675 μείρακες
2161 2596 2270 2661 οὐκ
2317 2593 2394 2660 ἂν
2440 2594 2774 2674 dudm-01⁹3

523 2703 631 2769 sed
680 2722 761 2768 ne
807 2702 928 2768 hoc
973 2700 1234 2787 quidem
1282 2704 1437 2768 satis
1485 2708 1616 2785 est,
1667 2709 1742 2767 ut
1788 2702 2053 2768 eandem
2090 2702 2363 2768 formam
2404 2703 2474 2767 in
2513 2702 2915 2789 tragoediam

523 2808 754 2875 inferre
815 2807 1178 2874 audeamus.
1275 2808 1574 2873 Nimium
1639 2815 1807 2874 certe
1869 2817 1965 2873 est
2026 2808 2195 2893 quod
2257 2809 2485 2873 Suidas
2546 2809 2753 2875 addit:
2805 2807 2914 2874 καὶ

523 2914 676 2986 ὅλως
748 2912 1099 2988 σύνηθες
1170 2914 1240 2978 τὸ
1302 2919 1534 2978 τοιοῦτο
1599 2920 1663 2979 et
1724 2913 1910 2980 facile
1970 2912 2106 2979 fieri
2166 2916 2414 2999 potuit,
2477 2922 2553 2980 ut
2620 2935 2915 2981 mancam

524 3022 904 3092 sententiam
953 3022 1418 3108 grammaticus
1463 3023 1782 3086 invenerit
1820 3022 2257 3106 scriptumque
2297 3020 2491 3084 fuerit
2526 3022 2595 3085 in
2634 3027 2916 3086 extremo

522 3147 712 3193 versu
777 3126 1104 3206 ἁμαρτών,
1170 3146 1316 3191 cum
1379 3124 1630 3191 finitum
1702 3127 1965 3193 verbum
2039 3129 2328 3211 sequenti
2397 3147 2587 3191 versu
2656 3126 2914 3193 demum

523 3234 814 3301 additum
861 3238 1046 3299 esset.
1105 3231 1238 3298 Nec
1285 3235 1494 3320 magis
1541 3235 1876 3317 quisquam
1923 3254 2026 3298 me
2071 3232 2349 3298 refutare
2393 3236 2629 3317 poterit
2670 3235 2727 3298 si
2772 3253 2916 3298 con·

526 3340 784 3407 tendero
832 3338 1098 3417 ἁμάρτοι
1145 3359 1280 3404 esse
1323 3337 1668 3425 legendum
1693 3388 1708 3413 ‚
1751 3359 1901 3403 cum
1944 3338 2325 3417 Δραπέτιδες
2365 3338 2585 3404 fabula
2623 3342 2710 3404 sit
2747 3339 2915 3404 unde

522 3446 644 3513 hoe
701 3444 1132 3533 fragmentum
1197 3444 1577 3528 desumtum,
1629 3446 1716 3508 sit
1764 3448 1829 3507 et
1873 3445 1942 3507 in
1989 3464 2063 3509 ea
2108 3444 2431 3509 comoedia
2476 3443 2721 3530 Lampo
2768 3444 2913 3510 illas

528 3549 928 3631 Δραπέτιδοις
978 3550 1186 3615 dicere
1221 3550 1451 3635 jussit,
1499 3567 1625 3633 quo
1670 3551 1927 3614 nomine
1972 3570 2077 3615 eas
2112 3548 2392 3616 Pericles
2431 3550 2809 3636 compellare
2850 3554 2913 3618 et

526 3658 804 3726 salutare
850 3656 1140 3722 deberet:

666 3762 960 3832 ποδαπάς
1010 3763 1174 3839 ὑμᾶς
1223 3757 1375 3826 εἶναι
1425 3759 1724 3845 (pnicum,
1772 3759 1815 3827 ὦ
1864 3763 2153 3841 μείρακες
2180 3812 2194 3837 .
2243 3765 2348 3828 οὐκ
2396 3761 2474 3828 ἂν
2522 3762 2808 3843 ἁμάρτοι.

528 3870 654 3939 Sed
718 3869 798 3936 ad
846 3887 992 3932 eum
1039 3866 1251 3931 locum
1275 3915 1292 3942 ,
1341 3869 1409 3930 in
1463 3888 1587 3952 quo
1624 3870 1762 3955 jam
1812 3869 1991 3935 vides
2037 3890 2160 3935 non
2209 3875 2460 3934 tantum
2505 3890 2640 3935 esse
2686 3872 2909 3956 praesi-

526 3981 654 4057 dii,
726 3981 1033 4062 quantum
1104 3972 1306 4060 vulgo
1351 3979 1618 4058 putatur
1662 3978 1891 4052 inesse,
1941 3974 1978 4041 J
1984 3976 2274 4041 aeobsius
2318 3977 2388 4039 in
2439 3974 2907 4063 Supplementis

526 4082 989 4153 Addendorum
1051 4078 1291 4146 multas
1351 4079 1643 4147 laudavit
1704 4084 1991 4148 virorum
2039 4083 2370 4147 doctorum
2418 4081 2902 4167 disputationes,

526 4190 607 4257 ad
668 4206 827 4272 quas
888 4186 1056 4253 mihi
1117 4205 1241 4250 non
1305 4191 1400 4252 est
1460 4188 1674 4253 aditus
1737 4195 2177 4272 praeterquam
2226 4189 2305 4253 ad
2349 4188 2755 4273 Nauckium‚
2801 4189 2906 4275 qui

527 4294 793 4364 eandem
841 4295 1271 4379 quaestionem
1322 4295 1624 4360 tractavit
1668 4297 1737 4359 in
1784 4293 1947 4359 libro
1994 4294 2071 4358 de
2112 4295 2533 4380 Aristophane
2568 4294 2722 4382 Byz.
2759 4318 2819 4381 p.
2844 4311 2903 4359 v,

490 4445 494 4449 -
525 4402 624 4468 lbi
648 4400 708 4468 N
712 4400 980 4466 auckius
1003 4399 1303 4466 adversus
1346 4399 1862 4490 Bernhardyum,
1906 4402 2017 4485 qui
2055 4420 2283 4487 parum
2319 4403 2548 4467 tribuit
2587 4400 2903 4489 Euripidis
