3192 5017
549 265 679 333 422
1639 285 1869 334 mvms.

552 467 693 533 μεῖν
754 456 1161 535 βουλομένους
1223 456 1330 532 ἤδη
1395 457 1729 534 Ῥωμαίους
1791 465 2016 531 Περσεῖ
2080 494 2159 506 -
2226 462 2474 535 μᾶλλον
2541 457 2945 538 ἐξηγρίωσαν.

554 564 696 630 Liv.
762 563 870 647 42,
924 563 1034 628 14:
1086 568 1275 627 omnis
1319 569 1376 627 et
1421 564 1692 649 defensio
1741 571 1796 628 et
1840 565 2171 647 deprecatio
2222 564 2541 645 lecatorum
2587 581 2947 630 RBSPUBBA·

554 687 713 747 'rum
787 680 846 733 et
908 674 1279 753 exasperavit
1340 674 1564 733 animm
1616 670 1856 755 ferocia
1915 687 2102 735 ΝΙΜΙΑ
2162 670 2459 752 Harpali,
2521 670 2622 753 qui
2652 669 2939 751 princeps

553 776 868 858 lcyatiouis
930 784 1080 841 erat.
1144 773 1275 842 Cur
1322 772 1621 840 tandem?
1670 777 1822 860 quia
1867 775 2112 840 dixerat
2164 776 2357 853 „velle
2399 776 2624 859 quidem
2668 782 2724 838 et
2772 775 2933 837 labo-

553 905 693 946 rare
759 904 948 963 reycm
1016 889 1082 945 ut
1130 886 1426 964 purqanti
1485 903 1545 944 se
1607 881 1766 944 nihil
1822 880 2041 944 hostile
2102 881 2323 944 dixisse
2383 889 2488 944 aut
2526 881 2741 967 fecisse
2773 881 2937 962 fides

554 989 844 1052 habeatur
859 1009 874 1067 ;
943 998 1193 1052 ceterum
1255 993 1312 1051 si
1360 988 1739 1070 pervicacius
1804 1009 2040 1051 causam
2099 987 2242 1051 belli
2287 988 2498 1072 quaeri
2542 989 2735 1051 videat
2770 985 2943 1070 forti

556 1094 751 1157 animo
820 1110 1245 1159 permensum
1303 1115 1382 1156 se.
1477 1092 1898 1164 Manifestum
1966 1098 2062 1158 est
2129 1092 2451 1159 Romanos
2501 1092 2666 1159 ultro
2713 1092 2937 1158 Perseo

555 1199 800 1265 bellum
863 1201 1174 1264 intentare
1238 1204 1303 1264 et
1363 1218 1581 1285 regem
1633 1200 1808 1265 omni
1857 1198 2044 1263 modo
2091 1218 2313 1283 pacem
2363 1219 2614 1265 servare
2663 1197 2825 1264 velle
2878 1202 2942 1261 et

555 1308 613 1371 si
660 1308 758 1371 vis
805 1305 1129 1370 aflei-retur
1175 1320 1602 1369 narnusunuu
1647 1324 1713 1370 se
1760 1303 2067 1389 profiteri.

646 1410 868 1496 Itaque
929 1411 1242 1494 Harpalus
1301 1418 1524 1495 quanta
1588 1411 1843 1475 maxima
1906 1412 2212 1476 celeritate
2243 1418 2487 1495 poterat
2534 1432 2830 1492 repressus
2877 1409 2943 1472 in

557 1518 972 1583 Macedoniam
1019 1522 1266 1580 nunciat
1314 1522 1442 1597 νομί
1484 1518 1744 1581 nondum
1787 1518 2018 1603 quidem
2045 1528 2341 1601 parantes
2381 1519 2597 1582 bellum
2634 1516 2947 1601 reliquisse

556 1647 619 1689 se
687 1623 984 1687 Romanos
1050 1623 1157 1685 sed
1222 1622 1311 1686 ita
1381 1622 1637 1707 infestos
1705 1631 1773 1688 ut
1824 1624 2023 1709 facile
2086 1635 2401 1707 appareret
2456 1646 2576 1688 uon
2624 1623 2941 1686 dilaturos.

556 1730 826 1795 Perseus
894 1730 1099 1816 igitur
1154 1735 1576 1812 praeterquam
1645 1730 1805 1813 quod
1874 1738 1931 1793 et
2000 1730 2091 1793 ita
2163 1731 2433 1795 credebat
2480 1731 2771 1816 futurum
2830 1745 2947 1794 IAM

561 1854 763 1903 ΒΤΙΔΜ
808 1851 1102 1901 VOLRBAT
1147 1839 1214 1898 iu
1244 1836 1406 1918 flore
1450 1834 1672 1898 virium
1718 1857 1781 1898 ee
1826 1836 2068 1901 credens
2113 1860 2256 1902 esec.

651 1942 1072 2026 Perspicuum
1133 1945 1229 2006 est
1289 1940 1443 2026 quid
1505 1942 1592 2004 sit
1652 1958 1771 2005 ΙΔΜ
1827 1942 2004 2006 etiam
2066 1944 2312 2007 volebat.
2408 1942 2678 2007 Perseus
2744 1941 2950 2008 adhue

559 2049 804 2116 bellum
866 2068 1015 2112 eum
1062 2046 1366 2112 Romanis
1418 2048 1735 2131 suscipere
1781 2046 2105 2132 noluerat,
2154 2049 2261 2114 sed
2310 2049 2420 2114 ubi
2470 2051 2775 2136 cognovit
2816 2047 2949 2113 bel-

559 2156 698 2221 lum
747 2154 1046 2220 adversus
1093 2173 1158 2217 se
1205 2154 1411 2237 parari
1462 2157 1527 2216 et
1570 2153 1707 2238 ipse
1753 2155 1882 2218 iam
1936 2174 2113 2219 arma
2161 2176 2409 2220 sumere
2451 2153 2708 2221 volebat
2748 2155 2948 2238 copiis

562 2267 626 2327 et
673 2260 1081 2347 apparatibus
1128 2260 1500 2345 ingentibus
1549 2279 1586 2323 a
1632 2263 1809 2344 patre
1859 2259 2016 2325 olim
2064 2264 2302 2346 paratis
2348 2261 2565 2325 fretus.

649 2365 773 2432 Sed
836 2370 1098 2431 cautum
1162 2384 1296 2428 esse
1357 2363 1699 2429 admodum
1747 2370 1993 2455 oportet
2037 2365 2103 2429 in
2152 2365 2566 2431 admittendis
2610 2365 2949 2432 historico-

560 2494 708 2539 rum
771 2472 1150 2538 oonieeturis
1211 2490 1372 2554 quae
1429 2489 1551 2535 non
1601 2470 1787 2535 factis
1834 2473 1963 2535 sint
2011 2471 2352 2537 stabilitae.
2448 2471 2636 2557 Apud
2684 2471 2942 2539 Livium

561 2580 673 2657 42,
725 2576 841 2668 2:-
868 2577 1054 2659 leqati
1115 2577 1182 2640 iu
1242 2577 1660 2641 Macedoniam
1705 2582 1870 2641 mirsi
1915 2584 2344 2642 renunciatum
2388 2579 2507 2642 sibi
2555 2578 2948 2644 conveniendi

558 2688 716 2770 reqie
781 2686 988 2751 Persei
1038 2721 1120 2732 —
1156 2690 1511 2766 potestatem
1569 2705 1688 2747 non
1734 2684 2000 2768 factam.
2095 2686 2303 2749 Facile
2364 2693 2556 2749 tamen
2604 2691 2949 2769 apparuisse

559 2796 675 2858 eibi
737 2793 951 2857 bellum
1001 2790 1222 2874 parari
1282 2812 1387 2853 uec
1446 2794 1613 2852 ultra
1672 2791 1754 2852 ad
1814 2813 1978 2853 arma
2025 2791 2133 2855 ΞΜ
2178 2792 2539 2868 dilaturum,
2594 2792 2708 2856 ubi
2761 2794 2948 2857 corri-

559 2900 843 2988 gendum
923 2917 1057 2962 esse
1133 2896 1304 2961 dixi:
1388 2896 1471 2958 ad
1552 2918 1720 2959 arma
1788 2901 1878 2961 ire
1944 2914 2148 2978 anem
2221 2898 2572 2962 dilaturum.
2672 2897 2944 2963 Factum

560 3007 679 3073 hoe
743 3011 839 3071 est
900 3023 1062 3069 anno
1131 3000 1282 3085 173,
1348 3001 1413 3065 id
1475 3008 1570 3066 est
1634 3021 1794 3067 anno
1856 3008 2001 3067 ante
2065 3023 2252 3087 quam
2305 3003 2622 3068 Eumenes
2670 3004 2946 3070 Romam

561 3115 772 3196 venit,
843 3132 966 3196 quo
1039 3114 1323 3193 tempore
1393 3107 1661 3173 Perseus
1731 3107 2094 3174 Romanum
2159 3108 2402 3175 bellum
2464 3131 2667 3195 neque
2733 3111 2946 3176 animo

563 3218 861 3286 volvebat
906 3236 1108 3301 neque
1155 3214 1434 3300 parabat.
1483 3212 1705 3297 Itaque
1753 3213 2063 3280 falluntur
2108 3215 2310 3302 legati
2356 3218 2503 3300 qui,
2555 3218 2647 3280 ita
2693 3218 2795 3282 uti
2841 3216 2937 3291 fit,

563 3346 724 3412 quae
786 3325 1015 3388 animis
1076 3320 1562 3405 suspicabantur
1622 3340 1695 3384 ea
1755 3320 1879 3385 sibi
1946 3321 2161 3385 videre
2211 3321 2608 3389 videbantur.
2702 3322 2936 3389 Eodem

564 3431 756 3497 modo
798 3429 1023 3494 dubito
1069 3427 1147 3493 de
1194 3425 1412 3491 Persei
1460 3424 1790 3491 voluntate
1836 3425 1989 3491 belli
2037 3427 2299 3513 gerendi
2348 3431 2495 3512 quia
2543 3448 2690 3492 eum
2729 3429 2936 3496 omnia

564 3543 856 3625 agentem
918 3534 1102 3600 video
1123 3582 1137 3607 ‚
1198 3533 1392 3597 etiam
1441 3552 1508 3597 se
1553 3533 1821 3619 indigna
1868 3554 1939 3597 ao
1991 3536 2232 3618 turpia,
2286 3540 2361 3597 ut
2408 3551 2535 3618 pax
2581 3530 2937 3599 reconcilia-

560 3650 757 3710 retur.
809 3641 1059 3706 Interea
1105 3640 1421 3703 Eumenes
1467 3637 1687 3703 fraude
1727 3638 1940 3705 Persei
1986 3660 2178 3724 prope
2218 3646 2477 3704 necatus
2519 3646 2615 3704 est
2654 3646 2717 3704 et
2753 3638 2943 3704 Ram·

561 3752 735 3817 mins
806 3769 843 3813 a
912 3746 1140 3813 Perseo
1202 3751 1485 3809 tentatus
1547 3749 1644 3809 est
1696 3752 1771 3809 ut
1832 3744 2065 3832 legatis
2125 3745 2560 3810 Romanorum
2626 3765 2943 3811 venenum

564 3857 844 3924 dandum
890 3855 1161 3918 curaret.
1220 3852 1399 3932 „haec
1443 3852 1527 3914 ad
1569 3873 1638 3914 ea
1683 3873 1834 3935 quae
1878 3853 1950 3914 ab
1996 3852 2263 3916 Eumene
2309 3853 2505 3915 deleta
2549 3859 2720 3915 crant
2757 3873 2947 3915 acces·

565 3987 695 4032 scre
762 3978 884 4037 Quo
944 3972 1269 4023 meremus
1330 3973 1562 4023 nosms
1624 3958 1921 4024 Pessime
1982 3975 2409 4023 mmeffin'run
2469 3957 2610 4024 Liv.
2678 3956 2783 4035 42,
2838 3956 2944 4022 18.

566 4071 836 4155 Appian.
902 4063 1019 4130 IX.
1085 4062 1333 4141 2:2ae
1397 4061 1606 4134 ἄλλοις
1667 4063 1731 4128 δέ
1792 4088 1964 4136 τινας
2030 4063 2238 4136 αἰτίοις
2303 4065 2353 4128 οἱ
2397 4069 2685 4141 Ῥωμαῖοι
2735 4067 2793 4134 ἐς
2842 4063 2944 4130 τὸν

566 4174 839 4254 Περσέως
906 4170 1175 4248 πόλεμον
1237 4171 1312 4242 ὥς
1375 4169 1539 4235 οὔπω
1587 4171 1929 4249 κεκριμένον
1976 4169 2526 4250 προσελάμβανον,
2578 4172 2690 4236 ubi
2736 4172 2942 4235 anim·

568 4282 826 4348 adverte
899 4280 1087 4345 verba
1149 4280 1223 4348 ὠς
1286 4275 1449 4341 οὔπω
1516 4277 1854 4357 κεκριμένον
1908 4278 2081 4364 quasi
2146 4278 2400 4341 noudum
2455 4278 2746 4343 decretum
2793 4284 2942 4343 ccccc
