3192 5017
544 287 671 358 164
1533 315 1948 365 pancorum.

533 508 758 553 curans
806 487 1150 572 Procopius
1194 490 1462 571 utraque
1508 506 1662 552 voce
1702 486 2120 575 Thucydides.
2134 536 2152 566 ,
2210 510 2483 574 quarum
2529 490 2746 557 altera
2791 508 2941 556 sano

537 593 912 670 suffecisset,
962 594 1286 678 perinepte
1331 614 1483 658 usus
1527 601 1644 659 est.
1693 593 2096 660 Adverbium
2144 595 2342 662 semel
2375 594 2579 678 Thuc.
2632 597 2937 663 adhibuit

535 699 618 777 H,
685 698 772 764 90
833 700 869 780 ξ
919 697 977 776 3,
1048 700 1159 764 ubi
1219 701 1559 784 opponitur
1607 700 1707 763 ἐπὶ
1757 698 1957 780 κέρως.
2052 701 2270 767 Etiam
2314 703 2510 768 verba
2553 721 2939 791 praegressa

540 802 606 881 ἦν
675 805 739 869 δὲ
809 808 843 880 ἡ
915 805 1247 884 ναυμαχία
1312 806 1373 876 ἐς
1437 803 1613 883 ἄγαν
1679 805 1821 892 (hoc
1885 807 2353 892 Procopianum
2417 817 2514 874 est
2560 830 2684 894 pro
2740 807 2940 886 ἄγαν)

539 914 806 993 ἱσχυρα,
855 911 1225 995 πεζομαχίᾳ
1271 912 1544 994 ἐμφερής
1590 915 1658 977 in
1706 919 1985 978 mentem
2031 930 2330 980 revocant.
2374 914 2591 980 locum
2644 914 2864 980 Thuc.
2888 913 2932 990 I,

540 1018 775 1097 49,1:
833 1015 900 1093 ἦν
959 1042 1028 1082 τε
1095 1021 1129 1095 ἧ
1189 1019 1525 1098 ναυμαχία
1590 1018 1881 1099 καρτερά,
1946 1028 2027 1102 τῇ
2089 1023 2201 1097 μὲν
2262 1020 2456 1103 τέχνη
2501 1022 2626 1103 οὐχ
2684 1022 2944 1100 ὁμοίως,

539 1124 913 1209 πεζομαχία
958 1125 1022 1189 δὲ
1066 1125 1136 1189 τὸ
1187 1123 1371 1189 πλέον
1418 1126 1757 1206 προσφερὴς
1805 1120 1976 1193 οὖσα.
2029 1125 2126 1192 Of.
2175 1126 2260 1211 II,
2307 1125 2416 1204 89,
2468 1126 2509 1192 6
2558 1127 2672 1213 IV,
2734 1126 2844 1204 14,
2885 1124 2942 1190 3.

635 1233 905 1298 Ibidem.
960 1231 1044 1296 18
1092 1231 1531 1313 φορμηδόν
1584 1231 1835 1309 Th.11‚
1890 1231 1998 1299 ¹75.

629 1339 707 1405 P.
780 1336 935 1422 627,
997 1340 1039 1402 2
1101 1338 1205 1403 τὸν
1252 1361 1591 1418 ατρακτον,
1640 1339 1952 1423 mqiccam,
2001 1338 2082 1404 ed
2128 1339 2497 1424 exemplum
2543 1339 2757 1406 Thuc.
2814 1336 2937 1422 IV,

544 1446 655 1530 40,
720 1448 784 1510 2.
843 1444 1214 1523 ἀπεκρίνατο
1276 1450 1513 1509 πολλοῦ
1577 1442 1653 1509 ἂν
1711 1441 1878 1521 ἄξιον
1943 1442 2096 1510 εἶναι
2163 1447 2267 1512 τὸν
2329 1445 2638 1526 ἄτρακτον
2708 1444 2950 1532 [λέγων

544 1552 646 1616 τὸν
695 1548 877 1639 οἷς-όν]
910 1600 926 1628 ,
976 1551 1026 1614 εἰ
1077 1550 1216 1622 τοὺς
1266 1549 1555 1629 άγαθοὺς
1608 1550 2009 1629 διεγίγνωσκε
2075 1552 2366 1636 [δήλωσιν
2429 1552 2796 1630 ποιούμενος
2858 1546 2945 1614 ὅτι

546 1661 574 1723 ὁ
639 1657 1036 1738 ἐντυγχάνων
1084 1665 1208 1730 τοῖς
1256 1682 1327 1722 τε
1377 1651 1656 1729 λίθοις
1705 1658 1809 1720 καὶ
1857 1655 2196 1736 τοξεύμασι
2246 1656 2691 1748 διεφθείρετο].
2795 1658 2948 1723 Em-

545 1764 829 1830 blemata
874 1764 1084 1830 delevi
1130 1765 1298 1828 Scud.
1353 1764 1532 1829 Pauo.
1581 1784 1642 1848 p.
1696 1763 1799 1828 54.
1866 1765 2164 1831 Alterum
2211 1766 2411 1831 etiam
2455 1787 2524 1832 se
2569 1765 2798 1852 prodit
2845 1765 2946 1827 in-

546 1877 692 1956 epto
738 1869 854 1935 illo
899 1868 1119 1942 λίθοις.
1214 1869 1384 1951 Quid
1430 1871 1601 1935 enim
1648 1871 1924 1957 sagittae
1969 1892 2119 1936 cum
2165 1869 2524 1957 lapidibus?

634 1976 709 2041 P.
777 1974 931 2061 632,
995 1979 1036 2041 2
1105 1976 1284 2041 άλλά
1344 1981 1555 2041 ταῦτα
1617 1977 1730 2053 μὲν
1789 1976 2013 2055 γέγονέ
2079 2001 2150 2041 τε
2196 1978 2265 2041 τὸ
2310 1975 2380 2054 ἐξ
2424 1980 2630 2058 ἀρχῆς
2680 1978 2794 2044 καὶ
2847 1975 2943 2041 ἀεὶ

549 2080 720 2161 ἔται,
771 2081 846 2148 ἂν
896 2085 930 2159 ἦ
977 2083 1139 2159 αὕτη
1186 2083 1355 2162 τύχη
1403 2080 1743 2162 άνθρώποις
1794 2080 1851 2162 ᾖ.
1899 2086 2290 2171 Agnoscisne
2334 2082 2540 2151 Thuc.
2589 2084 2705 2170 III,
2757 2084 2872 2161 82,
2903 2084 2944 2145 2

549 2191 655 2253 καὶ
705 2189 971 2254 ἐπέπεσε
1019 2188 1369 2267 γιγνόμενα
1414 2189 1528 2268 μὲν
1575 2188 1681 2253 καὶ
1733 2189 1830 2254 άεὶ
1879 2189 2181 2267 ἐσόμενα,
2229 2187 2338 2263 ἕως
2387 2190 2466 2256 ἂν
2512 2192 2548 2266 ἠ
2588 2194 2755 2267 αὕτη
2801 2190 2942 2270 Φύ·

549 2321 671 2371 σις
723 2294 1056 2376 ἀνθρώπων
1103 2293 1179 2378 fi?

641 2404 849 2484 Quam
889 2402 1153 2488 plurimi
1200 2407 1522 2488 praeterea
1567 2408 1718 2467 sunt
1763 2402 1919 2480 loci,
1974 2404 2087 2469 ubi
2134 2403 2481 2490 Procopius
2500 2453 2518 2488 ,
2566 2426 2693 2471 non
2743 2422 2943 2488 mque

547 2512 953 2597 impudenter
1012 2515 1202 2595 atque
1258 2511 1328 2574 in
1380 2511 1766 2596 praegressis
1827 2509 1967 2595 ipsa
2023 2509 2197 2575 dicta
2256 2515 2322 2575 et
2366 2513 2713 2577 sententias
2762 2509 2935 2576 'I'hu-

550 2618 851 2706 cydideas
920 2616 1167 2681 furatus
1186 2665 1205 2700 ,
1274 2615 1612 2680 manifesto
1672 2621 1889 2681 tamen
1951 2618 2089 2681 eius
2144 2616 2459 2683 scribendi
2519 2638 2726 2704 genus
2789 2616 2941 2682 imi·

551 2733 756 2803 tatur,
820 2724 987 2809 quod
1042 2724 1367 2808 imprimis
1428 2722 1584 2786 facit
1650 2723 1720 2787 in
1789 2723 2223 2807 concionibus,
2293 2744 2450 2808 quas
2517 2744 2694 2790 more
2762 2722 2941 2789 illius

548 2833 848 2898 brevibus
906 2831 1238 2896 sententiis
1304 2833 1369 2894 et
1428 2829 1974 2894 observationibus
2036 2828 2115 2894 ds
2171 2830 2507 2895 hominum
2556 2832 2692 2895 vita
2738 2829 2936 2894 mori-

547 2940 790 3022 busque
859 2935 1254 3022 distinguere
1320 2933 1552 3000 assolet
1567 2955 1583 3011 ;
1645 2955 1770 3019 qua
1840 2939 2052 3000 tamen
2113 2934 2251 3020 ipsa
2311 2938 2380 2999 in
2443 2957 2545 3012 re,
2592 2937 2763 3021 quod
2810 2936 2935 3001 fere

546 3042 980 3110 imitatoribus
1047 3041 1314 3114 accidit,
1386 3040 1652 3105 modum
1714 3061 1966 3105 servare
2028 3043 2250 3106 nescit.
2344 3040 2644 3128 Exempli
2727 3042 2937 3130 gratia

550 3171 755 3217 unum
813 3149 1026 3215 locum
1088 3147 1165 3212 de
1225 3145 1453 3211 multis
1514 3166 1860 3232 apponam,
1929 3149 2042 3231 qui
2102 3146 2345 3234 legitur
2401 3149 2471 3211 in
2518 3147 2668 3212 libri
2717 3147 2802 3213 IV
2857 3145 2931 3211 de

548 3257 716 3324 bello
763 3254 1038 3322 Gothico
1086 3256 1292 3340 capite
1340 3252 1428 3317 23
1476 3252 1627 3338 (vol.
1681 3251 1762 3329 ΙΙ,
1813 3273 1874 3338 p.
1926 3250 2123 3339 581):
2173 3253 2277 3317 καὶ
2327 3254 2379 3317 οἱ
2429 3252 2678 3319 Γότθων
2724 3255 2777 3319 δ’
2827 3252 2932 3334 ἄρ·

551 3386 767 3445 χοντες
811 3359 1048 3425 τοιάνδε
1097 3367 1206 3433 τὴν
1255 3358 1647 3440 παράκλησιν
1697 3359 2056 3434 ἐποιήσαντο
2081 3382 2096 3396 ·

642 3468 935 3547 υἘπειδὴ
987 3466 1193 3542 πάσης
1240 3465 1710 3544 άπεληλαμένοι
1759 3474 1869 3540 τῆς
1913 3467 2198 3538 Ἰταλίας
2240 3467 2342 3531 καὶ
2386 3466 2581 3532 πολύν
2618 3490 2760 3533 τινα
2791 3465 2931 3548 χρό-

549 3601 640 3643 νον
686 3578 793 3641 οὐκ
840 3572 1021 3650 ἴσμεν
1070 3574 1128 3638 ἐν
1176 3573 1394 3645 ὁποίοις
1441 3573 1591 3637 ποτὲ
1638 3580 1868 3652 μυχοῖς
1919 3569 2074 3647 ἦσαν
2121 3575 2173 3638 οἱ
2214 3573 2557 3653 κατάρατοι
2599 3582 2720 3652 γῆς
2762 3574 2927 3660 (fort.

547 3692 659 3759 τῆς
717 3687 868 3762 γῆς)
915 3683 949 3756 ἦ
997 3686 1105 3752 τῆς
1157 3677 1495 3754 θαλάσσης
1543 3676 1994 3764 διαλαθόντες,
2043 3685 2234 3745 τανῦν
2284 3681 2425 3758 ὑμῖν
2474 3685 2926 3760 τετολμήκασιν

549 3792 607 3863 ἐς
679 3795 898 3868 χεῖρας
968 3785 1157 3870 ἱέναι,
1228 3785 1332 3850 καὶ
1403 3786 1480 3857 ὥς
1549 3788 2027 3866 άναμαχόμενοι
2097 3785 2775 3874 (1.άναμαχούμενοι)
2830 3788 2924 3869 ἐφ’

549 3898 715 3975 ἡμᾶς
778 3893 1052 3970 ἥκουσιν,
1111 3890 1468 3969 ἐπάναγκες
1517 3893 1729 3963 αὐτοῖς
1777 3892 1846 3955 τὸ
1897 3893 1965 3955 ἐκ
2010 3903 2119 3968 τῆς
2170 3892 2480 3970 άβουλίας
2532 3894 2927 3974 ἐγγενόμενον

547 4000 773 4083 θράσος
832 3997 1268 4081 άναχαιτίζειν
1333 3996 1652 4081 προθυμίᾳ
1715 4008 1792 4080 τῇ
1849 3999 2058 4081 πάσῃ,
2117 4001 2194 4071 ὦς
2252 4003 2342 4077 μὴ
2384 3998 2719 4065 ἐνδιδόντων
2768 4003 2924 4078 ἡμῶν

546 4110 634 4175 τα
679 4117 790 4178 τῆς
840 4104 1132 4176 άπονοίας
1174 4105 1380 4177 αὐτοῖς
1424 4107 1486 4178 ἐς
1526 4104 1707 4183 μέγα
1744 4106 1989 4185 χωροίη.
2030 4103 2309 4184 azazel
2322 4132 2366 4171 α
2415 4107 2528 4184 γα
2544 4131 2574 4185 ρ
2622 4109 2700 4172 οὐ
2747 4105 2919 4191 κα,τ’

548 4214 812 4297 άρχάς
862 4210 1494 4288 άναςελλομὲνη
1553 4212 1996 4290 άναβαίνει
2041 4214 2183 4290 μὲν
2232 4213 2347 4276 ἐπ’
2386 4211 2722 4293 ἄπειρον
2759 4214 2922 4280 τόλ·

544 4346 728 4402 μαν,
792 4320 866 4391 ἐς
932 4319 1376 4394 άνηκέςους
1446 4320 1524 4384 δὲ
1570 4325 1716 4382 τῶν
1787 4317 2490 4400 παραπιπτόντων
2564 4320 2630 4408 (l.
2699 4321 2920 4402 περιπ.)

542 4433 898 4510 τελευτᾷ
947 4424 1396 4508 ξυμφοράς.
1448 4423 1698 4502 δείξατε
1735 4426 1929 4491 τοίνυν
1969 4427 2181 4500 αὐτοῖς
2223 4422 2315 4491 ὅτι
2357 4423 2606 4506 τάχιςα
2647 4429 2726 4500 ὥς
2753 4438 2920 4509 Γραι-
