3192 5017
568 370 573 375 ,
605 288 740 360 212
1607 310 1991 361 sornoom.

609 483 794 549 δεινὸν
879 481 1029 547 ἔνθα
1100 482 1189 558 μὴ
1271 480 1421 556 τέλη
1503 484 1651 563 λύῃ
1719 487 2029 564 Φρονοῦντι
2108 488 2174 549 et
2253 483 2359 549 Αἱ.
2424 483 2584 548 521:
2657 483 2818 564 ἀνδρί
2876 508 2947 549 τοι

610 592 802 670 χρεὼν
867 590 1112 666 μνήμην
1176 596 1517 666 προσεῖναι,
1585 590 1836 667 τερπνὸν
1899 587 1959 652 εἴ
2011 613 2070 653 τι
2135 612 2252 653 που
2302 591 2545 669 πάθῃ,
2597 612 2949 675 quamquam

606 698 713 761 hic
761 702 928 761 certe
975 692 1339 759 Dindorfius
1386 694 1625 760 πάθοι
1669 695 1905 772 edidit,
1955 696 2034 760 cf.
2087 695 2492 761 Linwoodius
2537 697 2616 762 ad
2651 697 2800 763 Oed.
2824 696 2952 784 Tyr.

609 802 761 870 917.
825 802 1215 868 Prudentius
1273 804 1370 866 uti
1431 805 1731 868 existimo
1800 801 2031 868 Aesch.
2089 803 2279 867 Eum.
2341 802 2634 889 234'pro
2682 807 2747 869 εἱ
2794 804 2951 882 προδῶ

607 912 720 991 σφ’
786 909 929 972 ἑκών
992 908 1310 972 Porsenus
1372 908 1452 982 ἦν
1514 911 1817 993 reposuit.
1911 908 2114 973 Sensu
2176 908 2365 995 longe
2427 910 2674 976 diverso
2720 913 2769 975 εἰ
2814 910 2954 995 apud

603 1017 1016 1083 Athenienses
1077 1035 1226 1078 cum
1293 1017 1692 1097 conjunctivo
1756 1015 1946 1079 modo
2006 1019 2420 1080 construitur:
2472 1016 2832 1102 exemplum
2876 1023 2955 1081 est

600 1123 669 1187 in
716 1120 1003 1205 Xenoph.
1051 1116 1282 1204 Cyrop.
1334 1118 1503 1182 VIII.
1554 1119 1615 1181 4.
1671 1119 1786 1185 16:
1834 1123 1943 1184 οὐκ
1988 1115 2098 1185 οἶδ’
2145 1123 2195 1184 εἰ
2246 1120 2577 1205 Χρυσάντᾳ
2624 1122 2831 1203 τουτῳὶ
2873 1122 2953 1186 δῶ.

601 1228 781 1293 Alios
824 1225 996 1290 locos
1045 1224 1201 1289 olim
1247 1227 1611 1291 examinavi
1656 1227 1723 1289 in
1771 1225 2014 1291 Mnem.
2062 1226 2218 1291 XII.
2267 1248 2329 1312 p.
2383 1226 2539 1293 324.

690 1440 990 1504 Potestne
1052 1438 1195 1522 quis
1246 1438 1522 1524 ignavus
1580 1443 1644 1502 et
1709 1436 2138 1523 pusillanimis
2201 1438 2578 1518 βαρύψυχος
2642 1436 2811 1505 dici?
2856 1439 2956 1503 Ne·

604 1547 885 1633 gaudum
932 1545 999 1608 id
1046 1544 1333 1619 videtur,
1376 1564 1575 1626 quum
1618 1545 1687 1607 in
1722 1543 1841 1607 tali
1875 1543 2131 1610 homine
2169 1565 2418 1610 morum
2451 1549 2741 1631 gravitas
2773 1547 2956 1630 potius

604 1654 795 1725 insit,
847 1671 1036 1735 quam
1080 1649 1330 1714 levitas.
1426 1649 1696 1735 Legitur
1742 1654 1957 1714 tamen
2002 1650 2070 1713 in
2115 1652 2309 1715 Aiace
2353 1672 2447 1718 vs.
2496 1650 2666 1717 319:

967 1756 1111 1836 πρὸς
1160 1756 1286 1835 γὰρ
1332 1759 1525 1819 κακοῦ
1571 1779 1641 1818 τε
1691 1756 1791 1819 καὶ
1841 1755 2342 1836 βαρυψύχου
2388 1756 2567 1834 γόους

966 1861 1214 1934 wambae*
1262 1862 1364 1925 ἀεί
1411 1859 1553 1925 ποτ’
1606 1860 1810 1940 ἀνδρὸς
1861 1859 2134 1939 ἕξηγεῖτ’
2181 1860 2370 1942 ἔχειν.

601 1972 771 2037 Illud
810 1968 1194 2050 βαρυψύχου
1233 1967 1591 2033 Scholiasta
1614 1970 2096 2053 interpret-atur:
2125 1969 2533 2055 μικροψύχου,
2561 1996 2959 2038 καταπεπτω-

605 2077 773 2149 κότος
818 2079 927 2149 τὺν
961 2078 1177 2153 ψυχήν
1199 2124 1215 2156 ,
1255 2078 1422 2138 recte
1461 2072 1539 2137 ad
1564 2076 1978 2157 sententiam,
2015 2075 2124 2139 sed
2147 2082 2541 2162 repugnante
2564 2078 2959 2166 etymologia.

604 2184 843 2249 Scribit
886 2181 1346 2267 Wesselingius
1393 2179 1768 2259 βαρύψυχον
1817 2183 2026 2245 vocari
2074 2181 2304 2247 abiecti
2353 2185 2554 2247 animi
2600 2191 2669 2249 et
2717 2185 2961 2270 pondere

532 2344 535 2347 .
605 2292 785 2376 quasi
848 2288 1125 2371 depressi
1185 2285 1548 2361 hominem,
1615 2305 1738 2369 quo
1798 2286 1990 2351 titulo
2046 2288 2241 2351 etiam
2304 2289 2708 2375 Aegyptium
2769 2309 2958 2377 regem

603 2396 922 2462 ornaverit
983 2390 1333 2478 Gregorius
1394 2391 1846 2456 Nazianzenus.
1940 2390 2147 2471 Quam
2213 2413 2316 2457 me
2380 2392 2657 2459 delectat
2718 2396 2829 2461 illc
2869 2416 2960 2459 rex.

603 2511 735 2568 tam
799 2496 1141 2566 honorifico
1203 2498 1483 2580 epitheto
1530 2501 1812 2561 ornatus!
1858 2494 2095 2563 Cavete
2141 2505 2463 2584 praeterea
2510 2501 2709 2566 didici
2759 2503 2835 2567 ab
2878 2504 2959 2565 in·

601 2608 1018 2694 terpretibuS,
1069 2605 1299 2689 quibus
1343 2602 1508 2668 illud
1555 2605 1729 2688 quasi
1769 2609 2073 2689 perpetuo
2119 2607 2188 2668 in
2228 2626 2332 2670 ore
2372 2612 2484 2670 est.
2536 2605 2962 2674 Pusillanimis

598 2736 724 2781 non
769 2714 1140 2791 βαρύψυχος
1188 2716 1283 2774 est
1331 2709 1435 2774 vel
1478 2709 1973 2793 μεγαλόψυχος,
2023 2710 2132 2775 sed
2181 2712 2562 2791 μικρόψυχος
2614 2714 2758 2792 vel,
2818 2711 2962 2798 quod

598 2822 766 2886 redit
813 2819 1032 2885 eodem
1058 2866 1073 2891 ‚
1119 2816 1551 2895 βραχύψυχος
1601 2822 1665 2880 et
1710 2816 1879 2899 apud
1923 2814 2301 2900 Sophoclem
2342 2820 2652 2883 scribam:

963 2924 1109 3003 πρὸς
1158 2921 1283 2999 γὰρ
1330 2927 1520 2985 κακοῦ
1569 2944 1641 2984 τε
1689 2920 1793 2984 καὶ
1844 2920 2414 3002 βραχυψύχου
2460 2924 2641 3002 γόους

962 3026 1215 3099 ‘tatoris-3*
1267 3028 1369 3090 ἀεί
1416 3025 1557 3091 ποτ’
1610 3026 1815 3106 ἀνδρὸς
1862 3025 2137 3104 ἐξηγεῒτ’
2186 3026 2376 3108 ἔχειν.

600 3141 781 3223 Quod
830 3141 1091 3203 interest
1137 3138 1304 3198 inter
1350 3133 1703 3211 βαρύςομον
1751 3142 1813 3198 et
1863 3134 2313 3230 βρωχύςομονῃ
2341 3142 2415 3201 ut
2453 3136 2558 3201 hic
2606 3144 2774 3218 utar,
2811 3140 2964 3204 idem

590 3244 941 3314 necessario
988 3244 1250 3306 interest
1298 3241 1460 3303 inter
1504 3240 1880 3319 βαρύψυχον
1928 3247 1991 3304 et
2036 3239 2485 3323 βρωχύψυχον.
2555 3245 2965 3326 Βραχύψυχος

596 3351 943 3418 secundum
1005 3344 1365 3432 analogiam
1428 3343 1650 3410 fictum
1718 3352 1813 3410 est
1873 3366 1988 3410 nec
2048 3352 2370 3429 praeterea
2417 3346 2575 3413 alibi
2619 3352 2964 3433 invenitur,

593 3459 704 3524 sed
743 3459 938 3521 etiam
979 3453 1354 3532 βαρύψυχος
1395 3472 1521 3515 non
1560 3455 1825 3516 memini
1865 3473 1968 3515 me
2003 3449 2213 3538 legere
2251 3455 2378 3517 nisi
2402 3455 2571 3539 apud
2597 3453 2965 3541 Sophoclem

590 3567 710 3629 hoc
771 3564 958 3626 unico
1004 3559 1142 3623 loco
1190 3564 1254 3622 et
1299 3557 1770 3645 Wesselingius
1817 3564 2064 3642 praeter
2110 3556 2405 3644 Gregorii
2451 3559 2661 3626 locum
2709 3584 2836 3629 non
2883 3566 2964 3629 vi·

589 3672 777 3736 detur
823 3668 1125 3751 reperisse
1165 3661 1390 3728 alium.
1440 3659 1742 3728 Ceterum
1781 3663 1860 3728 de
1900 3660 2169 3741 ἐξηγεῖτ’
2214 3662 2383 3744 ἔχειν
2408 3667 2485 3731 cf.
2511 3665 2962 3736 Herwerdenus

593 3778 672 3844 ad
718 3775 872 3840 Oed.
920 3771 1073 3857 Tyr.
1121 3790 1182 3854 p.
1239 3766 1388 3836 170.

683 3986 987 4053 Nondum
1038 3981 1444 4047 attenderunt
1481 3984 1608 4045 viri
1648 3982 1817 4046 docti
1854 4002 2045 4065 quam
2088 3986 2319 4048 misere
2357 3983 2706 4070 langueant
2745 3986 2962 4065 verba,

592 4096 824 4181 quibus
868 4090 1204 4155 Tecmessa
1248 4089 1458 4151 utitur
1504 4108 1599 4152 vs.
1649 4088 1811 4151 411:

956 4194 997 4260 ὦ
1048 4194 1430 4269 succinum,
1480 4194 1673 4257 τοιάδ’
1721 4192 1909 4274 ἄνδρα
1956 4196 2259 4274 χρήσιμον

954 4309 1212 4385 φωνεῖν,
1262 4291 1305 4365 ἃ
1353 4297 1620 4377 πρόσθεν
1669 4296 1749 4364 οὗ
1764 4323 1894 4372 τος
1944 4303 2048 4366 οὐκ
2098 4300 2247 4378 ἔτλη
2298 4305 2438 4369 ποτ’
2486 4300 2582 4368 ἄν.

582 4416 1136 4502 Supervacaneum
1202 4412 1298 4473 est
1344 4426 1691 4492 pronomen
1737 4403 1906 4481 οὗτος
1955 4412 2020 4473 et
2065 4416 2388 4494 praeterea
2433 4431 2641 4478 nonne
2689 4413 2804 4479 hoc
2845 4408 2958 4474 mi·
