3192 5017
659 272 793 341 284
1676 294 2039 347 nummum.
3036 0 3087 359 *l

880 465 1100 546 χιλίων
1148 463 1357 547 ἅρχων
1407 466 1687 547 Πριάμου
1735 494 1822 533 τε
1869 469 2071 533 πεδίον
2122 469 2561 544 ἐμπλήσας
2612 470 2793 547 δορός.

657 570 1071 637 Marklandus
1131 574 1226 639 ita
1290 573 1655 640 adnotavit:
1724 574 2128 652 „Difficultas
2175 575 2369 640 huius
2415 575 2539 641 loci
2583 576 2851 661 pendet,
2896 577 2994 660 opi·

653 698 802 756 nor,
874 679 953 743 ab
1022 677 1341 766 elegantia
1411 677 1642 746 Graeci
1703 683 2011 746 sermonis
2085 701 2208 746 non
2295 688 2620 767 percepta,
2700 702 2913 767 nempe
2968 701 2996 744 a

652 784 1091 870 suppressione
1152 785 1500 871 particulae
1546 787 1673 872 μή,
1719 808 1880 873 quae
1926 789 2126 872 repeti
2174 787 2395 853 debuit
2439 795 2586 853 ante
2632 812 2704 852 τε
2726 836 2743 866 ,
2784 796 2899 864 lta,
2934 786 2997 864 ui

654 888 863 970 ἄρχων
933 894 1096 968 μήτε
1165 892 1567 968 ἐμπλήσας.”
1658 892 1803 959 Non
1871 896 2187 979 persuasit
2256 900 2469 958 tamen
2534 892 2861 981 Elmsleyo
2918 895 2999 977 qui

654 999 1012 1082 rescripsit:
1060 998 1130 1063 τὸ
1181 999 1459 1079 Πριάμου
1508 998 1746 1084 πεδίον,
1802 1020 1927 1086 quo
1971 1000 2234 1084 probato
2282 1000 2550 1065 malim:

1818 1106 2134 1186 σύγχυσίν
2180 1106 2237 1171 τ’
2285 1108 2348 1172 εἰ
2400 1108 2486 1185 μὴ
2536 1112 2677 1172 νεῶν

882 1211 1102 1291 χιλίων
1151 1209 1362 1293 ἄρχων
1408 1211 1478 1276 τὸ
1527 1213 1805 1294 Πριάμου
1854 1212 2055 1277 πεδίον
2100 1214 2583 1289 ἐμπλήσαις
2632 1212 2819 1292 δορός.

746 1428 1043 1495 Ridicule
1090 1430 1500 1514 participium
1550 1428 1769 1494 aoristi
1819 1434 2167 1513 usurpatur
2213 1450 2304 1494 vs.
2362 1427 2525 1494 380:

835 1534 1156 1614 βούλομαί
1199 1535 1255 1598 σ’
1303 1537 1493 1600 εἰπεῖν
1542 1542 1742 1607 κακῶς
1795 1531 1911 1612 αὖ,
1962 1534 2257 1615 βραχέα,
2306 1536 2394 1612 μὴ
2443 1538 2589 1601 λίαν
2639 1534 2765 1600 ἄνω

835 1642 1143 1723 βλέφαρα
1192 1641 1335 1722 πρὸς
1384 1640 1672 1710 τάναιδὲς
1719 1640 2096 1719 αγαγών,
2146 1643 2320 1706 ἀλλὰ
2372 1644 2853 1722 σωφρονεςέρως.

657 1749 867 1874 Ιιοςο.;
918 1747 1206 1832 ἀνοίγων,
1258 1748 1571 1833 quomodo
1612 1749 1809 1813 etiam
1849 1749 2142 1812 ἀνασπᾶν
2180 1750 2245 1812 in
2295 1749 2623 1815 comoedia
2670 1754 3006 1834 usurpatur.

793 1854 809 1883 ἱ

747 1966 1059 2033 Peccatur
1102 1969 1170 2031 in
1214 1985 1480 2051 pausam
1530 1986 1624 2031 vs.
1677 1963 1840 2030 530:

1108 2073 1319 2137 οὐκοῦν
1366 2070 1523 2137 δόκει
1575 2094 1659 2135 νιν
1703 2069 1882 2139 σαντ’
1928 2073 1988 2136 ἐν
2037 2071 2339 2152 Ἀργείοις
2386 2073 2595 2151 μέσοις

1109 2177 1306 2255 λέξειν
1352 2175 1392 2244 ἃ
1446 2175 1722 2259 Κάλχας
1774 2175 2043 2251 Mer-Da?
2092 2176 2476 2257 ἐξηγήσατο,

1113 2282 1269 2361 κᾶμ’
1316 2285 1392 2356 ὥς
1443 2281 1671 2358 ὑπέςην
1718 2285 1918 2362 θῦμα,
1967 2281 2139 2367 κᾷτα
2186 2268 2599 2365 ψεύδομαι

1112 2389 1427 2472 Ἀρτέμιδι
1474 2387 1785 2458 θύσειν.

654 2498 971 2565 Porsonus
1019 2498 1126 2563 hic
1172 2496 1516 2577 ἐψεύσομαι
1551 2498 1827 2583 scripsit,
1866 2496 2331 2563 Herwerdenus
2376 2500 2754 2580 ἀπεύχομαι
2778 2526 2794 2543 ·
2822 2501 3004 2568 malim
3096 2496 3097 2579 ἶ

654 2605 985 2692 equidem:
1047 2601 1216 2688 κᾷτα
1278 2603 1678 2686 φείδομαι
1744 2602 2056 2683 Ἀρτέμιδι
2120 2601 2387 2681 θύειν,
2434 2607 2757 2689 quomodo
2805 2609 3006 2696 legitur

655 2713 890 2779 Alcest.
940 2709 1110 2777 288:

1976 2816 2096 2883 οὐδ’
2144 2817 2494 2898 ἐφεισάμην

1203 2921 1358 3001 ἥβης
1410 2923 1645 3003 ἔχουσα
1693 2922 1820 3004 δῶρ’
1868 2925 1928 2988 ἐν
1979 2919 2062 2997 οἷς
2112 2924 2476 3004 ἐτερπόμην.

651 3033 968 3101 Similiter
1026 3036 1323 3118 peccatur
1379 3030 1684 3097 Androm.
1752 3028 1904 3108 346,
1968 3031 2080 3096 ubi
2130 3031 2322 3097 verba
2365 3037 2515 3096 sunt
2558 3032 2996 3101 Andromacha

655 3141 735 3207 ad
784 3139 1184 3206 Menelaum:

1014 3245 1147 3311 ὤσει
1197 3244 1258 3309 δὲ
1306 3244 1414 3318 σὺν
1462 3243 1640 3307 παῖδ’
1685 3244 1755 3307 ἐκ
1801 3243 2031 3321 δόμων·
2084 3244 2161 3309 σὺ
2211 3243 2267 3310 δ’
2319 3244 2583 3319 ἐκδιδοὺς

1014 3350 1188 3432 ἄλλῳ
1237 3350 1301 3415 τί
1345 3347 1575 3425 λέξειςς
1633 3349 1883 3430 πότερον
1929 3353 2005 3423 ὥς
2057 3351 2244 3415 κακὸν
2293 3350 2467 3416 πόσιν

1014 3458 1242 3539 Φεύγει
1291 3456 1361 3521 τὸ
1409 3456 1646 3531 ταύτης
1694 3461 1975 3538 σῶφρονς
2028 3458 2202 3522 ἄλλα
2256 3457 2703 3536 ψεύσεται.

651 3565 753 3631 Ibi
801 3585 1049 3650 quoque
1103 3585 1179 3628 ex
1226 3563 1445 3628 eadem
1498 3560 1709 3628 fidelia
1757 3561 2070 3628 Porsonus
2108 3564 2256 3627 ἀλλ’
2298 3565 2672 3650 ἐψεύσεται,
2718 3567 2828 3632 sed
2871 3562 3004 3631 mul·

647 3678 789 3737 tum
852 3674 1130 3756 praestat
1196 3668 1363 3754 quod
1424 3668 1579 3735 olim
1647 3670 1895 3733 invenit
1954 3668 2253 3733 Kiehlius
2318 3691 2535 3735 meus:
2600 3672 2779 3737 ἀλλὰ
2850 3674 2997 3737 πεύ-

648 3802 916 3845 σεται.

735 3990 1134 4058 Admirabile
1181 3996 1276 4056 est
1323 3990 1537 4057 videre
1583 4011 1777 4076 quam
1830 3991 2026 4057 stulte
2074 3994 2398 4059 interdum
2447 3996 2615 4080 apud
2660 3995 2995 4082 Euripidem

643 4097 1061 4186 interpoletur
1128 4099 1483 4163 interiectio
1553 4102 1701 4177 φεῦ.
1815 4098 2162 4184 Postquam
2237 4101 2679 4189 Agamemnon
2752 4100 2995 4168 narravit

644 4203 986 4272 Chironem
1045 4204 1243 4269 fuisse
1302 4205 1412 4289 qui
1477 4202 1796 4268 Achillem
1847 4205 2248 4290 educaverit,
2298 4228 2389 4272 vs.
2450 4206 2606 4287 709,
2656 4230 2776 4274 non
2823 4210 2995 4293 potest

642 4312 1015 4398 respondere
1075 4309 1625 4398 Clytaemnestra:
1692 4310 1882 4389 σοφός
1947 4314 2014 4389 γ’
2063 4314 2090 4374 ὃ
2138 4311 2384 4390 θρέψας
2434 4316 2530 4393 χώ
2591 4314 2781 4387 διδοὺς
2827 4310 2994 4387 σοφώ-

641 4442 842 4500 τερος,
903 4424 1242 4502 antequam
1303 4415 1571 4481 eiulavit
1634 4421 1802 4496 φεῦ.
1902 4417 2138 4482 Eadem
2206 4419 2285 4484 ad
2352 4419 2669 4486 Achillem
2718 4444 2808 4488 vs.
2854 4416 2989 4483 977:
