3192 5017
583 261 711 333 186
1654 277 1871 337 Lmvs

576 480 716 523 esse.
793 459 961 544 (Liv.
1028 459 1255 525 XLIV.
1321 460 1432 545 14)
1489 481 1526 526 a
1584 460 1819 544 quibus
1867 457 2166 544 deceptus
2213 460 2439 525 Livius
2487 457 2688 522 XLV.
2739 457 2831 522 23
2884 457 2953 522 ll

575 567 795 631 scribit
855 568 1101 654 legatos
1158 567 1441 632 Rhodios
1501 569 1790 651 sequenti
1853 586 2014 630 anno
2078 569 2146 630 in
2190 567 2364 631 curia
2410 566 2679 631 dixisse:
2742 566 2963 649 leyatos

576 675 778 737 eodem
840 685 1108 761 tempore
1168 687 1225 738 et
1285 677 1373 738 ad
1430 696 1533 737 vos
1591 686 1649 738 et
1712 676 1798 737 ad
1838 672 2070 737 Persea
2116 675 2190 737 de
2226 695 2379 759 pace
2424 675 2718 736 misimus
2737 720 2755 747 ,
2805 673 2964 756 quod

574 779 799 861 infelix
840 779 1160 844 consil-ium
1206 795 1509 844 fumosus
1530 826 1545 856 ‚
1594 792 1664 843 ut
1701 792 1918 865 postca
1963 780 2312 842 audivimus
2330 825 2346 854 ‚
2397 792 2610 843 orator
2658 779 2958 841 stultissi-

574 908 746 948 mum
814 886 970 971 fecit
990 934 1006 962 ‚
1078 909 1257 972 quem
1326 889 1410 950 sic
1478 887 1745 950 locutum
1815 897 2052 949 constat
2121 897 2442 971 tamquam
2522 883 2587 948 G.
2665 884 2962 970 Popilius

573 991 804 1076 hyatu-3
861 992 1186 1057 Romanus
1246 992 1590 1078 loqueretur
1610 1039 1626 1068 ‚
1685 1011 1845 1076 quae
1892 993 2108 1055 omnia
2154 997 2391 1055 temere
2436 989 2584 1055 ficta
2631 1011 2780 1055 esse
2827 1010 2957 1074 per·

573 1097 866 1181 spicuam
913 1111 1027 1162 est.

665 1203 802 1282 Quo
859 1210 1141 1288 tempore
1188 1203 1389 1292 legati
1435 1204 1674 1270 Rhodii
1721 1203 1996 1269 Romam
2049 1211 2469 1288 pervenerunt
2486 1249 2503 1279 ,
2555 1202 2790 1268 eodem
2837 1202 2962 1266 fere

570 1310 636 1372 in
684 1315 888 1374 castra
935 1309 1123 1374 Pauli
1169 1310 1437 1375 Aemilii
1485 1309 1884 1393 aliquamdiu
1925 1315 2070 1373 ante
2111 1312 2446 1374 victoriam
2489 1315 2814 1374 venerunt
2855 1308 2960 1373 alii

575 1439 753 1492 „cwm
812 1418 1027 1480 iisdem
1087 1419 1160 1481 de
1203 1439 1357 1503 pace
1401 1418 1715 1480 mandatis
1735 1462 1751 1492 ‚
1800 1438 1954 1502 quae
2000 1415 2237 1480 Romae
2280 1418 2580 1500 inqentem
2625 1418 2804 1479 iram
2849 1438 2960 1502 pa·

572 1532 742 1584 trum
800 1525 1146 1588 excitavere.
1246 1523 1454 1589 Multo
1513 1523 1921 1609 iniquioribus
1982 1524 2210 1586 animis
2264 1546 2304 1585 a
2362 1526 2661 1586 castrensi
2705 1520 2956 1588 consilio

572 1631 777 1693 auditi
820 1642 983 1694 sunt.
1043 1630 1267 1717 Itaque
1310 1654 1447 1695 cum
1494 1631 1635 1714 (alii
1680 1632 2047 1694 seven'ssime
2091 1630 2580 1715 respondendum
2624 1626 2953 1708 censerent)

572 1734 687 1798 alii
737 1738 1108 1823 praecipites
1168 1739 1296 1802 sine
1342 1759 1631 1824 ‘responso
1674 1738 1937 1820 aycndos
1981 1737 2201 1799 castris
2247 1734 2466 1799 consul
2510 1733 2956 1819 pronuntiavit

564 1852 713 1926 post
756 1844 919 1905 diem
962 1846 1248 1928 quintum
1293 1845 1591 1913 decimum
1638 1864 1698 1905 se
1744 1864 2103 1928 responsum
2148 1844 2464 1905 daturam.
2562 1841 2839 1907 Interim
2890 1849 2954 1900 ut

572 1962 903 2036 appareret
945 1962 1248 2036 quantum
1288 1951 1759 2037 pacificantium
1807 1948 2199 2012 Rhodiorum
2243 1950 2583 2012 auctoritas
2627 1949 2920 2012 valuisset
2935 1991 2951 2014 5

571 2057 912 2120 consultare
958 2058 1031 2119 de
1075 2058 1313 2120 ratione
1355 2055 1495 2119 belli
1538 2057 1786 2139 qerendi
1827 2056 2040 2140 coepit.

659 2161 931 2227 Factum
996 2167 1091 2226 est
1153 2168 1492 2245 antequam
1553 2163 1634 2224 iis
1679 2180 2048 2245 responsum
2097 2159 2351 2226 daretur
2392 2168 2468 2224 ut
2514 2164 2783 2249 egregia
2826 2161 2952 2223 vic-

570 2270 732 2332 toria
776 2266 944 2333 bello
990 2269 1422 2352 imponeretur
1465 2265 1632 2331 finis.

660 2372 960 2456 Sequitur
1020 2386 1094 2437 ut
1158 2373 1565 2439 ostendamus
1629 2394 1741 2437 cur
1796 2371 2015 2438 consul
2073 2371 2150 2452 Q.
2213 2372 2490 2438 Marcius
2547 2372 2944 2438 Rhodiorum

569 2479 802 2567 legatis
862 2479 1032 2544 ultro
1093 2482 1361 2544 suaserit
1381 2530 1397 2551 ,
1466 2487 1537 2543 ut
1600 2481 1769 2543 inter
1826 2478 2147 2543 Romanos
2192 2486 2257 2543 et
2301 2478 2530 2544 Persea
2579 2500 2802 2564 pacem
2853 2497 2944 2540 re·

568 2586 975 2652 conciliarent
993 2635 1011 2668 ,
1074 2606 1233 2670 quae
1292 2605 1391 2650 res
1449 2583 1719 2650 Rhodiis
1764 2586 2054 2650 omnium
2073 2631 2088 2659 ‚
2139 2603 2300 2668 quae
2344 2591 2562 2670 postes
2612 2587 2941 2650 consecuta

566 2697 752 2775 sunt,
798 2691 1108 2756 malorum
1156 2712 1346 2756 causa
1388 2691 1534 2755 fuit.
1629 2688 1752 2755 Sed
1799 2693 1982 2755 iuvat
2023 2693 2202 2775 prius
2249 2709 2619 2775 componere
2668 2712 2833 2776 quae
2870 2688 2941 2751 de

568 2798 646 2879 Q.
696 2797 935 2864 Marcio
981 2796 1282 2882 Philippo
1328 2818 1404 2863 ex
1451 2796 1726 2883 Polybio
1749 2848 1764 2872 ,
1817 2796 2003 2862 Livio
2024 2844 2039 2870 ‚
2087 2795 2354 2881 aliisque
2397 2802 2546 2862 nota
2591 2806 2761 2862 sunt.

1318 2902 1392 2983 Q.
1441 2901 1745 2968 Mfflcms
1790 2902 2163 2968 Pmmrrus.

656 3031 817 3077 anno
868 3009 996 3078 188
1043 3016 1293 3095 praetor
1336 3012 1402 3074 in
1449 3008 1669 3074 Sicilia
1714 3008 1858 3076 Liv.
1906 3008 2273 3074 XXXVHI.
2325 3008 2433 3074 35.

656 3138 818 3183 anno
869 3116 997 3182 186
1042 3116 1263 3183 consul
1309 3115 1451 3182 Liv.
1499 3115 1805 3180 XXXIX.
1857 3115 2053 3181 6-8,

656 3223 894 3290 Consul
941 3226 1259 3309 quaesivit
1304 3223 1382 3288 de
1427 3222 1931 3288 Bacchanalibus
1975 3222 2116 3289 Liv.
2167 3223 2488 3289 XXXIX.
2543 3224 2648 3288 14.

655 3328 879 3395 Sctum
930 3329 1008 3394 de
1050 3328 1585 3394 Bacchanalibus:

748 3433 880 3519 (Q.)
925 3438 1215 3501 Maaoms
1261 3436 1333 3499 L.
1374 3435 1445 3501 F.
1494 3434 1560 3501 S.
1608 3437 1982 3502 Posrmus
2029 3436 2103 3501 L.
2155 3436 2229 3502 F.
2279 3453 2412 3503 oos.
2463 3454 2764 3505 smmum

1507 3558 2024 3608 oonsomeuN'r.

657 3647 897 3717 Consul
957 3670 1105 3715 cum
1167 3648 1516 3736 Liguribus
1579 3650 1867 3734 Apuanis
1929 3649 2172 3715 bellum
2225 3671 2449 3737 gerens
2495 3653 2562 3716 in
2610 3673 2927 3738 praeoccu-

565 3760 733 3846 patis
781 3756 1098 3843 angustiis
1142 3753 1281 3820 loco
1324 3756 1543 3840 iniquo
1581 3756 2056 3822 circumventus
2093 3763 2364 3840 quatuor
2401 3756 2611 3824 millia
2649 3761 2926 3827 militum

565 3866 783 3932 amisit
829 3862 972 3927 Liv.
1022 3861 1346 3927 XXXIX.
1396 3859 1506 3926 20.

657 3989 819 4036 anno
869 3965 1011 4048 183„
1044 3967 1296 4056 legatus
1341 3967 1408 4032 in
1453 3966 1896 4034 Macedoniam
1943 3973 2038 4033 est
2085 3971 2354 4034 missus:
2402 3972 2614 4036 iussus
2659 3972 2832 4039 idem
2866 3975 2925 4037 in

564 4076 994 4160 Peloponneso
1041 4074 1350 4139 sociorum
1396 4095 1496 4139 res
1541 4077 1870 4159 inspicere.
1920 4073 2064 4139 Liv.
2114 4074 2421 4140 XXXIX.
2470 4074 2577 4141 48.
2626 4077 2924 4166 Polybius

564 4180 808 4247 XXIV.
857 4180 932 4244 4:
983 4182 1016 4255 ἦ
1065 4179 1420 4259 σύγκλητος
1471 4179 1984 4260 προχειρισαμένη
2027 4180 2281 4245 Κόϊντον
2322 4183 2599 4262 Μάρκιον
2638 4185 2923 4263 πρεσβευ-

564 4290 674 4351 τὴν
736 4284 1133 4362 ἐξαπέςειλεν
1189 4286 1293 4351 ἐπί
1338 4309 1408 4350 τε
1454 4288 1539 4351 τὰ
1589 4286 1761 4351 κατὰ
1806 4286 2198 4354 Μακεδονίαν
2246 4288 2351 4352 καὶ
2398 4290 2484 4354 τὰ
2532 4291 2703 4356 κατὰ
2753 4303 2921 4358 Πελο-

563 4395 871 4472 πόννησον.

3109 2801 3115 2914 ι

3101 2945 3115 3112 l

3109 3155 3115 3320 Ι
