3192 5017
572 251 708 328 280
1320 274 1408 328 ιω
1451 272 1676 329 novun
1722 270 2214 329 rssrimwu.

573 473 833 515 σωσιν.
928 449 1355 516 Ἀπολύσωσιν
1416 449 1579 516 abiit
1637 453 1706 515 in
1751 451 2137 518 ἀπολέσωσιν
2181 457 2250 517 et
2296 412 2482 517 vides
2526 449 2688 534 quid
2733 444 2945 514 deinde

581 557 660 622 ab
705 555 982 623 librariis
1026 556 1433 645 designatum
1480 557 1700 625 fuerit.

670 764 791 829 XI.
856 765 1132 853 Negatio
1192 768 1261 829 in
1318 764 1504 832 Novo
1565 765 1975 833 Testamento
2022 787 2161 834 raro
2209 767 2699 853 conduplicntur
2744 771 2946 850 eatque

579 893 654 939 ea
697 892 797 937 res
842 872 1011 957 apud
1056 870 1356 937 Marcum
1401 871 1593 956 paulo
1639 872 2029 957 frequentior
2073 894 2264 959 quam
2315 875 2487 959 apud
2525 874 2704 940 alios.
2800 872 2950 952 Quia

580 999 654 1044 ea
699 978 1054 1043 observatio
1099 977 1334 1062 poterit
1377 977 1639 1042 fortasse
1687 978 2026 1064 aliquando
2070 979 2254 1046 utilis
2299 981 2507 1047 videri
2530 1031 2544 1057 ,
2608 980 2947 1045 adscribam

575 1083 746 1150 locos
782 1085 851 1147 in
896 1104 1053 1168 quos
1100 1082 1298 1147 incidi
1345 1083 1542 1149 Marc.
1601 1087 1658 1149 1.
1708 1085 1828 1148 44:
1861 1079 1986 1165 ’ὅρα
2032 1086 2243 1162 μηδενὶ
2292 1087 2480 1163 μηδὲν
2528 1085 2709 1167 εἴπης
2736 1136 2752 1157 .
2789 1083 2845 1149 9.
2891 1081 2951 1147 8:

580 1190 779 1256 οὐκέτι
850 1189 1062 1256 οὐδένα
1124 1184 1319 1267 εἶδον,
1394 1188 1496 1254 12.
1548 1188 1670 1253 34:
1738 1190 1927 1263 οὐδεὶς
1986 1191 2186 1256 οὐκέτι
2232 1190 2512 1276 ἐτόλμα,
2568 1192 2679 1257 15.
2732 1192 2807 1255 5:
2852 1191 2947 1254 οὐκ

578 1297 871 1378 ἀποκρίνῃ
929 1294 1132 1380 οὐδέν,
1181 1295 1451 1380 denique
1501 1294 1609 1360 16.
1661 1295 1737 1360 8:
1790 1298 1978 1363 οὐδενὶ
2026 1298 2191 1363 οὐδὲν
2236 1295 2426 1363 εἶπον.
2473 1297 2673 1384 Apud
2722 1297 2946 1362 Lucam

574 1405 779 1488 reperi
830 1399 933 1465 10.
985 1398 1108 1465 20:
1158 1399 1320 1465 οὐδὲν
1369 1400 1531 1476 ὑμᾶς
1582 1402 1649 1465 οὐ
1696 1404 1784 1477 μὴ
1831 1403 2092 1483 ἀδικήσῃ
2139 1410 2204 1470 et
2251 1403 2357 1469 20.
2411 1402 2532 1468 40:
2586 1401 2791 1469 οὐκέτι
2838 1399 2948 1480 γὰρ

579 1508 854 1589 ἐτόλμων
914 1508 1224 1587 ἐπερωτᾶν
1274 1508 1461 1571 αὐτὸν
1507 1507 1694 1572 οὐδέν.
1787 1508 1865 1573 In
1914 1507 2097 1575 Actis
2144 1516 2241 1575 est
2290 1510 2350 1574 4.
2405 1510 2487 1577 17
2507 1529 2522 1574 ε
2573 1508 2800 1587 μηκέτι
2845 1522 2947 1571 λα-

581 1622 713 1679 λεῖν
759 1613 968 1691 μηδενὶ
1017 1619 1082 1677 et
1127 1611 1235 1677 25.
1285 1612 1402 1677 24;
1454 1614 1541 1691 μη
1592 1613 1717 1678 δεῖν
1764 1614 1953 1679 αὑτὸν
1997 1614 2103 1695 ζῆν
2150 1614 2394 1692 μηκέτι.
2488 1615 2685 1700 Apud
2729 1612 2948 1679 ,Iohan-

575 1739 727 1784 nem
786 1718 906 1786 Ev.
971 1718 1035 1795 9,
1100 1716 1221 1782 33:
1292 1719 1402 1781 οὐκ
1462 1718 1724 1794 ἠδύνατο
1785 1727 1976 1784 ποιεῖν
2024 1719 2209 1786 οὐδέν.
2304 1719 2596 1806 Denique
2646 1721 2749 1785 bis
2795 1716 2943 1802 apud

575 1824 855 1891 Paulum
901 1824 1090 1890 Rom.
1143 1822 1246 1888 13.
1300 1822 1339 1890 7
1361 1842 1376 1887 ε
1445 1824 1668 1900 μηκέτι
1718 1825 1904 1900 μηδὲν
1954 1828 2244 1908 ὀφείλετε
2292 1833 2359 1893 et
2407 1826 2450 1892 2
2473 1824 2768 1893 Corinth.
2795 1825 2854 1888 6.
2879 1821 2944 1886 3:

578 1932 893 2010 μηδεμίαν
937 1932 1000 1995 ε’ν
1046 1929 1255 2008 μηδενὶ
1305 1930 1564 2003 διδόντες
1613 1933 1978 2012 προσκοπήν.

663 2145 820 2210 XII.
869 2143 1065 2209 Marc.
1117 2142 1179 2208 5.
1231 2140 1352 2209 38:
1403 2144 1611 2221 θεωρεῖ
1652 2142 1898 2223 θόρυβον
1945 2144 2050 2208 καὶ
2101 2144 2432 2216 κλαίοντας
2482 2144 2589 2210 καὶ
2639 2141 2944 2210 ἀλαλά-

580 2250 621 2332 ζ
628 2275 868 2322 οντας
916 2250 1146 2315 πολλα.
1244 2249 1427 2329 Quod
1471 2248 1838 2314 Theodorus
1881 2249 2049 2315 Beza
2085 2253 2225 2336 jam
2275 2251 2759 2327 animadvertit,
2811 2266 2942 2313 cum

579 2355 811 2423 Codice
856 2355 1130 2441 quodam
1177 2354 1541 2420 minusculo
1586 2355 1616 2417 ό
1635 2354 1891 2435 λολύζ
1901 2379 2089 2419 οντα
2110 2378 2140 2426 ς
2178 2354 2523 2442 leg-endum
2571 2363 2695 2422 est..
2787 2353 2943 2418 Haec

573 2464 765 2530 verba
811 2462 1169 2546 frequenter
1205 2461 1708 2538 confunduntur,
1749 2460 1897 2526 vide
1936 2459 2353 2526 Valckenaer.
2398 2462 2476 2528 ad
2514 2462 2671 2527 Eur.
2721 2460 2938 2525 Phoen.

570 2591 636 2656 p.
701 2567 853 2634 120.
945 2568 1162 2632 Etiam
1232 2571 1302 2631 in
1376 2568 1663 2632 versione
1741 2565 2379 2652 Septuagintavirum
2442 2566 2781 2652 aliquoties
2839 2565 2942 2628 hoc

571 2675 762 2742 modo
802 2680 1085 2741 erratum
1131 2672 1277 2737 fuit.

656 2887 850 2953 XIII.
900 2886 1087 2953 Nunc
1122 2888 1312 2972 juvat
1358 2884 1682 2952 ostendere
1729 2883 2058 2952 luculento
2108 2885 2432 2972 exemplo,
2477 2906 2671 2973 qnam
2714 2882 2936 2952 lubrica

564 3016 665 3062 res
728 2997 845 3072 sit,
918 2991 1180 3058 Sacram
1238 2990 1638 3076 Scripturam
1704 2993 1759 3055 si
1823 2994 1967 3077 quis
2029 2993 2365 3058 emendare
2415 2991 2591 3058 velit..
2693 2989 2940 3077 Legitur

566 3103 764 3170 Marc.
834 3099 896 3165 6.
962 3097 1041 3164 53
1111 3096 1216 3162 καὶ
1282 3098 1389 3163 οὐκ
1435 3096 1695 3171 ἠδύνατο
1742 3097 1876 3160 ἐκεῖ
1918 3106 2166 3172 ποιῆσαι
2218 3098 2509 3176 οὐδεμίαν
2560 3098 2850 3177 δύναμιν,
2893 3090 2935 3152 εἶ

568 3211 658 3287 μη
708 3208 936 3285 ὀλίγοις
985 3206 1263 3285 ὥρρώςοις
1315 3203 1537 3275 ἐπιθεὶς
1586 3202 1705 3273 τὰς
1752 3211 1975 3283 χεῖρας
2015 3205 2415 3283 ἐθεράπευσεν
2454 3204 2560 3269 καὶ
2603 3203 2938 3281 ἐθαύμασεν

570 3315 638 3380 δι
661 3315 706 3380 ὰ
767 3314 877 3386 την
939 3310 1198 3377 ἄπα-ίαν
1249 3310 1470 3372 αὐτῶν.
1567 3306 1694 3372 Ηίο
1740 3308 2054 3396 philologi
2100 3313 2627 3396 praepositionem
2680 3310 2785 3376 δια
2825 3319 2935 3369 non

569 3423 937 3506 expungent
996 3436 1144 3481 cum
1204 3413 1576 3479 Maldonato
1595 3460 1612 3491 ‚
1677 3414 1786 3479 sed
1842 3414 2196 3480 uncialium
2259 3415 2594 3483 literarum
2641 3427 2936 3482 memores

565 3527 819 3594 statim.
891 3525 1145 3607 opinor,
1211 3526 1323 3585 aut
1369 3508 1495 3605 ipsi
1541 3524 1846 3604 reponent
1895 3526 2006 3584 aut
2053 3522 2413 3605 probabunt
2457 3528 2626 3588 certe
2645 3569 2662 3599 ,
2712 3522 2767 3587 si
2810 3516 2933 3601 quis

566 3631 950 3716 reposuerit.-
1012 3627 1116 3691 καὶ
1184 3626 1500 3702 ἐθαύμασε
1567 3625 1755 3689 λίαν
1819 3628 1928 3700 τὴν
1995 3626 2257 3694 dormian
2322 3631 2542 3694 αὐτῶν.
2637 3627 2746 3694 Sic
2793 3622 2936 3691 solet

567 3737 862 3825 postponi
908 3733 1284 3800 adverbium
1332 3733 1474 3796 λίαν
1522 3736 1587 3796 et
1625 3731 1918 3817 exempla
1958 3736 2324 3817 conquirere
2364 3735 2549 3801 facile
2587 3747 2704 3801 est.
2751 3732 2931 3800 Marc·

571 3845 636 3911 9.
700 3842 775 3907 3:
850 3839 1048 3905 λευκοὶ
1110 3839 1288 3915 λίαν,
1352 3836 1555 3902 Marc.
1620 3842 1679 3901 l.
1745 3836 1863 3902 35:
1929 3835 2157 3917 ἔννυχα
2206 3839 2386 3924 λίαν,
2433 3840 2666 3906 Matth.
2714 3824 2929 3907 2.16.·

566 3949 834 4029 ἐθυμώθη
885 3946 1055 4022 λίαν,
1110 3943 1351 4009 Matth.
1402 3944 1465 4007 4.
1520 3942 1597 4007 8:
1650 3944 1883 4021 ὑψηλὸν
1931 3944 2110 4022 λίαν,
2159 3944 2224 4010 8.
2274 3945 2390 4011 28:
2444 3948 2721 4026 χαλεποὶ
2772 3944 2928 4010 λίαν,

564 4055 799 4122 Matth.
861 4049 971 4118 27.
1041 4050 1152 4115 14:
1230 4045 1346 4117 ὥςε
1412 4048 1750 4128 θαυμάζειν
1797 4050 1900 4113 τὸν
1950 4047 2232 4128 ἡγεμόνα
2281 4052 2458 4131 λίαν,
2506 4053 2815 4119 Luc-223.
2857 4045 2925 4110 8:

566 4161 762 4240 ἐχάρη
813 4157 978 4240 λίαν,
1027 4153 1183 4220 alibi
1229 4153 1510 4220 fortasse.
1601 4152 1935 4242 Significat
1981 4162 2198 4221 autem
2248 4156 2391 4221 λίαν
2433 4160 2601 4243 apud
2638 4158 2925 4245 sequioree

566 4268 773 4341 valde,
821 4262 988 4349 apud
1033 4268 1278 4326 veteres
1324 4261 1506 4324 nimis
1528 4311 1546 4335 ,
1602 4280 1762 4344 quae
1809 4259 2033 4326 Cobeti
2081 4267 2179 4326 est
2223 4263 2581 4330 observatio
2626 4266 2693 4328 in
2741 4256 2922 4328 Praef-

561 4371 646 4441 Ν.
694 4369 770 4434 Τ.
837 4390 897 4454 p.
949 4383 1123 4431 ΜΠ.
1220 4365 1405 4431 Hanc
1450 4368 1659 4453 igitur
1707 4369 2160 4433 correctionem
2207 4370 2665 4455 propemodum
2714 4374 2921 4438 certam
