3192 5017
675 1133 1535 1224 OBSERVATIONES
1602 1132 2098 1222 CRITICAE

1355 1343 1421 1390 m

943 1517 1016 1590 L.
1067 1515 1405 1592 ANNAEI
1455 1514 1841 1588 SENECAE

803 1718 1234 1787 DIALOGOS
1296 1719 1404 1787 ET
1469 1719 1958 1787 EPISTOLAS.

1209 2018 1530 2043 ——m-
1545 2029 1576 2034 fl

286 2254 470 2335 Quod
527 2255 839 2322 iudicium
902 2254 1371 2336 Quinctilianus
1433 2254 1510 2319 de
1557 2253 1810 2319 dicendi
1853 2274 2084 2341 genere
2134 2254 2321 2332 tulit,
2373 2257 2540 2342 quod
2563 2308 2580 2342 ,

194 2381 393 2446 quum
461 2359 813 2427 rhetoricen
873 2358 1152 2447 profiteri
1216 2360 1558 2445 coepisset,
1622 2360 1792 2424 inter
1849 2358 2143 2444 aequales
2188 2380 2336 2427 suos
2381 2360 2581 2446 pluri·

191 2487 379 2532 mum
442 2466 804 2544 obtinebat,
869 2467 1045 2533 idem
1109 2465 1238 2532 fere
1286 2486 1406 2554 ego
1428 2512 1444 2543 ,
1493 2464 1832 2551 paululum
1881 2465 2221 2532 verborum
2271 2469 2584 2534 sententia

197 2572 462 2650 inflexa,
535 2572 612 2639 de
672 2571 946 2640 Senecae
1008 2571 1193 2638 libris
1257 2570 1569 2638 affirmare
1616 2570 1823 2636 ausim
1871 2568 1952 2657 1).
2011 2572 2303 2657 Corrupta
2349 2573 2476 2638 fuit
2522 2581 2586 2640 et

193 2680 460 2744 omnibus
527 2679 697 2744 vitiis
730 2680 947 2766 fracta
993 2678 1269 2744 elocutio
1291 2727 1308 2761 ,
1358 2697 1550 2763 quam
1601 2674 2075 2757 Quinctilianus
2122 2677 2201 2743 ad
2248 2680 2582 2763 pristinam

195 2789 608 2852 severitatem
659 2805 951 2852 revocare
997 2784 1317 2851 studebat.
1379 2784 1701 2866 Corruptae
1745 2790 1802 2846 et
1847 2784 2051 2846 multi-s
2096 2783 2266 2848 vitiis
2313 2786 2591 2850 turbatae

197 2892 470 2959 Senecae
527 2890 851 2978 Epistolae
916 2896 980 2957 et
1024 2893 1134 2978 qui
1179 2889 1471 2956 feruntur
1518 2887 1778 2975 Dialogi
1825 2887 1905 2953 ad
1950 2888 2120 2953 hunc
2168 2909 2368 2975 usque
2414 2889 2587 2956 diem

198 2999 525 3087 leg-untur.
620 2998 929 3079 Quamvis
1001 2995 1284 3062 multum
1357 2995 1594 3080 diuque
1665 2993 1954 3060 lectitata
2023 2998 2086 3060 et
2148 3015 2186 3061 a
2245 2994 2588 3062 lectoribus

200 3104 526 3171 nonnullis
594 3104 1046 3171 eruditissimis
1093 3108 1158 3168 et
1206 3102 1640 3190 sagacissimis
1686 3137 1772 3149 —
1820 3099 2192 3179 Muretum‚
2256 3100 2545 3188 Lipsium
2570 3152 2588 3188 ‚

200 3211 611 3298 Madvigium
659 3210 799 3275 dico
820 3259 837 3283 ,
889 3209 1122 3295 quibus
1169 3229 1247 3274 ex
1291 3208 1748 3273 recentioribus
1796 3203 2089 3273 Gertzius
2136 3206 2461 3274 addendus
2507 3248 2588 3257 -

199 3316 773 3384 innumerabilibus
820 3317 886 3381 in
925 3315 1085 3382 locis
1124 3314 1460 3381 emendata
1501 3320 1566 3379 et
1606 3313 1889 3398 expleta,
1930 3310 2201 3379 Senecae
2249 3334 2435 3400 opera
2483 3315 2591 3381 ad·

201 3425 329 3490 huc
407 3430 661 3509 propter
729 3421 1008 3509 plurima
1077 3422 1343 3489 obscura
1413 3426 1477 3487 et
1543 3417 1779 3485 mutila
1841 3419 2266 3486 emendatoris
2328 3441 2592 3487 manum

203 3532 582 3599 desiderant.
679 3529 888 3612 Quam
953 3531 1020 3593 in
1065 3530 1179 3606 iis,
1234 3546 1397 3614 quae
1443 3527 1611 3592 infra
1658 3526 1929 3610 scriptae
1975 3530 2160 3611 sunt,
2210 3526 2595 3595 observatio·

204 3638 395 3705 nibus
443 3658 523 3703 an
569 3637 998 3724 praestiterim
1019 3686 1036 3720 ,
1081 3634 1385 3702 candidus
1431 3632 1674 3700 videbit
1721 3631 1940 3698 lector.

302 3854 380 3919 de
444 3853 660 3919 Benef.
724 3851 803 3917 II.
851 3850 929 3919 -’7.
989 3850 1054 3917 2.
1149 3850 1443 3917 Tiberius
1491 3854 1754 3937 rogatus
1800 3869 1837 3914 a
1882 3848 2087 3915 Mario
2133 3849 2407 3934 Nepote,
2458 3849 2598 3915 viro

208 3961 526 4049 praetorio
546 4006 563 4035 ,
638 3964 713 4023 ut
775 3979 918 4024 aere
979 3957 1185 4024 alieno
1252 3979 1398 4024 eum
1459 3955 1798 4032 liberaret,
1865 3955 2045 4021 edere
2101 3952 2293 4020 illum
2341 3955 2600 4019 nomina

210 4067 604 4135 creditorum
657 4065 892 4149 jussit,
958 4063 1184 4130 deinde
1228 4063 1567 4150 pecuniam
1613 4061 1698 4127 iis
1747 4061 2113 4128 solvendam
2160 4061 2443 4135 curavit,
2494 4059 2603 4125 ad-

212 4175 348 4240 dita
396 4168 857 4237 contumeliosa
907 4169 1355 4236 admonitione.
1407 4168 1661 4256 Effecit,
1714 4174 1782 4232 uc
1826 4167 2026 4251 Nepos
2062 4189 2167 4230 nec
2205 4187 2305 4230 aes
2343 4165 2602 4229 alienum

282 4422 329 4480 1)
365 4419 484 4467 lunt.
522 4417 606 4465 Or.
649 4413 717 4464 X.
757 4415 800 4462 1.
842 4413 952 4461 12⁶.

2308 4509 2336 4554 9
