3192 5017
1145 281 1639 331 ARISTOPHANRS.
2460 262 2590 332 377

219 473 336 539 qua
396 453 473 519 de
535 474 602 518 re
662 454 809 520 vide
857 474 1016 538 quae
1063 453 1405 518 Piersonus
1452 455 1773 540 congessit
1823 456 1886 517 in
1936 452 2231 519 Verisim.
2281 474 2343 538 p.
2396 452 2481 518 99
2529 460 2599 520 et

219 558 536 626 Bentleius
607 560 685 625 ad
748 558 1130 625 Callimachi
1196 560 1630 647 fragmentum
1689 558 1838 624 101.
1908 557 2168 625 Scilicet
2215 559 2483 628 Athenis
2530 565 2596 627 et

218 667 279 730 in
340 667 633 731 universa
691 662 959 731 Graecia
1025 668 1285 731 nomina
1344 686 1468 731 non
1531 664 1878 731 stultorum
1927 666 2036 731 sed
2082 668 2198 732 τῶν
2247 668 2452 732 καλῶν
2498 668 2593 731 in-

217 773 623 837 veniebantur
669 773 903 856 ubique
948 771 1255 837 locorum.
1304 771 1630 838 Plurimos
1675 771 1845 838 locos
1894 771 2192 860 colligere
2238 772 2424 839 facile
2474 779 2589 838 est.

214 875 412 943 Verba
472 885 620 943 sunt
678 878 945 943 Luciani
991 880 1058 941 in
1107 879 1455 943 Amoribus
1502 879 1537 961 ξ
1589 877 1705 943 16:
1761 878 1868 954 ἤδη
1920 878 1983 943 δὲ
2034 877 2219 943 πλέον
2268 879 2436 961 αὐτῷ
2483 883 2588 944 τοῦ

215 982 432 1056 πάθους
507 981 901 1064 ἐρεθιζομένου
964 991 1174 1065 τοῖχος
1241 982 1415 1057 ἅπας
1480 985 1874 1065 ἐχαρασσετο
1936 983 2039 1049 καὶ
2106 989 2232 1057 πᾶς
2291 989 2589 1064 μαλακοῦ

213 1090 434 1170 δένδρου
483 1090 698 1169 Φλοιὸς
748 1089 1118 1171 Ἀφροδίτην
1166 1091 1361 1165 αὐτὴν
1409 1093 1757 1171 ἐκήρυσσεν.
1809 1090 1990 1157 Adde
2039 1090 2302 1157 Theocr.
2350 1090 2589 1157 XVIH.

215 1194 316 1281 47,
385 1196 707 1263 Aristaen.
772 1195 803 1260 I
872 1194 955 1261 10
1017 1203 1081 1261 et
1144 1199 1209 1261 in
1276 1196 1534 1263 Anthol.
1599 1197 1895 1263 Palatina
1952 1197 2054 1263 IX
2103 1194 2229 1262 341
2281 1198 2589 1285 populum

212 1302 331 1368 hoc.
390 1303 582 1369 modo
651 1305 1022 1389 inscriptam
1091 1305 1396 1369 invenies.
1475 1303 1627 1369 Alia
1698 1304 1970 1370 editores
2039 1304 2443 1371 contulerunt
2513 1306 2590 1371 ad

209 1406 490 1496 Propert.
541 1409 591 1475 Ι.
645 1409 746 1474 18.
796 1408 917 1474 22;

668 1513 984 1581 Scribitur
1032 1521 1097 1581 et
1140 1518 1374 1582 vestris
1423 1513 1710 1603 Cynthia
1756 1517 2113 1583 corticibus.

211 1622 383 1689 Adde
432 1621 623 1690 Ovid.
675 1621 936 1688 Heroid.
991 1622 1048 1687 5.
1103 1621 1218 1688 21:

657 1728 898 1794 Incisae
943 1734 1198 1795 servant
1245 1748 1279 1794 a
1324 1734 1390 1794 te
1439 1750 1582 1795 mea
1627 1733 1885 1796 nomine
1931 1730 2085 1817 fagi.

210 1834 541 1902 Praeterea
603 1836 873 1901 minime
932 1834 1230 1922 vulgaria
1289 1841 1439 1900 sunt
1501 1856 1662 1919 quae
1724 1835 1906 1902 docte
1954 1836 2306 1922 disputavit
2352 1834 2589 1904 Gardt-

208 1941 546 2008 hausenius
609 1941 686 2008 de
733 1940 1236 2027 Palaeographia
1281 1939 1525 2009 Graeca
1572 1963 1634 2028 p.
1683 1941 1792 2022 22,
1842 1944 2009 2029 apud
2067 1964 2254 2029 quem
2304 1943 2588 2021 videbis,

209 2050 259 2112 si
322 2049 485 2115 forte
533 2053 748 2114 notam
798 2069 933 2113 rem
980 2048 1262 2113 nondum
1312 2049 1743 2115 observaveris
1763 2096 1779 2127 ,
1825 2050 2147 2116 interdum
2198 2052 2395 2116 etiam
2443 2050 2590 2137 phi-

208 2153 378 2240 lyrae
425 2153 531 2223 vel
579 2154 758 2220 tiliae
805 2155 1106 2219 corticem
1158 2174 1271 2240 pro
1316 2175 1559 2242 papyro
1609 2161 1989 2241 usurpatum
2036 2157 2231 2223 fuisse
2246 2177 2264 2235 ς
2315 2161 2452 2222 tam
2492 2162 2589 2222 est

208 2262 370 2326 enim
427 2260 511 2327 ad
573 2258 975 2325 scribendum
1036 2259 1305 2339 habilis,
1376 2261 1542 2327 unde
1605 2264 1801 2327 etiam
1863 2263 2032 2348 apud
2077 2261 2398 2329 Romanos
2445 2264 2589 2328 bibra·

208 2386 431 2433 nomen
504 2368 903 2434 invenerunt.
1000 2364 1123 2432 Sed
1194 2373 1438 2433 veteres
1506 2370 1893 2455 scripserunt
1954 2370 2020 2433 in
2081 2371 2432 2455 parietibus
2456 2417 2472 2446 ,
2522 2369 2591 2434 in

208 2473 544 2539 corticibus
587 2473 885 2538 arborum
903 2492 920 2551 ;
969 2472 1379 2557 Pompeiani,
1433 2476 1600 2559 quod
1646 2474 1873 2540 rudera
1921 2474 2276 2553 declarant,
2330 2474 2588 2540 nullum

213 2579 391 2645 facile
448 2577 784 2665 publicum
846 2580 1258 2664 privatumve
1305 2585 1797 2645 monumentum
1843 2578 2252 2646 illitteratum
2295 2581 2587 2646 sinebant

207 2705 365 2764 esse3
436 2705 754 2770 nusquam
831 2690 1044 2750 tamen
1114 2683 1248 2772 legi
1315 2705 1421 2751 eos
1479 2706 1558 2750 ne
1623 2687 1832 2751 ianuis
1892 2687 2150 2771 quidem
2212 2687 2589 2772 pepercisse.

206 2789 485 2859 Subnata
532 2791 698 2857 mihi
747 2796 842 2857 est
888 2792 1166 2877 suspicio
1186 2838 1202 2869 ,
1252 2793 1573 2876 scripsisse
1622 2799 1911 2877 poetam:

566 2897 671 2962 καὶ
724 2899 791 2973 νὴ
842 2898 964 2972 Δί’,
1016 2896 1082 2973 ἢν
1130 2897 1228 2979 ἴδῃ
1276 2898 1354 2976 γε’
1405 2922 1520 2963 που
1570 2898 2012 2980 γεγραμμένον

566 3003 689 3069 υἱὸν
736 3002 1179 3082 Πυριλάμπους
1231 3004 1292 3068 ἐν
1337 3004 1540 3086 Φιλύ
1557 3027 1650 3088 pq:
1700 3010 1912 3083 Δῆμον
1964 3004 2171 3071 καλόν.

205 3110 396 3178 Extra
458 3130 680 3176 muros
741 3109 1142 3176 Athenarum
1209 3111 1459 3176 arbores
1505 3111 1665 3177 olim
1716 3114 1986 3177 minime
2032 3132 2204 3177 raras
2249 3112 2481 3189 fuisse,
2531 3113 2587 3176 si

206 3219 305 3281 cui
350 3238 511 3303 opus
557 3221 653 3282 est
701 3216 934 3282 diserto
983 3218 1349 3283 testimonio
1375 3265 1392 3294 ,
1443 3218 1852 3304 persuadebit
1898 3217 2085 3284 Plato
2133 3219 2199 3282 in
2249 3218 2539 3284 Phaedro
2567 3268 2583 3293 ,

205 3322 308 3388 sed
352 3325 609 3390 etiamsi
655 3322 1025 3389 Philocleon
1072 3344 1426 3409 numquam
1474 3325 1699 3390 urbem
1749 3330 1893 3410 post
1939 3345 2006 3389 se
2045 3323 2408 3409 reliquerit,
2464 3344 2589 3390 non

207 3427 459 3496 deerant
528 3436 695 3495 certe
763 3431 934 3495 intra
1001 3433 1400 3515 pomoerium
1469 3429 1609 3497 loca
1674 3431 2002 3496 arboribus
2073 3433 2314 3497 consita
2333 3480 2348 3507 ‚
2397 3432 2590 3497 sicuti

206 3532 498 3621 Spartani
570 3557 756 3601 suum
833 3540 1244 3605 Πλατανιςᾶν
1304 3536 1625 3602 habebant
1689 3543 1752 3602 et
1816 3536 2003 3602 hodie
2061 3539 2131 3602 in
2178 3544 2313 3603 tam
2361 3539 2595 3603 misera

207 3643 500 3709 arborum
564 3645 884 3729 paucitate
947 3645 1117 3709 cives
1179 3650 1395 3708 tamen
1440 3644 1677 3709 habent
1722 3663 1883 3729 pone
1929 3644 2175 3731 regiam
2226 3645 2594 3710 amoenissi-

209 3767 341 3814 mos
386 3750 637 3826 hortos,
690 3751 756 3813 in
803 3750 1036 3834 quibus
1082 3770 1231 3815 cum
1279 3751 1584 3816 uxoribus
1631 3748 2060 3815 deambulent.
2110 3748 2287 3816 Olim
2333 3755 2546 3816 autem
2574 3796 2592 3827 ‚

208 3856 370 3937 quod
414 3855 767 3940 Xenophon
816 3856 1037 3921 scribit
1083 3856 1161 3921 de
1206 3856 1451 3944 Vectig.
1496 3856 1561 3923 2.
1607 3855 1646 3922 6
1689 3863 1867 3923 erant
1906 3856 2117 3921 πολλὰ
2159 3858 2348 3922 οἰκιῶν
2393 3854 2591 3937 ἔρημα

210 3959 367 4032 ἐντὸς
436 3970 547 4038 τῆς
612 3960 879 4034 πόλεως·
946 3963 1242 4029 haeccine
1305 3962 1444 4029 loca
1506 3963 1837 4029 credemus
1898 3962 2227 4028 arboribus
2275 3964 2588 4045 caruisse,

210 4084 402 4149 quum
451 4071 646 4133 etiam
687 4070 923 4154 privati
965 4070 1135 4134 cives
1173 4068 1364 4153 paulo
1404 4068 1709 4135 lautiores
1751 4069 2046 4134 domibus
2084 4068 2216 4133 suis
2253 4071 2589 4157 contiguos

210 4169 418 4240 hortos
476 4174 818 4259 haberent,
882 4174 1049 4258 quod
1113 4173 1274 4240 Isaei
1335 4176 1699 4241 testimonio
1760 4176 2059 4241 novimus
2126 4173 2295 4240 Orat.
2347 4175 2424 4240 V.
2481 4175 2589 4260 11,

211 4278 287 4343 cf.
332 4280 577 4347 Mnem.
626 4279 797 4346 XVI.
850 4279 1003 4345 403.
1054 4279 1223 4360 Quin
1269 4288 1334 4347 et
1380 4284 1446 4346 in
1483 4283 1632 4369 foro
1679 4282 1806 4365 ipso
1853 4283 2105 4347 arbores
2150 4301 2275 4349 non
2313 4282 2594 4361 deerant,

215 4383 288 4448 cf.
334 4385 614 4474 Hesych.
666 4408 723 4454 v.
775 4387 889 4451 ἀπ’
939 4387 1219 4469 αἰγείρων
1269 4394 1332 4453 et
1381 4388 1616 4453 Anecd.
1671 4387 1787 4452 Bk.
1841 4409 1903 4474 p.
1955 4385 2108 4453 354.
2157 4387 2266 4453 25.
2309 4386 2595 4476 Populus
