3192 5017
2592 300 2632 363 13

2640 301 2671 366 <0

2686 296 2721 366 s}

1338 316 1699 367 autumnus.

409 487 674 554 Penthei
725 490 919 556 verba
965 498 1114 555 sunt
1161 491 1240 556 ad
1289 511 1484 556 avum
1536 513 1624 556 vs.
1679 491 1850 556 251:

759 597 830 660 ἐν
877 598 1215 662 ποικίλαισι
1265 596 1496 675 νεβρίσι
1545 598 1870 677 Τειρεσίαν
1915 597 2023 678 ὁρῶ

770 701 1013 783 πατέρα
1060 726 1130 768 τε
1178 702 1404 783 μητρὸς
1454 713 1565 777 τῆς
1617 705 1807 788 ἐμῆς,
1856 707 2049 770 πολὺν
2100 704 2318 783 γέλων,

770 806 1027 889 νάρθηκι
1067 808 1494 890 βακχεύοντ’·
1552 811 1919 888 ἆναίνομαι,
1971 810 2209 890 πάτερ,

770 916 840 979 τὸ
888 922 1086 996 γῆρας
1135 917 1297 993 ὑμῶν
1340 917 1575 995 εἰσορῶν
1624 921 1756 981 νοῦν
1796 920 1903 983 οὐκ
1944 915 2108 996 ἔχον.
2200 958 2210 967 ·

321 1020 710 1087 Kirchhoffio
780 1021 979 1101 πάτερ
1050 1021 1568 1108 supplementum
1638 1021 1974 1089 lacunulae
2044 1029 2178 1107 est,
2250 1043 2376 1109 quo
2448 1023 2707 1107 probato

320 1125 754 1193 Weckleinius
801 1128 1310 1194 commendavit:
1360 1127 1841 1207 βακχεύοντας,
1891 1129 2043 1194 ἀλλ’
2093 1131 2456 1213 οέναίνομαι,
2497 1127 2707 1193 Nauc-

320 1234 469 1299 kius
531 1236 768 1320 partim
831 1234 1288 1322 Musgravium
1345 1241 1603 1300 secutus
1649 1237 1947 1301 coniecit:
2000 1236 2481 1316 βακχεύοντας,
2528 1233 2710 1298 ἀλλὰ

321 1341 657 1417 μαίνομαι,
745 1341 912 1425 quod
997 1349 1213 1406 tamen
1285 1343 1500 1405 minus
1569 1341 2118 1407 accommodatum
2189 1341 2446 1407 videtur
2475 1425 2481 1431 .
2515 1358 2708 1425 quam

322 1445 618 1512 Porsoni:
691 1447 984 1523 αἰδοῦμαι
1057 1446 1275 1527 πάτερ.
1346 1445 1634 1514 Concedo
1699 1469 1849 1514 sane
1909 1450 2241 1524 ἀναίνομαι
2300 1447 2536 1513 servari
2582 1466 2707 1510 non

321 1573 535 1638 posse,
610 1552 718 1618 sed
785 1560 1032 1638 praesto
1095 1562 1191 1617 est
1253 1556 1531 1618 mutatio
1594 1553 1922 1638 aliquanto
1979 1553 2215 1620 lenior:
2267 1555 2471 1631 ἆγαί
2487 1575 2514 1617 ο
2532 1573 2707 1627 μαι.

322 1657 565 1724 Deinde
626 1661 680 1722 si
744 1662 889 1744 quis
935 1660 1293 1733 existimat,
1350 1659 1550 1737 πάτερ
1599 1659 1704 1724 hic
1751 1680 2079 1746 perperam
2131 1663 2509 1745 usurpatum
2537 1677 2705 1727 esse.

322 1786 518 1850 quum
589 1762 870 1831 Cadmus
930 1764 1200 1829 Penthei
1256 1785 1376 1830 non
1426 1771 1604 1849 pater
1651 1769 1768 1841 sit,
1817 1767 1926 1830 sed
1974 1787 2168 1844 avus,
2214 1766 2555 1831 rescribere
2602 1784 2711 1848 po·

324 1875 512 1938 terit:
561 1872 1040 1952 βακχεύοντας,
1089 1872 1241 1935 dm*
1286 1872 1637 1949 ἀγαίομαι,
1689 1871 1798 1937 sed
1845 1871 1992 1937 vide
2032 1893 2124 1938 vs.
2159 1871 2332 1937 1322
2372 1876 2438 1936 et
2475 1871 2711 1955 poteris

324 1979 517 2045 etism
566 1977 738 2059 γέρον
786 1979 1112 2044 coniicere.

421 2195 613 2261 Brevi
657 2201 802 2280 post
848 2192 1172 2259 Pentheus
1223 2192 1297 2258 ad
1348 2192 1662 2258 Tiresiam
1711 2213 1805 2259 vs.
1861 2191 2030 2259 259:

781 2301 831 2365 εἰ
878 2301 968 2377 μή
1016 2322 1087 2363 σε
1133 2304 1336 2379 γῆρας
1384 2299 1594 2364 πολιὸν
1642 2299 1980 2381 ἐξερρύετο,

780 2403 1065 2481 καθῆσ’
1116 2405 1193 2471 ἂν
1238 2405 1301 2469 ἐν
1347 2403 1671 2487 βάκχαισι
1720 2404 1963 2483 δέσμιος
2010 2403 2285 2483 μέσαις..

322 2515 430 2582 sed
479 2514 759 2600 praefero
808 2515 1167 2598 optativum
1217 2512 1393 2594 καθῇ’
1440 2509 1537 2578 ἄν.
1634 2513 1906 2593 Sedet-ee,
1953 2532 2075 2578 non
2122 2512 2385 2577 redicre&

414 2729 806 2816 Componam
874 2751 963 2797 vs.
1024 2730 1193 2798 272:
1262 2727 1431 2803 οὗτος
1491 2730 1548 2796 δ’
1596 2731 1625 2795 ὃ
1674 2731 1907 2809 δαίμων
1955 2732 1983 2797 ὃ
2032 2730 2155 2802 νέος
2202 2728 2264 2796 ὃν
2310 2730 2386 2796 σὺ
2434 2731 2704 2808 διαγε-

324 2842 502 2919 λᾷς,
554 2858 701 2902 cum
755 2858 848 2903 vs.
904 2834 1070 2902 322:
1123 2838 1245 2914 ἐγὼ
1291 2838 1406 2913 μὲν
1452 2833 1550 2902 οὖν
1591 2837 1696 2903 καὶ
1739 2838 1990 2915 Κάδμος
2031 2829 2093 2902 ὃν
2131 2839 2207 2904 σὺ
2258 2837 2704 2920 διαγελᾷς,

324 2942 433 3008 sed
505 2945 654 3029 quie
723 2964 847 3008 non
917 2943 1072 3009 satis
1143 2964 1436 3029 assequor
1505 2964 1667 3029 quae
1730 2946 1830 3011 vis
1892 2947 1977 3009 sit
2037 2946 2518 3029 praepositionis
2567 2942 2704 3027 διαὶ,

324 3050 663 3135 utrobique
711 3048 977 3115 malim:
1023 3042 1082 3114 ὃν
1130 3052 1205 3115 σὺ
1256 3050 1343 3126 δὴ
1391 3056 1676 3133 γελᾷς.

418 3262 659 3328 Mirum
714 3269 808 3328 est
854 3264 1019 3348 quod
1069 3263 1144 3329 de
1193 3262 1440 3330 Baccho
1487 3264 1771 3352 legimus
1820 3286 1892 3332 vs
1943 3264 2109 3333 314:

778 3372 898 3449 οὐχ
946 3369 973 3434 ὅ
1026 3371 1308 3441 Διόνυσος
1359 3377 1808 3451 σωφρονεῖν
1855 3373 2206 3452 ἄναγκοὶσει

778 3483 1085 3554 γυναῖκας
1133 3478 1217 3548 εἷς
1270 3479 1375 3551 τὴν
1425 3477 1672 3557 Κύπριν.

327 3584 423 3651 De
483 3582 725 3668 reliqua
786 3584 1108 3668 pericopes
1157 3588 1332 3668 parte
1380 3584 1696 3668 quomodo
1744 3588 2044 3650 constitui
2092 3586 2354 3672 debeat,
2404 3589 2568 3655 nihil
2615 3590 2708 3656 af-

323 3689 506 3755 firmo
577 3695 640 3755 et
714 3688 928 3755 videre
994 3695 1090 3754 est
1154 3688 1320 3774 apud
1380 3687 1851 3756 Weckleinium
1918 3691 2071 3777 quid
2130 3691 2436 3778 interpres
2496 3694 2708 3760 moliti

323 3800 482 3873 sint3
538 3795 648 3861 sed
694 3794 1053 3882 intelligere
1100 3795 1264 3859 mihi
1314 3796 1533 3861 videor
1581 3818 1692 3881 pro
1740 3804 2063 3877 σωφρονεῖν
2115 3800 2379 3865 verbnm
2432 3804 2703 3885 requiri,

324 3902 491 3988 quod
540 3921 796 3987 prorsus
842 3903 1227 3966 contrarium
1274 3900 1613 3989 significet.
1708 3906 1805 3967 An
1856 3905 2316 3986 ἑντρυφὶνΡ
2366 3906 2540 3971 Malo
2592 3909 2705 3973 hoc

323 4016 491 4075 certe
537 4029 729 4094 quam
778 4006 1226 4072 Nauckianum
1277 4010 1364 4085 μὴ
1415 4003 1479 4072 εὖ
1526 4014 1879 4089 Φρονεῖν.

416 4221 521 4286 Vs.
576 4217 742 4288 '7852
1010 4221 1073 4283 οὐ
1119 4221 1245 4299 γὰρ
1295 4221 1447 4285 ἀλλ’
1499 4220 2014 4299 ὑπερβάλλει
2066 4222 2250 4293 τάδε,

780 4326 829 4389 εἷ
879 4325 1021 4403 πρὸς
1071 4332 1375 4404 γυναικῶν
1427 4325 1801 4405 πεισόμεσθ’
1850 4320 1892 4392 ἃ
1942 4329 2301 4410 πάσχομεν.

327 4434 548 4500 Nonne
593 4431 799 4497 multo
847 4435 1079 4496 rectius
1126 4437 1219 4497 est
1270 4432 1301 4495 ὑ
1322 4457 1413 4498 πε
1434 4458 1464 4512 ρ
1482 4433 1531 4511 β
1551 4458 1592 4498 α
1614 4449 1652 4497 λ
1676 4458 1704 4498 ε
1722 4431 1785 4500 7?
