3192 5017
638 264 768 330 160
1552 251 1559 257 ’
1648 294 2006 344 summu.

1138 461 1314 529 ἕσωσ’
1365 462 1630 545 ἀριθμὸν
1672 466 1916 551 ὀλίγον,
1964 469 2017 532 οἱ
2067 466 2323 547 Κάδμου
2369 466 2547 533 πόλιν

1132 577 1504 637 τεκνοῦσι
1552 572 1786 637 παίδων
1832 574 2069 640 παισίν.

637 676 818 757 Quod
865 697 1053 741 nemo
1098 677 1390 756 dubitat,
1442 685 1811 764 corruptum
1861 685 1958 745 est
2003 687 2316 758 τεκνοῦσι,
2371 682 2480 747 sed
2522 683 2719 745 nimis
2755 679 2986 766 languet

632 784 799 867 quod
845 782 1227 872 Hartungus
1258 789 1586 871 proposuit
1626 787 1923 851 λείπουσι.
1970 788 2144 853 Mihi
2180 791 2334 854 satis
2371 788 2612 873 placet:
2653 786 2985 865 ςέγουσι.
3103 778 3104 811 ÷

631 891 953 977 Antigone
1016 893 1084 955 in
1146 890 1298 956 Oed.
1365 889 1582 958 Colon.
1642 892 1760 957 15:
1820 893 2039 973 πύργοι
2086 894 2202 972 μὲν
2247 887 2301 959 οἳ
2350 896 2525 960 πόλιν
2573 892 2885 972 ςέγουσιν,
2925 893 2986 961 ὦς

634 996 752 1061 ἀπ’
801 998 1137 1075 ὀμμάτων,
1189 995 1410 1078 πρόσω.

725 1210 851 1292 Qui
897 1211 1110 1299 Lycus
1126 1264 1144 1299 ,
1192 1216 1523 1281 interfecto
1569 1214 1840 1283 Creonte
1856 1264 1874 1294 ,
1916 1216 2154 1282 Thebis
2193 1217 2559 1301 imperitat,
2599 1220 2835 1283 veteris
2854 1214 2991 1303 Lyci
3103 1226 3104 1229 ’

632 1340 757 1385 non
817 1318 989 1389 filius
1046 1326 1179 1398 est,
1242 1321 1348 1387 sed
1411 1343 1577 1387 unus
1621 1344 1655 1388 e
1703 1325 1970 1408 posteris
2016 1325 2176 1389 eius.
2269 1322 2494 1408 Itaque
2543 1328 2875 1408 corruptus
2913 1323 2992 1387 est
3103 1324 3104 1415 j

634 1445 727 1490 vs.
779 1422 903 1489 31:

1088 1528 1155 1597 οὗ
1200 1535 1425 1599 ταυτὸν
1472 1532 1658 1612 ὄνομα
1710 1541 1861 1607 παῖς
1912 1535 2145 1614 πατρὸς
2187 1532 2588 1613 κεκλημένος.

630 1639 802 1706 Satis
847 1644 1087 1707 certam
1138 1640 1525 1707 medicinam
1572 1660 1700 1706 non
1742 1643 2017 1709 invenio,

722 1855 936 1943 Lycus
992 1855 1330 1922 Creontem
1392 1857 1712 1922 interfecit
1770 1878 1919 1922 cum
1978 1855 2164 1934 filiis,
2217 1856 2385 1942 quod
2433 1856 2667 1921 diserte
2715 1854 2994 1919 docemur
3103 1900 3104 1957 1

631 1984 723 2028 vs.
802 1961 953 2028 539.
1031 1956 1239 2028 Unica
1308 1961 1442 2029 filia
1502 1970 1820 2048 superstes
1878 1970 1972 2027 est
2031 1962 2337 2049 Megara,
2400 1965 2584 2028 cuius
2643 1960 2880 2027 liberos
2931 1978 2994 2023 ex
3103 2000 3104 2007 κ

631 2067 908 2135 Hercule
956 2075 1278 2154 susceptos
1324 2071 1758 2153 persequitur,
1806 2090 1884 2133 ne
1929 2070 2092 2134 forte
2140 2069 2479 2153 aliquando

1082 2175 1491 2251 μήτρωσιν
1540 2173 2053 2253 ἐκπράξωσιν
2100 2173 2368 2250 αἵματος
2417 2174 2616 2252 δίκην,

629 2290 703 2348 ut
760 2288 857 2347 est
914 2302 1006 2347 vs.
1058 2280 1167 2346 43.
1231 2279 1374 2346 Scio
1422 2280 1677 2365 quidem
1730 2283 2017 2358 μήτρωας
2068 2281 2417 2346 avunculos
2462 2301 2648 2365 saepe
2696 2279 2858 2355 dici,
2904 2276 2992 2342 sed
3103 2360 3104 2367 ἵ

627 2386 1004 2454 Heraclidae
1049 2390 1226 2472 prius
1274 2387 1377 2450 avi
1428 2390 1700 2452 materni
1747 2407 1939 2470 quam
1988 2387 2450 2452 avunculorum
2495 2386 2750 2452 caedem
2793 2384 2990 2450 ulcisci

628 2495 964 2558 debebunt.
1062 2489 1322 2557 Contuli
1370 2498 1583 2557 autem
1634 2492 1966 2558 Pollucem
2017 2492 2080 2558 3.
2138 2491 2258 2558 16:
2309 2492 2535 2572 μητρὸς
2587 2493 2840 2572 πατήρ·
2878 2493 2992 2554 τοῦ·

626 2624 724 2665 τον
776 2599 829 2663 δ’
877 2598 1201 2678 Εὐριπίδης
1252 2600 1505 2677 μήτρωα
1556 2599 1904 2674 ὠνόμασεν,
1954 2620 2155 2683 neque
2200 2619 2340 2663 raro
2388 2599 2628 2676 μήτρως
2681 2603 2992 2662 maternus

622 2728 781 2774 avus
827 2706 1063 2771 dicitur
1109 2711 1174 2770 et
1222 2704 1536 2770 Pindarus
1583 2704 1970 2769 vocabulum
2021 2724 2093 2768 ea
2138 2702 2600 2791 significatione
2647 2703 2988 2787 usurpavit.

620 2814 846 2897 Itaque
918 2813 1223 2896 suspicari
1293 2813 1471 2895 coepi
1542 2810 1876 2875 Pollucem
1956 2816 2242 2875 nostrum
2308 2809 2525 2876 locum
2586 2814 2733 2875 ante
2800 2806 2992 2874 oculos

620 2920 917 2985 habuisse
963 2925 1029 2984 et
1075 2917 1230 2984 olim
1278 2917 1590 3000 scriptum
1639 2915 1870 2980 fuit-se:

1073 3026 1340 3101 μήτρῳ
1388 3020 2047 3099 συνεκπροίξωσιν
2096 3018 2361 3098 αἵματος
2412 3021 2603 3096 δίκην.

624 3127 1182 3208 Συνεκπρήξασθαι
1246 3128 1393 3193 vide
1451 3128 1618 3211 apud
1679 3127 2077 3194 Herodotum
2142 3127 2282 3218 VH.
2351 3126 2502 3201 169,
2564 3127 2642 3192 de
2700 3147 2831 3212 quo
2875 3126 2992 3191 loco

621 3237 900 3303 Cobetus
949 3238 1084 3322 egit
1131 3233 1369 3298 Mnem.
1415 3232 1519 3297 IV.
1563 3232 1715 3299 311.
1755 3233 1930 3299 Inter
1972 3237 2246 3300 activam
2288 3240 2351 3300 et
2386 3233 2668 3298 mediam
2695 3236 2988 3319 exiguum

621 3365 788 3409 nunc
850 3344 1110 3407 fortasse
1168 3341 1505 3404 discrimen
1553 3346 1667 3405 est.
1762 3340 2099 3425 Euripides
2146 3347 2313 3405 certe
2360 3342 2596 3424 pariter
2641 3359 2737 3404 vs.
2795 3334 2986 3404 1080:

624 3450 766 3515 τότε
829 3445 1042 3512 θανεῖν
1106 3446 1164 3510 σ’
1229 3447 1455 3525 ἐχρῆν,
1523 3442 1626 3510 ὅτε
1690 3446 1964 3524 δάμαρτι
2025 3452 2110 3528 σᾷ
2158 3445 2341 3525 Φόνον
2387 3443 2736 3523 ὁμοσπόρων
2784 3444 2986 3520 ἔμολες

621 3553 958 3634 ἑκπροὶξων.
1057 3551 1487 3639 Amphitryon
1553 3558 1770 3617 autem
1818 3553 1969 3636 quia
2016 3550 2189 3617 solus
2235 3557 2370 3616 erat
2419 3547 2748 3629 ἐξέπραξε,
2804 3548 2986 3613 Hera·

620 3662 822 3727 olidae
884 3659 1035 3745 quia
1089 3658 1303 3743 plures
1350 3664 1535 3735 sunt,
1587 3656 1927 3742 aliquando
1975 3660 2326 3743 conjunctis
2372 3656 2619 3722 viribus
2665 3650 2989 3734 συνεκπρά·
3103 3644 3104 3727 J

619 3766 839 3844 ξουσιν.

712 3982 825 4049 Vs.
880 3982 1000 4048 55:

1028 4088 1228 4168 Φίλων
1275 4088 1335 4152 δὲ
1385 4087 1525 4160 τοὺς
1576 4088 1692 4164 μὲν
1738 4088 1804 4149 οὐ
1856 4091 2160 4164 σαφεῖς
2212 4087 2316 4163 ὁρῶ
2364 4084 2610 4163 Φίλους.

622 4196 884 4283 Corrige
933 4201 1237 4276 σαφῶς.
1288 4193 1485 4259 Recte
1532 4192 1674 4278 Iph.
1727 4191 1919 4257 Taur.
1963 4190 2129 4255 610:
2171 4198 2296 4263 τοῖς
2343 4191 2550 4270 Φίλοις
2590 4186 2778 4271 ὀρθῶς
2817 4190 2986 4270 Φίλος

619 4302 972 4387 itidemque
1017 4308 1184 4367 recte
1230 4304 1297 4365 in
1344 4301 1565 4365 eadem
1615 4297 1828 4363 fabula
1879 4320 1968 4363 vs.
2023 4296 2153 4362 919
2202 4300 2416 4374 σαφὴς
2462 4296 2688 4381 Φίλος,
2723 4316 2872 4363 nam
2909 4292 2984 4358 ibi

617 4407 1091 4474 substantivum
1141 4418 1255 4472 est.
