3192 5017
571 267 696 332 148
1583 291 1947 339 nummu.

955 473 962 480 ’
1023 459 1246 534 cinea
1292 462 1441 542 παρ’
1487 460 1709 527 ἀσπίδ’
1757 463 1867 527 οὐκ
1911 463 2257 537 ὀκνήσουσιν
2300 461 2551 540 Saveh,

1028 570 1150 646 ἐγὼ
1199 569 1260 634 δὲ
1310 565 1558 644 πατέρα
1605 568 1711 632 καὶ
1760 569 2135 646 κασίγνητον
2181 568 2429 646 προδοὺς

1028 677 1206 740 πόλιν
1253 677 1310 738 τ’
1361 676 1635 748 ἐμαυτοῦ
1684 672 1880 744 δειλὸς
1930 671 2005 744 ὣς
2055 672 2167 752 ἔξω
2214 672 2444 755 χθονὸς

1025 779 1276 857 ἄπειμι.

572 888 952 955 Revocanda
1009 894 1106 952 est
1167 893 1456 951 veterum
1517 885 1893 951 Editionum
1954 885 2144 952 lectio
2205 888 2271 950 εἴ
2337 888 2451 964 μὲν
2496 884 2850 967 θεσφάτων
2894 897 2953 953 et

569 993 884 1060 Codicum
947 1011 1322 1058 consensum
1379 994 1446 1055 in
1509 989 1629 1055 tali
1692 1012 1759 1057 re
1806 993 1969 1055 tanti
2015 1011 2136 1056 non
2184 993 2480 1071 fecerim,
2528 997 2761 1078 quanti
2810 994 2955 1060 fecit

577 1098 1087 1165 Valckenarius.

661 1313 892 1380 Itidem
941 1314 1267 1378 minutum
1314 1327 1412 1378 est
1456 1314 1624 1398 quod
1670 1314 2116 1402 corrigendum
2164 1321 2451 1399 superest
2496 1336 2593 1380 vs.
2650 1314 2875 1380 1014:

934 1420 1128 1498 ςεΙχω
1177 1419 1238 1484 δὲ
1286 1417 1566 1484 θανάτου
1617 1420 1789 1501 δῶρον
1837 1423 1944 1484 οὐκ
1992 1421 2249 1502 αἰσχρὸν
2298 1420 2475 1486 πόλει

934 1526 1169 1600 δώσων,
1218 1525 1386 1590 νόσου
1434 1525 1497 1589 δὲ
1546 1525 1709 1600 τήνδ’
1758 1525 2222 1602 ἀπαλλάξω
2268 1524 2541 1608 χθόνα,

573 1634 682 1697 ubi
733 1652 882 1697 cum
932 1631 1179 1696 duobus
1225 1627 1566 1696 Codicibus
1613 1632 1822 1697 malo:
1868 1632 2399 1710 ἀπαλλάξων.

661 1847 1155 1934 Bakhuyzenius
1218 1866 1401 1911 meus
1459 1848 1526 1909 in
1571 1844 1920 1912 utilissimo
1963 1844 2129 1911 libro
2176 1848 2250 1910 de
2294 1847 2561 1911 Parodn'a
2609 1854 2677 1911 ἐκ
2732 1850 2960 1913 Comoe-

574 1958 698 2020 diiae
757 1955 1177 2037 Aristophanis
1237 1974 1300 2037 p.
1359 1950 1492 2015 208
1557 1951 1691 2015 ὁδοῦ
1755 1951 2060 2029 πάρεργον
2115 1952 2439 2017 ostendere
2505 1961 2773 2019 conatus
2836 1963 2955 2030 est,

577 2061 906 2146 Euripidis
971 2060 1351 2124 Phoenissae
1398 2056 1851 2121 additamentis
1900 2058 2280 2141 quibusdam
2330 2079 2408 2122 ex
2453 2057 2581 2124 alia
2628 2060 2963 2147 tragoedia

572 2166 896 2232 translatis
956 2168 1355 2249 inquinatam
1420 2163 1633 2227 fuisse.
1728 2161 1897 2241 Quos
1954 2162 2125 2229 locos
2172 2162 2670 2249 Bakhuyzenius
2716 2169 2964 2232 exami-

563 2275 777 2348 navit,
841 2291 1041 2354 neque
1103 2271 1239 2333 sine
1304 2269 1552 2343 fructu,
1616 2269 1713 2331 uti
1777 2269 2080 2351 arbitror,
2147 2272 2578 2353 examinavit,
2642 2271 2693 2335 ii
2742 2291 2962 2336 omnes

562 2381 977 2446 inveniuntur
1021 2379 1088 2439 in
1135 2381 1418 2438 extrema
1463 2369 1717 2436 fabulae
1758 2383 1933 2457 parte
1975 2383 2035 2438 et
2079 2377 2436 2439 referuntur
2473 2375 2553 2439 ad
2592 2375 2964 2464 Antigones

564 2504 894 2572 personam
920 2531 937 2559 ,
1011 2479 1155 2556 sed,
1224 2480 1353 2542 nisi
1429 2475 1647 2551 fallor,
1714 2481 1846 2544 sine
1904 2478 2038 2544 ullo
2103 2479 2355 2544 errandi
2415 2480 2705 2565 periculo
2765 2483 2963 2567 paulo

563 2592 819 2677 longius
881 2584 1178 2672 progredi
1237 2581 1479 2647 licebit.
1573 2581 1747 2647 Mihi
1810 2583 2067 2667 quidem
2136 2584 2517 2649 Phoenissae
2581 2607 2659 2651 ex
2709 2588 2964 2653 duabus

559 2694 903 2783 tragoediis
966 2690 1398 2756 contaminata
1461 2691 1655 2753 fuisse
1716 2688 2006 2772 videtur,
2074 2697 2149 2754 ut
2212 2689 2500 2755 Thebani
2566 2691 2725 2757 belli
2773 2698 2959 2779 quasi

554 2800 822 2867 historia
868 2801 1299 2882 spectatorum
1346 2793 1546 2859 oculis
1591 2794 2026 2879 subjiceretur.
2120 2795 2262 2860 Non
2311 2816 2511 2882 urgeo
2551 2798 2819 2881 quidem
2866 2801 2961 2865 fa-

558 2907 776 2974 bulam
842 2909 1090 2988 praeter
1135 2900 1398 2964 solitum
1445 2921 1579 2964 esse
1626 2900 1917 2986 longam,
1972 2921 2121 2965 nam
2172 2909 2267 2966 est
2316 2901 2435 2967 hoc
2486 2923 2959 2990 argumentum

561 3015 757 3080 nimis
804 3009 1165 3085 lubricum,
1215 3005 1323 3070 sed
1369 3004 1534 3069 illud
1583 3006 1912 3076 contendo,
1972 3015 2112 3090 post
2160 3006 2449 3090 pulcram
2497 3013 2958 3089 τειχοσκοπίοιν

561 3124 627 3187 in
689 3113 943 3183 fabulae
998 3111 1254 3176 exordio
1318 3119 1380 3174 et
1445 3119 1586 3195 post
1650 3132 1746 3176 vs.
1817 3110 1983 3175 751:
2033 3110 2225 3185 &wax
2274 3110 2330 3175 δ’
2387 3112 2613 3181 {adron
2664 3116 2958 3196 διατριβὴ

556 3225 761 3295 πολλὴ
824 3219 1070 3299 λέγειν,
1120 3219 1352 3301 quibus
1401 3218 1611 3281 verbis
1658 3217 1944 3282 Eteocles
1994 3217 2379 3301 Euripideus
2429 3219 2598 3284 ridet
2644 3222 2958 3307 Aeschyli

560 3334 849 3415 Septem,
926 3326 1117 3389 sicuti
1185 3322 1437 3387 Electra
1506 3323 1675 3407 apud
1747 3323 2018 3387 eundem
2093 3323 2263 3387 haud
2326 3326 2522 3388 nimis
2578 3333 2728 3409 apte
2791 3328 2957 3393 ridet

559 3433 962 3519 Choephoros
1025 3428 1347 3511 fabulam,
1413 3435 1554 3513 post
1620 3429 1734 3493 hos
1799 3431 2002 3514 igitur
2050 3429 2391 3494 versiculos
2438 3432 2752 3498 contendo
2801 3454 2957 3498 eun·

556 3543 700 3609 dem
750 3544 1005 3623 poetam
1051 3535 1118 3597 in
1166 3534 1384 3598 eadem
1435 3533 1651 3598 fabula
1698 3532 1958 3620 longam
2007 3537 2218 3597 nuntii
2266 3537 2431 3613 ῥῆσιν
2478 3536 2628 3601 inde
2678 3558 2718 3602 a
2758 3559 2951 3604 versu

561 3646 753 3722 1090,
829 3644 894 3706 in
957 3660 1082 3725 qua
1144 3647 1386 3724 septem
1453 3639 1689 3704 ducum
1758 3642 2017 3704 nomina
2080 3647 2143 3704 et
2187 3661 2391 3725 genus
2439 3646 2505 3706 et
2549 3644 2839 3730 insignia
2886 3653 2951 3709 et

553 3754 745 3820 fortia
809 3750 974 3814 facta
1021 3752 1309 3811 accurate
1357 3745 1832 3828 describuntur,
1882 3747 1938 3809 si
1982 3747 2118 3829 ipse
2167 3744 2517 3830 addiderit,
2567 3748 2786 3832 inepte
2836 3750 2945 3815 ad·

551 3858 803 3925 didisse.
902 3850 1300 3918 Gravissima
1362 3858 1577 3915 autem
1643 3850 1898 3916 offensio
1954 3857 2048 3915 est
2094 3851 2335 3915 circum
2384 3851 2600 3936 ipsum
2650 3855 2943 3919 initium.

545 3965 832 4029 Jusserat
879 3957 1100 4045 regina
1147 3957 1452 4020 nuncium
1503 3977 1756 4021 narrare
1801 3956 1955 4040 quid
2006 3976 2217 4020 rerum
2269 3963 2434 4020 esset
2480 3964 2751 4024 actumt

1056 4062 1263 4144 λέξον,
1314 4062 1576 4140 γέροντα
1626 4062 1864 4139 τυφλὸν
1913 4064 1991 4134 ὥς
2039 4062 2210 4126 κατὰ
2259 4060 2458 4137 ςέγοις

1047 4169 1308 4232 ἐλθοῦσα
1356 4169 1560 4245 τέρψω
1613 4166 1795 4240 τῆςδε
1844 4175 1962 4244 γῆς
2014 4167 2421 4241 σεσωσμένης.

551 4279 755 4344 Verba
819 4276 1002 4340 humi
1063 4281 1292 4358 repunt
1353 4281 1417 4337 et
1477 4272 1869 4337 comoediam
1924 4275 2130 4359 magis
2180 4272 2401 4337 decent
2448 4293 2642 4357 quam
2695 4283 2947 4363 tragoe-

546 4386 755 4458 diam,
829 4381 934 4446 sed
1007 4378 1340 4462 Euripides
1410 4380 1692 4460 scripsit,
1768 4396 1890 4440 uon
1956 4375 2354 4461 Aeschylus,
2423 4384 2485 4443 et
2550 4399 2741 4464 saepe
2794 4382 2947 4447 haec
