3192 5017
1319 315 1561 364 1sAsus.
2508 295 2638 368 395

258 486 503 554 Reiskii
549 488 911 553 coniectura
957 488 1320 563 ἐποιήσαντο
1368 508 1558 573 quam
1614 491 1850 574 recepit
1895 487 2246 570 Scheibius.
2318 488 2419 555 lta
2464 492 2636 556 enim

257 596 559 659 immanis
605 596 888 659 nascitur
949 593 1324 682 tautologia.
1417 594 1585 660 Nam
1647 615 1759 679 per
1818 616 1884 660 se
1946 601 2402 661 testamentum
2467 599 2635 682 quod

257 701 366 767 alii
415 721 604 786 quam
654 706 918 767 testator
965 701 1205 766 faciunt
1251 700 1483 766 falsum
1531 709 1648 766 est.
1744 700 1811 767 Si
1859 703 2011 786 quid
2054 703 2280 769 addere
2330 703 2635 769 voluisset

254 812 482 886 orator,
530 809 842 893 potuisset
881 803 973 878 ἃς
1018 806 1475 889 ἀπέφηναν.
1530 807 1601 872 Id
1648 810 1818 872 enim
1860 810 2186 895 proprium
2228 815 2323 873 est
2361 810 2629 875 verbum

254 915 332 979 de
393 917 474 979 iis
537 916 651 999 qui
727 914 1085 999 producunt
1151 919 1605 979 testamentum
1677 915 1812 980 sive
1880 935 2106 981 verum
2176 914 2311 980 sive
2379 914 2633 981 falsum.

254 1018 412 1086 Vide
459 1042 600 1088 v.c.
654 1021 692 1104 g
747 1018 852 1085 18.

342 1125 515 1211 §10
576 1126 1059 1206 τεκμηρίοις
1120 1126 1285 1203 ὑμᾶς
1349 1126 1704 1206 χρήσασθαι
1750 1126 2074 1198 τούτοις
2120 1135 2292 1198 τοῖς
2338 1127 2633 1207 μαρτυ-

254 1255 375 1296 σιν
423 1228 546 1298 ὅτι
616 1236 1118 1313 μαρτυροῦσι
1179 1232 1269 1310 μὴ
1332 1230 1550 1297 εἰδέναι
1613 1233 1742 1298 κτὲ.
1793 1232 2113 1299 Notabilis
2158 1236 2478 1299 structura
2521 1254 2634 1319 pro

252 1339 666 1420 τεκμηρίῳ
716 1338 880 1415 ὑμᾶς
927 1338 1303 1421 χρήσασθαι,
1353 1333 1444 1402 ὅτι
1495 1335 1714 1404 οὗτοι
1765 1340 1830 1403 οἱ
1877 1339 2288 1420 μαρτυρες
2335 1363 2630 1420 μαρτυ-

252 1467 329 1524 ρο
346 1449 381 1509 ῢ
398 1467 473 1508 σι
538 1445 667 1510 κτὲ.
732 1445 899 1511 facta
959 1444 1037 1509 ad
1103 1443 1464 1532 analogiam
1522 1447 1891 1511 notissimae
1937 1449 2451 1513 constructionis:
2501 1442 2635 1511 οἶδα

252 1551 355 1614 τὸν
401 1549 632 1635 ἄνδρα,
679 1547 772 1616 ὅτι
818 1551 1143 1630 ψεύδεται.

342 1659 380 1742 g
434 1655 516 1722 13
581 1655 813 1736 ἔμελλε
858 1665 1397 1723 καταλιπεῖν.
1447 1656 1888 1745 Relinquenda
1935 1663 2088 1728 haec
2134 1667 2453 1728 structura
2494 1681 2638 1746 poe-

256 1766 366 1841 tis3
417 1762 595 1828 Isaeo
643 1763 1027 1829 reddiderim
1078 1765 1505 1828 καταλείπειν.
1602 1762 1784 1845 Quod
1829 1770 2046 1852 paucis
2092 1767 2484 1852 interpositis
2541 1765 2636 1831 le-

253 1870 432 1958 gitur
503 1868 684 1949 νύμου
757 1895 849 1947 γε
924 1872 1146 1941 ὄντος
1221 1869 1441 1946 ἐξεῖναι
1505 1864 1620 1952 ὅτῳ
1684 1872 1970 1949 βούλοιτο
2032 1871 2231 1936 δοῦναι
2279 1873 2365 1936 τα
2414 1872 2633 1935 ἑαυτοῦ

253 1976 422 2042 male
461 1975 879 2042 sollicitatum
928 1976 1115 2042 video
1160 1996 1198 2042 a
1242 1976 1529 2062 NaberO,
1580 1977 1691 2061 qui
1735 1978 2081 2043 rescribens
2126 1977 2308 2050 νόμου
2358 1975 2505 2055 My
2526 1999 2635 2040 ον-

253 2106 383 2150 τος
434 2103 558 2147 non
603 2084 927 2168 reputavit
974 2082 1313 2149 dicendum
1362 2081 1590 2148 saltem
1643 2082 1837 2148 fuisse
1884 2087 2020 2148 τοῦ
2068 2083 2248 2162 νόμου
2306 2082 2634 2168 λέγοντος,

252 2209 366 2254 nec
430 2191 497 2255 vi
544 2210 752 2255 carere
801 2189 1094 2255 voculam
1143 2213 1225 2267 γε
1276 2188 1561 2276 (quippe)
1609 2209 1802 2275 quam
1850 2210 1924 2255 ea
1969 2192 2328 2256 coniectura
2376 2190 2631 2257 delevit,

255 2293 420 2376 Quid
486 2316 634 2361 vero
701 2297 1000 2361 usitatius
1062 2315 1256 2380 quam
1319 2295 1495 2372 νόμος
1563 2295 1723 2373 ἐςίν,
1783 2301 2082 2380 sequente
2127 2293 2493 2364 Infinitive?
2538 2296 2636 2362 Ex

253 2401 431 2468 Isaeo
472 2402 552 2467 cf.
603 2401 665 2465 X
714 2403 751 2486 ἓ
805 2400 908 2465 11.

342 2510 378 2592 ξ
432 2508 516 2572 14
575 2507 679 2571 καὶ
741 2504 977 2571 ἄλλοσε
1033 2503 1347 2587 ὅπουπερ
1410 2508 1751 2573 αἰσθάνοιτο
1815 2507 2182 2588 στράτευμα
2244 2507 2638 2588 συλλεγό-

251 2637 348 2690 με
368 2638 438 2678 νο
456 2639 503 2677 ν.
571 2613 785 2679 Verba
852 2614 1238 2679 conveniendi
1298 2622 1355 2678 et
1401 2616 1723 2697 colliqendi
1767 2621 2221 2682 construuntur
2266 2636 2415 2680 cum
2459 2635 2638 2701 prae-

249 2720 559 2805 positione
606 2719 728 2799 εἲς,
778 2719 994 2805 itaque
1040 2720 1388 2806 requiritur
1431 2716 1701 2802 ὅποιπερ.
1751 2720 1824 2786 In
1866 2722 2024 2807 ipsis
2072 2722 2478 2805 sequentibus
2525 2722 2633 2786 ab·

249 2846 384 2890 esse
454 2825 679 2891 malim
745 2826 1003 2905 ςρατεία
1066 2831 1208 2911 post
1273 2826 1354 2898 εἰς
1423 2829 1533 2901 την
1593 2829 1954 2905 Μυτιλήνην
2000 2832 2078 2892 ut
2123 2847 2201 2893 ex
2244 2826 2630 2914 praegressis

247 2931 663 3019 intellegatur
710 2928 924 3007 ἔξοδος.

338 3039 375 3121 ξ
427 3037 510 3102 15
567 3043 694 3102 πῶς
759 3043 970 3102 τοῦτον
1032 3038 1209 3104 πιςὸν
1271 3036 1406 3112 ἤδη
1471 3036 1590 3107 τὰς
1652 3036 1957 3113 διαθήκας
2021 3038 2206 3104 τότε
2254 3046 2631 3104 καταλιπεῖν

247 3143 351 3206 καὶ
425 3143 864 3208 ἐκπλεύσαντα
928 3152 1326 3215 τελευτῆσαι.
1389 3142 1617 3209 Verius
1678 3144 1933 3209 videtur
1994 3150 2119 3217 πῶς
2184 3152 2395 3211 τοῦτον
2455 3148 2632 3215 της-ὸν

250 3249 332 3323 δη
382 3250 543 3325 κτὲ.,
596 3252 826 3334 quibus
872 3250 1226 3336 emphatice
1272 3252 1583 3336 repetitur
1628 3251 2044 3338 interrogatio
2095 3254 2189 3335 (in
2248 3252 2630 3340 paragraphi

247 3356 441 3422 huius
486 3357 696 3442 initio)
743 3359 825 3438 τῷ
877 3354 974 3422 οὖν
1022 3354 1098 3421 ἂν
1148 3356 1314 3434 ὑμῶν
1362 3356 1588 3438 φανείη
1639 3353 1853 3440 oras-dv,
1902 3356 2034 3421 κτὲ.

339 3465 377 3547 ἓ
431 3462 512 3528 17
574 3463 678 3527 καὶ
744 3460 927 3535 οὕτως
992 3462 1237 3527 αὑτὸν
1295 3460 1699 3546 διατεθῆναι,
1746 3459 1848 3529 ὅς’
1899 3462 1966 3526 ἐκ
2013 3468 2132 3527 τῶν
2179 3471 2437 3541 πληγῶν
2489 3467 2630 3551 [mb-

247 3571 383 3654 τὸν]
432 3570 855 3643 ἆσθενῆσαντα
907 3570 972 3632 οὖ
1021 3576 1287 3639 πολλαῖς
1337 3568 1589 3648 ἡμέραις
1640 3566 1840 3644 ὕςερον
1890 3566 2248 3633 ἀποθανεῖν.
2322 3569 2631 3636 Deleatur

245 3696 591 3761 pronomen
636 3681 886 3762 praeter
931 3676 1291 3740 Atticorum
1345 3694 1585 3740 morem
1637 3677 2005 3761 repetitum.

338 3785 375 3868 g
429 3782 512 3847 18
575 3781 714 3854 ἴσως
779 3783 892 3860 μὲν
955 3782 1061 3847 καὶ
1107 3782 1495 3863 Ἀραφηνίων
1544 3782 1649 3846 κα)
1699 3782 1915 3847 πολλοὶ
1966 3787 2081 3846 τῶν
2128 3779 2273 3845 τότε
2318 3806 2630 3863 συγγεωρ-

246 3889 517 3966 γούντων
561 3889 1015 3969 μαρτυρήσειαν
1061 3886 1137 3951 ἅν
1185 3912 1322 3966 μοι,
1375 3887 1684 3969 διαρρήδην
1732 3888 1796 3953 δὲ
1843 3887 1973 3969 περ)
2022 3886 2382 3960 τηλικούτου
2423 3887 2626 3966 πράγ-

247 4019 447 4070 ματος
489 3996 1075 4075 <μαρτυροῦντας>
1116 3996 1223 4059 οὐκ
1261 3991 1338 4058 ἂν
1381 3992 1588 4076 ἔχοιμι
1617 3992 1775 4066 ὅπως
1804 3995 1949 4070 ὑμῖν
1973 3996 2437 4075 παρασχοίμην.
2466 3995 2627 4062 Vide

249 4122 328 4167 ne
351 4101 527 4167 locus
548 4104 641 4168 ita
666 4101 1054 4187 supplendus
1078 4103 1198 4185 sit3
1226 4100 1494 4186 perdura
1520 4103 1691 4166 enim
1720 4101 1975 4167 videtur
1996 4104 2316 4188 participii
2342 4102 2622 4168 omissio.

340 4210 376 4290 ἐ
425 4207 513 4272 20
571 4208 702 4272 οὐδὲ
754 4208 1004 4272 πώποτε
1050 4206 1333 4286 διελέχθη
1389 4205 1825 4292 (Astyphilus)
1882 4205 2139 4282 Κλέωνι,
2187 4208 2409 4272 ἄλλα
2456 4207 2626 4287 πρό·

252 4336 472 4391 τερον
530 4314 1122 4389 ἐτελεύτησεν,
1193 4314 1314 4391 οὐχ
1364 4311 1700 4390 ἡγούμενος
1747 4308 1904 4376 ὅσιον
1948 4307 2125 4395 εἶναι,
2190 4314 2479 4389 τοιαύτην
2524 4316 2625 4379 αἷ-

254 4420 391 4484 τίαν
451 4420 699 4504 ἔχοντος
766 4419 1119 4485 Θουδίππου
1181 4426 1387 4505 (pater
1431 4423 1567 4484 erat
1613 4416 1891 4496 Cleonis)
1938 4417 2069 4498 περὶ
2118 4418 2220 4483 τὸν
2269 4420 2458 4485 αὑτοῦ
2508 4445 2633 4487 πα-
