3192 5017
572 274 703 341 314
1579 295 1941 344 sumemus.

569 484 683 549 pro
729 461 903 530 τοῦτ’
958 465 1064 546 ἔρα
1111 466 1458 554 legendum
1504 472 1662 551 puto
1711 466 1876 531 τοῦθ’
1926 464 2051 547 ὅρα.

658 572 746 636 ib.
795 570 949 639 6¹78.
1036 571 1323 658 ‚Pylades
1392 573 1494 637 his
1565 573 1776 638 verbis
1846 580 2094 640 recusat
2157 577 2362 640 amico
2424 595 2542 641 sno
2609 574 2853 641 relicto
2907 577 2969 640 in

570 680 842 764 patriam
891 680 1135 745 redire:

1023 784 1172 862 δόξω
1222 785 1284 850 δὲ
1332 794 1455 856 τοῖς
1506 794 1787 850 πολλοῖσι
1814 836 1828 862 ,
1881 788 2093 852 πολλοὶ
2145 788 2270 866 γὰρ
2319 789 2536 865 κακοί,

1021 892 1265 970 προδούς
1316 917 1419 969 σε,
1470 893 1719 973 aegeae·
1767 896 1954 962 αὐτὸς
2004 895 2090 965 εἷς
2141 893 2333 965 οἴκους
2380 895 2587 971 μόνος.

571 999 696 1064 Pro
759 997 1006 1079 σώζεσθ’
1067 998 1393 1064 Dobraeus
1454 999 1660 1070 σωθεὶς
1728 998 1812 1074 δ’,
1878 999 1987 1064 sed
2033 1020 2233 1084 quum
2280 1005 2599 1067 sententia
2648 1001 2977 1088 flagitaret

569 1103 963 1172 infinitivum
984 1154 998 1178 ‚
1041 1103 1522 1169 Heimsoethius
1563 1106 1741 1170 dedit
1777 1114 2028 1170 νοστεῖν.
2060 1106 2371 1191 Equidem
2398 1114 2663 1192 recepta
2684 1106 2974 1172 Dobraei

574 1211 1013 1278 emendatione
1058 1213 1150 1275 ita
1196 1210 1380 1298 lego:

937 1317 1186 1396 προδούς
1234 1341 1347 1392 σε,
1399 1317 1606 1389 σωθεὶς
1658 1317 1843 1391 αὐτὸς
1895 1319 1980 1390 εἷς
2032 1317 2224 1391 οἴκους
2274 1327 2528 1403 μολεῖν,

574 1433 647 1490 nt
694 1424 879 1497 αὐτός
930 1424 1100 1489 idem
1150 1426 1234 1488 sit
1282 1423 1447 1508 quod
1496 1422 1700 1499 μόνος.

664 1635 764 1700 Ad
814 1634 1091 1701 Bacchas
1136 1634 1340 1700 redeo.
1390 1655 1482 1699 vs.
1539 1632 1711 1699 1039
1760 1655 1853 1718 sq.
1903 1631 2189 1701 Chorum
2236 1635 2633 1701 Baccharum
2683 1636 2774 1701 ob
2819 1636 2980 1701 Pen-

574 1741 706 1807 thei
754 1747 1028 1808 mortem
1077 1740 1470 1806 exultantem
1518 1741 1621 1805 his
1667 1741 1878 1805 verbis
1925 1741 2328 1826 reprehendit
2373 1744 2678 1807 nuntius:

935 1850 1318 1925 συγγνωστοὶ
1364 1845 1478 1923 μέν
1526 1869 1655 1910 σοι·
1705 1848 1867 1921 πλὴν
1916 1847 2016 1911 ἐπ’
2064 1847 2559 1928 ἐξειργασμένοις

938 1961 1178 2018 κακοῖσι
1228 1954 1470 2034 χαίρειν
1518 1950 1559 2017 ὦ
1611 1961 1902 2030 γυναῖκες
1949 1956 2015 2017 οὐ
2062 1955 2271 2019 καλόν.

577 2062 871 2128 Gaudere
933 2066 1187 2147 propter
1245 2059 1416 2125 mala
1477 2064 1835 2145 perpetrata
1890 2080 2015 2125 non
2062 2059 2269 2125 solum
2321 2063 2386 2125 οὗ
2433 2058 2625 2125 καλόν
2673 2063 2795 2126 sed
2849 2069 2979 2126 tur·

577 2171 916 2255 pissimum
967 2174 1082 2233 est.
1177 2167 1409 2232 Nostro
1459 2172 1673 2231 tamen
1721 2165 1857 2231 loco
1905 2168 1959 2231 si
2008 2168 2162 2251 quid
2209 2167 2395 2232 video
2435 2166 2611 2232 aliud
2661 2169 2831 2253 quid
2880 2189 2975 2232 re-

575 2277 872 2361 quiritur.
923 2273 1097 2339 Puto
1149 2276 1322 2338 enim
1368 2274 1595 2337 nuntio
1640 2273 1710 2336 id
1744 2293 1878 2337 esse
1917 2273 2292 2355 dicendum,
2336 2274 2503 2357 quod
2539 2273 2975 2340 Archilochus

577 2381 779 2447 nobili
834 2401 1019 2447 versu
1067 2381 1408 2464 expressit,
1458 2380 1569 2463 qui
1616 2379 1685 2442 in
1729 2380 2138 2463 proverbium
2186 2379 2380 2444 abiit:

934 2488 999 2551 οὐ
1047 2486 1172 2564 γὰρ
1222 2485 1415 2550 ἐσθλοὶ
1461 2486 1829 2549 κατ-θανοῦσι
1876 2493 2189 2563 κερτομεῖν
2237 2486 2335 2549 ἐπ’
2384 2485 2695 2565 ἀνδράσιν,

571 2600 637 2660 et
682 2595 849 2679 quod
896 2596 965 2659 in
1008 2592 1280 2659 Homeri
1326 2589 1611 2677 Odyssea
1655 2614 1709 2672 χ
1759 2590 1890 2655 412
1937 2591 2225 2678 legitur:

934 2702 1054 2778 οὐχ
1100 2699 1230 2772 ὁσίη
1281 2697 1670 2776 κταμένοισιν
1720 2698 1819 2762 ἐπ’
1868 2696 2152 2776 ἀνδράσιν
2198 2697 2653 2778 εὐχετάασθαι.

665 2807 1003 2892 Quumque
1061 2806 1130 2870 id
1174 2804 1354 2870 nullo
1398 2804 1588 2869 modo
1635 2825 1669 2869 e
1717 2825 1902 2870 versu
1947 2810 2163 2869 nostro
2211 2803 2417 2889 qualis
2464 2824 2631 2869 nuno
2677 2812 2780 2869 est
2822 2804 2963 2870 elici

570 2917 802 3002 possit,
853 2912 1199 3001 legendum
1246 2932 1379 2977 esse
1429 2913 1714 2996 suspicor

1556 3020 1718 3092 πλὴν
1767 3017 1866 3081 ἐπ’
1916 3015 2404 3101 ἐξειργασμένοις

1075 3125 1337 3206 ἐχθροῖσι
1385 3124 1630 3206 χαίρειν
1679 3120 1720 3187 ὦ
1769 3132 2061 3200 γυναῖκες
2110 3127 2176 3189 οὐ
2224 3123 2433 3188 καλόν.

569 3234 783 3302 Facile
830 3233 908 3298 ab
957 3252 1030 3298 eo
1075 3232 1252 3297 locus
1303 3231 1627 3316 corrumpi
1673 3236 1958 3316 poterat,
2010 3233 2118 3316 qui
2166 3233 2435 3295 nesciret
2474 3229 2576 3296 vel
2616 3252 2740 3297 non
2783 3234 2954 3319 cogi·

527 3379 532 3383 ·
571 3347 737 3408 taret
762 3337 1174 3418 ἐξείργασμαι
1201 3336 1558 3425 significare
1583 3356 1797 3422 posse:
1840 3344 2132 3402 mortuus
2155 3358 2298 3402 snm
2318 3386 2336 3421 ,
2362 3343 2578 3402 actum
2604 3348 2702 3402 est
2724 3339 2805 3403 de
2831 3359 2949 3403 me.

664 3553 769 3618 Vs.
842 3551 1034 3619 1070.
1114 3550 1367 3633 „Quum
1430 3554 1495 3615 in
1563 3548 1962 3615 Cithaeronis
2026 3547 2226 3615 valles
2288 3556 2554 3614 ventum
2620 3549 2818 3614 esset”
2860 3552 2951 3613 ita

568 3663 833 3727 nuntius
893 3664 1107 3724 narrat
1174 3662 1280 3734 „et
1340 3657 1663 3722 Pentheus
1728 3656 1805 3721 de
1855 3655 2077 3720 altiore
2122 3654 2259 3720 loco
2306 3655 2587 3720 Bacchas
2635 3656 2949 3741 despicere

571 3771 856 3852 cuperet,
925 3765 1148 3849 hospes
1205 3762 1540 3847 (Bacchus)
1592 3764 1915 3849 ingentem
1968 3768 2031 3826 et
2077 3761 2365 3827 validum
2414 3762 2653 3827 arboris
2698 3783 2943 3828 ramum

568 3886 692 3940 non
740 3872 1041 3938 humanis
1086 3869 1332 3935 viribus
1379 3870 1458 3936 ad
1503 3876 1736 3935 terram
1788 3867 2071 3934 deflexit:

1115 3977 1345 4042 Πενθέα
1393 3976 1445 4039 δ’
1494 3975 1740 4055 ἱδρύσας
1790 3975 2081 4038 ἐλατίνων
2131 3972 2277 4055 ὄζων
2328 3973 2430 4038 ἔπι

1111 4083 1266 4163 ὅρθὸν
1317 4082 1505 4159 μεθίει
1558 4082 1658 4145 δια
1707 4087 1899 4161 χερῶν
1947 4079 2282 4157 βλάστημ’
2333 4077 2453 4143 ἄνω

1114 4190 1398 4273 ἀτρέμα,
1448 4189 1793 4270 Φυλασσων
1840 4190 1925 4264 μὴ
1974 4187 2409 4267 ἀναχαιτίσειέ
2459 4213 2564 4253 νιν.

567 4301 783 4378 Quum
832 4301 909 4365 de
952 4298 1285 4364 notissimo
1334 4295 1609 4361 Achillis
1657 4297 1725 4358 in
1775 4293 1978 4358 Iliade
2026 4292 2430 4359 iureiurando
2477 4298 2725 4383 cogito,
2766 4295 2935 4360 vehe-

564 4414 814 4479 menter
876 4407 1130 4481 dubito,
1194 4424 1350 4467 num
1410 4406 1639 4489 ingens
1689 4400 1800 4465 ille
1848 4421 2100 4476 tamne,
2149 4419 2340 4483 quem
2390 4400 2545 4466 dens
2594 4401 2766 4468 solus
2809 4421 2933 4466 cnr·
