3192 5017
1216 292 1697 344 ameum-ra.
1774 348 1784 358 ,
2527 270 2658 342 395

269 465 456 546 „Qua
516 463 739 551 laude,
803 468 895 532 ait
955 468 1194 544 editor,
1246 465 1615 531 Hadrianus
1661 485 1786 531 non
1832 466 2203 551 impertitus
2247 471 2411 532 esset
2457 468 2657 532 Amo-

271 590 485 649 „rem,
548 573 604 636 si
662 570 894 638 melius
957 576 1018 640 ei
1079 573 1159 639 ad
1221 592 1479 639 versum
1526 570 1923 656 explendum
1973 570 2359 639 vocabulum
2407 578 2659 658 praesto

271 676 593 755 „fuisset”
639 676 733 743 At
770 685 1020 763 praesto
1067 685 1202 745 erat
1246 676 1461 743 τοῦδ’
1510 678 1866 759 ἐΰφρων,
1918 678 2086 763 quod
2133 678 2413 743 scribens
2458 676 2657 743 simul

268 782 535 850 meliore
595 787 962 868 pronomine
1025 806 1180 851 usus
1240 785 1488 850 fuisset.
1583 782 1699 849 Sin
1762 804 1912 850 vero
1959 783 2306 852 articulum
2355 784 2654 850 adhibere

267 887 477 956 voluit
522 910 635 974 pro
679 894 1084 977 pronomine,
1142 891 1366 978 quidni
1411 892 1666 975 scripsit
1710 889 1848 955 ἄντι
1897 895 2005 956 τοῦ
2057 889 2431 973 ἀγανόφρων
2449 937 2467 969 ,
2514 909 2656 976 pro-

265 995 695 1061 nuntiandum
742 1017 856 1082 per
899 993 1145 1064 orasin?

362 1208 519 1278 853.
611 1209 694 1277 ΕΤ
734 1235 795 1278 τι
844 1211 1037 1284 πάθος
1086 1212 1363 1293 μερόπων
1406 1217 1704 1293 γερωὸς
1765 1213 1888 1285 νόος
1935 1209 2057 1295 εὗρ’
2108 1212 2209 1278 ἐπὶ
2257 1213 2555 1296 τέχναις,

609 1317 787 1398 φαμὶ
832 1318 904 1382 σὲ
950 1322 1080 1383 πᾶν
1127 1318 1401 1385 κατιδεῖν
1447 1315 1785 1395 εὖξυνέτοις
1834 1321 2124 1401 πρατίσι.

268 1422 513 1489 Melius
557 1422 968 1511 intellegam:
1019 1434 1374 1505 γεραιαΐς
1429 1462 1510 1474 -
1562 1428 1843 1505 τέχναις.

368 1634 523 1717 870,
576 1635 639 1702 6.

548 1745 599 1809 οἱ
646 1744 698 1810 δ’
747 1738 829 1809 εὖ
876 1743 1232 1822 reundum!
1276 1743 1351 1823 μ’
1394 1742 1619 1819 ,ἔδοσαν
1665 1745 1896 1826 ἱερηίδσι
1946 1746 2091 1828 τῇδε
2142 1747 2431 1835 [θεώνὴ.

273 1848 443 1918 Cum
513 1849 792 1916 Iacobsio
851 1856 926 1915 ut
986 1850 1309 1939 glossema
1365 1851 1711 1918 deleverim
1775 1851 2081 1917 ultimam
2144 1874 2363 1919 vocem
2386 1901 2403 1930 ,
2471 1874 2662 1939 quam

273 1977 402 2042 quo
461 1958 599 2022 iure
661 1957 865 2024 editor
926 1957 1265 2024 contendat
1310 1958 1525 2024 abesse
1571 1979 1696 2022 non
1745 1978 1958 2043 posse,
2023 1980 2127 2024 me
2173 1959 2432 2044 quidem
2481 1958 2659 2025 latet.

272 2063 562 2130 Permire
608 2068 824 2130 autem
875 2063 1120 2129 dietum
1171 2070 1266 2129 est
1313 2065 1363 2129 οἱ
1412 2058 1481 2129 εὖ
1527 2064 1917 2144 γεινάμενοι,
1971 2065 2138 2150 quod
2185 2069 2242 2130 si
2287 2085 2508 2133 revera
2555 2086 2661 2131 ex·

272 2174 403 2235 stat
470 2173 537 2235 in
605 2169 818 2255 lapide
840 2220 855 2247 ,
930 2168 1289 2257 significare
1357 2170 1615 2237 videtur
1667 2171 1891 2236 nobiles
1943 2179 2246 2255 parentes.
2341 2172 2443 2237 An
2497 2171 2659 2237 forte

274 2281 462 2362 poeta
508 2276 765 2343 dederat
810 2275 1190 2343 Homerioe‘:

1006 2385 1056 2449 01
1105 2381 1181 2448 δέ
1229 2408 1314 2449 νυ
1362 2381 1719 2464 γεινάμενοί
1765 2382 1924 2450 ma?

369 2598 523 2678 874,
572 2596 630 2664 5.
682 2600 885 2679 ταύτῃ
934 2597 1040 2663 καὶ
1089 2597 1261 2675 γένος
1311 2595 1500 2670 {exre
1551 2584 1894 2681 ἐτήτυμον,
1941 2596 2316 2678 Ἡράκλειοι,

685 2707 1091 2789 Ἡρακλέους,
1143 2704 1368 2782 Φοίβου
1415 2704 1562 2784 πρὸς
1610 2704 1664 2769 δ’
1714 2702 1802 2768 ἔτ’
1853 2705 2000 2790 [ἀπ’
2048 2705 2443 2790 Ἰαε]μ[ι]δῶν.

274 2812 453 2884 Γένος
502 2809 670 2892 ἔχειν
718 2811 872 2884 τινός
922 2808 1162 2879 Graece
1208 2831 1332 2877 non
1380 2810 1657 2888 dieitur,
1707 2810 1818 2876 sed
1855 2805 2045 2889 εἶναι,
2087 2830 2203 2876 neo
2245 2809 2468 2875 dubito
2506 2812 2661 2895 quin

274 2917 727 3006 corrigendum
777 2920 900 2983 sit:

1005 3026 1207 3106 ταύτῃ
1254 3023 1358 3088 καὶ
1407 3024 1581 3103 γένος
1632 3020 1824 3096 &Rea
1872 3023 2003 3089 κτὲ.

274 3132 567 3199 Fortasse
614 3138 831 3198 autem
879 3131 1115 3197 tradita
1160 3129 1350 3197 lectio
1393 3136 1546 3196 nata
1592 3136 1689 3196 est
1735 3151 1815 3196 ex
1858 3131 2090 3197 vitioso
2131 3129 2452 3216 aspirandi
2491 3150 2667 3198 more

277 3240 359 3305 de
420 3258 543 3324 quo
603 3241 708 3327 egi
770 3239 837 3303 in
900 3238 1196 3320 lapidum
1259 3237 1334 3301 de
1394 3238 1545 3300 dial.
1594 3239 1723 3301 Au.
1774 3244 1901 3302 test.
1954 3257 2016 3321 p.
2070 3235 2171 3301 18.
2271 3236 2365 3302 De
2409 3244 2667 3305 mortua

275 3345 456 3431 loqui
500 3352 751 3431 poetam
802 3348 1065 3429 apparet
1109 3364 1188 3410 ex
1235 3343 1483 3409 duobus
1528 3343 1817 3409 versibus
1867 3342 2276 3429 sequentibus
2294 3393 2310 3419 ,
2361 3345 2452 3409 sic
2473 3393 2491 3428 ,
2540 3346 2666 3409 nisi

277 3450 467 3518 fallor
484 3500 503 3534 ,
546 3449 908 3538 explendis:

596 3554 659 3623 οἵ
696 3581 764 3623 σε
813 3556 917 3623 καὶ
978 3555 1022 3644 [,
1073 3559 1363 3638 Ἀρπυῑαι
1410 3552 1527 3642 ὅτ’]
1584 3556 2023 3642 ἄνηρείψοι[ντο
2072 3557 2332 3621 κωθῖσων

596 3663 1193 3751 αὐτοκασιήνήτην]
1249 3664 1429 3728 θᾶκον
1480 3662 1539 3735 ἐς
1599 3660 2086 3749 [ὥ]θ[ά]ν[αιτον.

277 3792 549 3859 quorum
609 3770 884 3838 alterum
933 3770 1219 3856 explevit
1267 3769 1487 3836 editor.
1585 3768 1873 3834 Priorem
1922 3772 1979 3834 si
2023 3776 2196 3837 reete
2238 3773 2529 3844 restitui,
2578 3774 2670 3836 in-

276 3884 526 3946 certum
574 3884 671 3943 est
716 3883 939 3942 utrum
985 3877 1317 3964 naufragio
1364 3875 1571 3942 aliave
1620 3875 1901 3942 violenta
1949 3880 2154 3942 morte
2204 3895 2382 3942 more
2430 3875 2670 3943 Home-

276 3988 410 4051 rico
472 3995 660 4070 poeta
729 3982 962 4048 dixerit
1030 3981 1409 4049 Heracleam
1480 3984 1742 4067 periisse
1761 4031 1779 4065 ,
1843 4002 1922 4047 an
1987 3982 2240 4047 tumido
2301 3984 2668 4067 aequiorum

276 4090 593 4159 scribendi
655 4091 875 4178 generi
935 4088 1276 4177 indulgens
1334 4090 1764 4175 (epigramma
1819 4094 1921 4153 est
1968 4086 2143 4155 Saec-
2195 4086 2259 4153 ΙΙ
2308 4087 2409 4155 vel
2458 4088 2554 4155 111
2605 4111 2668 4176 p.

279 4196 460 4285 Chr.)
508 4216 884 4281 supremum
930 4194 1102 4259 diem
1144 4195 1374 4261 obiisse
1413 4195 1638 4261 morbo
1675 4196 1931 4261 seniove
1951 4194 2306 4262 confectam
2328 4194 2667 4283 significet.

279 4303 410 4370 Kal
454 4323 567 4389 pro
614 4301 850 4368 tradito
896 4309 1069 4366 KAT
1117 4301 1262 4367 dedi
1315 4318 1396 4367 ex
1438 4299 1723 4367 Kaibelii
1768 4302 2147 4368 coniectura.
