3192 5017
1349 234 1621 296 earnm.
2546 217 2677 286 345

745 415 1083 483 Dammae
1125 423 1321 482 noctes
1365 425 1422 481 et
1467 438 1566 479 vos
1610 417 1766 479 vada
1812 417 1975 480 lenta
2017 415 2270 498 paludes

745 522 829 587 Et
875 543 1285 609 quaecunque
1333 543 1507 588 meos
1550 522 1846 608 implicat
1892 521 2064 586 unda
2110 520 2299 605 pedes

742 628 1101 695 Immatura
1148 630 1302 695 licet
1348 638 1565 694 tamen
1612 629 1740 694 huc
1787 649 1911 694 non
1956 629 2144 693 noxia
2191 629 2378 691 veni:

743 733 870 800 Det
917 741 1095 821 pater
1136 736 1243 801 hic
1290 736 1555 800 umbrae
1603 733 1829 800 mollia
1873 737 2014 799 iura
2064 753 2266 798 meae.

372 839 708 906 Sexcentis
776 861 969 927 prope
1039 844 1417 907 coniecturis
1486 841 1801 905 damnatae
1864 839 2063 917 illud,
2134 839 2257 904 sibi
2327 843 2474 903 ante
2547 837 2675 903 alia

280 946 664 1012 damnatum
687 996 702 1021 ‚
775 953 1255 1032 temptaverunt
1324 949 1722 1032 interpretes.
1817 944 1908 1010 Ut
1975 967 2172 1011 unum
2249 944 2356 1009 sed
2425 944 2671 1009 leonem

279 1054 480 1118 citem
501 1103 522 1128 ‚
573 1052 1059 1139 Peerlkampius
1105 1056 1197 1122 sic
1242 1052 1565 1119 rescribit:

747 1160 1062 1225 Aeternae
1107 1158 1363 1243 noctes',
1414 1164 1595 1224 vasta
1643 1157 1922 1224 Lethaea
1967 1157 2222 1243 paludis

740 1265 824 1330 Et
870 1285 1280 1350 quaecunque
1328 1284 1500 1330 meos
1545 1263 1840 1348 implicet
1885 1265 2053 1329 unda
2103 1265 2312 1349 pedes.

376 1366 780 1436 Cornelissen
826 1393 889 1436 v.
924 1371 1006 1436 cl.
1054 1379 1356 1435 tartareae
1373 1420 1390 1455 ,
1442 1370 1554 1436 alii
1621 1370 1764 1434 alia.
1863 1369 2005 1455 Ipse
2069 1371 2225 1435 olim
2289 1371 2677 1436 conieceram

282 1497 388 1539 voe
435 1483 629 1540 atrae.
722 1476 944 1562 Neque
983 1483 1198 1543 tamen
1239 1488 1407 1542 recte
1445 1479 1776 1542 meritove.
1875 1476 2183 1556 Quamvis
2225 1478 2456 1542 durum
2500 1482 2681 1542 sonet

279 1602 404 1647 vox
469 1581 587 1647 illa
651 1583 1004 1659 damnatae,
1067 1603 1228 1668 quae
1276 1583 1354 1647 ab
1404 1581 1622 1670 Anglo
1668 1582 1947 1667 quodam
1997 1582 2164 1649 diras
2209 1584 2507 1648 inimicae
2554 1584 2681 1646 im-

276 1691 567 1771 precanti
627 1691 840 1773 potius
904 1709 1097 1773 quam
1162 1710 1201 1753 a
1262 1695 1447 1773 poeta
1503 1687 1708 1754 latino
1758 1688 2048 1754 adhibita
2094 1690 2388 1769 videtur,
2436 1689 2672 1753 errabit

275 1797 646 1878 quicunque
707 1795 978 1879 impiam
1042 1813 1304 1859 manum
1368 1794 1743 1860 admoverit.
1837 1793 1931 1859 At
1976 1815 2182 1881 nugas
2229 1795 2402 1882 agis,
2455 1796 2509 1858 si
2556 1793 2677 1858 hoc
2778 1817 2784 1823 ·

277 1898 670 1964 vocabulum
736 1920 881 1965 cum
945 1907 1138 1964 noctes
1196 1902 1489 1964 iunctum
1552 1902 1958 1984 interpretari
2006 1900 2241 1966 studes.
2338 1899 2453 1965 Est
2501 1902 2673 1964 enim

280 2003 578 2081 dativus,
623 2025 811 2089 quem
855 2009 1118 2080 vocant,
1162 2025 1343 2071 casus
1378 2005 1656 2091 pendens
1679 2026 1715 2070 a
1739 2025 1892 2071 voce
1916 2026 2076 2091 quae
2101 2006 2375 2091 excidit,
2401 2027 2516 2071 suo
2541 2005 2679 2071 loco

284 2115 550 2175 extrusa
589 2109 899 2176 vocabulo
925 2111 1090 2196 quod
1119 2131 1152 2175 e
1176 2113 1469 2198 margine
1492 2113 1766 2196 irrepsit.
1816 2109 1924 2177 Sic
1948 2114 2119 2177 enim
2138 2111 2349 2177 locum
2377 2115 2679 2178 restituo:

655 2215 1011 2281 Damnatae
1057 2223 1272 2284 noctes
1321 2223 1512 2281 testes
1558 2221 1625 2281 et
1672 2238 1783 2283 vos
1828 2217 1993 2283 vada
2040 2218 2215 2283 lenta
2260 2238 2393 2303 sqq.

377 2320 821 2387 Adnotaverat
869 2321 1103 2407 aliquis
1149 2322 1229 2387 ad
1285 2321 1441 2387 vada
1488 2322 1660 2388 lenta
1693 2323 1964 2406 paludes.
2058 2323 2314 2389 Etenim
2355 2344 2679 2409 opponun-

285 2432 392 2491 tur
439 2428 562 2492 hae
612 2426 873 2512 paludes
917 2426 1184 2515 Stygiae
1231 2428 1376 2494 aliis
1424 2428 1773 2494 inferorum
1822 2429 2229 2502 fluminibus,
2271 2450 2540 2514 quorum
2569 2452 2680 2492 un-

285 2532 380 2595 dis
446 2534 540 2619 (v.
594 2532 702 2617 16)
755 2533 943 2617 pedes
992 2530 1320 2599 Corneliae
1368 2533 1804 2620 implicantur.
1898 2534 2035 2600 Iam
2082 2534 2348 2601 Bootius
2395 2535 2675 2601 malebat

285 2637 542 2721 paludis
586 2658 779 2724 quam
828 2639 1114 2725 paludes.

207 2835 212 2840 .
377 2745 550 2826 Quid
609 2749 696 2811 sit
741 2748 1056 2811 damnatae
1102 2746 1404 2834 egregius
1447 2745 1728 2834 Vergilii
1774 2747 1953 2814 locus
1998 2769 2112 2813 nos
2158 2749 2376 2822 docet,
2427 2751 2538 2832 qui
2585 2750 2677 2812 in-

286 2856 546 2918 venitur
592 2855 750 2918 Aen.
800 2852 843 2917 l.
893 2852 1013 2918 IV.
1064 2851 1195 2917 693
1245 2873 1381 2938 sqq.

470 2957 640 3022 'I'um
688 2958 848 3024 Iuno
896 2960 1330 3043 omnipotens,
1380 2958 1649 3045 long-um
1695 2961 1995 3024 miserata
2040 2959 2321 3024 laborem

469 3061 886 3149 Difficilisque
937 3065 1188 3140 obitus,
1239 3063 1395 3128 Irim
1445 3064 1708 3129 demisit
1756 3063 2072 3151 Olymp0‚

470 3168 647 3249 Quae
692 3171 1044 3235 luctantem
1093 3172 1373 3236 animam
1423 3190 1739 3255 nexosque
1785 3169 2130 3236 resolveret
2174 3177 2368 3235 artus.

471 3275 640 3341 Nam
691 3279 841 3361 quia
885 3298 1000 3342 nec
1047 3275 1215 3358 fato,
1267 3278 1500 3341 merita
1545 3297 1659 3340 nec
1708 3282 1915 3341 morte
1963 3277 2210 3361 peribat

472 3381 596 3447 Sed
645 3386 877 3449 misera
923 3388 1070 3448 ante
1117 3382 1286 3448 diem
1336 3382 1676 3465 subitoque
1724 3401 1984 3447 accensa
2030 3381 2238 3449 furore
2260 3432 2278 3467 ,

472 3487 774 3554 Nondum
823 3488 922 3554 ini
970 3488 1209 3555 flavum
1259 3487 1603 3572 Poserpina
1651 3490 1890 3553 vertice
1938 3490 2179 3554 crinem

474 3594 843 3660 Abstulerat
890 3594 1198 3679 Styqioque
1244 3601 1437 3679 caput
1482 3594 1869 3671 damnaverat
1927 3594 2093 3659 Orco.

383 3701 658 3766 Miserae
715 3699 924 3765 Didus
987 3708 1127 3765 ante
1187 3701 1340 3764 diem
1404 3702 1565 3765 mori
1630 3700 1943 3784 cupientis
1989 3702 2238 3786 sibique
2284 3705 2407 3788 ipsi
2456 3726 2687 3771 manus

296 3807 605 3873 violentas
665 3807 993 3873 inferentis
1055 3809 1311 3871 animus
1358 3826 1481 3871 non
1532 3808 1653 3870 nisi
1702 3827 1890 3894 aegre
1938 3828 2008 3873 ac
2058 3807 2210 3873 deae
2258 3827 2375 3893 ope
2427 3831 2502 3875 ex
2550 3832 2689 3876 cor-

301 3930 442 3994 pore
496 3913 753 3979 secedit.
834 3914 1133 3979 Nondum
1183 3915 1355 3978 enim
1404 3918 1597 3998 caput
1644 3912 2022 3997 Proserpina
2070 3914 2485 3981 damnaverat
2532 3915 2685 4003 Sty-

301 4021 402 4101 gio
461 4019 651 4085 Orco:
720 4022 915 4085 morti
974 4026 1228 4083 matura
1275 4039 1310 4084 e
1357 4020 1495 4083 vita
1542 4020 1834 4083 discessit
1883 4015 2175 4085 Cornelia
2223 4041 2259 4085 a
2306 4020 2686 4107 Proserpina

304 4121 596 4193 damnata
639 4125 894 4211 fatoque
943 4126 1180 4190 functa.

390 4231 486 4299 Ne
545 4234 779 4320 longus
807 4317 812 4320 ,
839 4234 964 4297 sim
1029 4232 1107 4297 de
1167 4233 1250 4295 iis
1306 4250 1468 4316 quae
1531 4232 1610 4296 ab
1678 4230 2133 4315 interpretibus
2195 4235 2326 4317 peti
2377 4241 2681 4318 possunt,

307 4335 378 4401 ad
423 4338 637 4405 locum
685 4344 975 4404 nostrum
1023 4337 1179 4402 facit
1225 4337 1548 4426 imprimis
1594 4334 1794 4401 Silius
1836 4336 2103 4402 Italicus
2148 4336 2299 4409 ubiz
