<?xml version="1.0" encoding="UTF-8"?>
<!DOCTYPE html PUBLIC "-//W3C//DTD XHTML 1.0 Transitional//EN"
    "http://www.w3.org/TR/xhtml1/DTD/xhtml1-transitional.dtd">
<html xmlns="http://www.w3.org/1999/xhtml" xml:lang="en" lang="en">
 <head>
  <title>
</title>
<meta http-equiv="Content-Type" content="text/html;charset=utf-8" />
  <meta name='ocr-system' content='tesseract 3.04.00' />
  <meta name='ocr-capabilities' content='ocr_page ocr_carea ocr_par ocr_line ocrx_word'/>
</head>
<body>
  <div class='ocr_page' id='page_1' title='image "./mnemosynebiblio14servgoog_0482.png"; bbox 0 0 3192 5017; ppageno 0'>
   <div class='ocr_carea' id='block_1_1' title="bbox 530 202 1905 279">
    <p class='ocr_par' dir='ltr' id='par_1_1' title="bbox 530 202 1905 279">
     <span class='ocr_line' id='line_1_1' title="bbox 530 202 1905 279; baseline 0.01 -13"><span class='ocrx_word' id='word_1_1' title='bbox 530 202 617 266; x_wconf 82' lang='grc'><strong><em>26</em></strong></span> <span class='ocrx_word' id='word_1_2' title='bbox 1541 226 1905 279; x_wconf 69' lang='lat' dir='ltr'><strong>mmmmm.</strong></span> 
     </span>
    </p>
   </div>
   <div class='ocr_carea' id='block_1_2' title="bbox 522 392 2910 1211">
    <p class='ocr_par' dir='ltr' id='par_1_2' title="bbox 988 392 2308 479">
     <span class='ocr_line' id='line_1_2' title="bbox 988 392 2308 479; baseline 0.005 -17"><span class='ocrx_word' id='word_1_3' title='bbox 988 398 1093 463; x_wconf 78' lang='grc' dir='ltr'><strong><em>οὐκ</em></strong></span> <span class='ocrx_word' id='word_1_4' title='bbox 1142 392 1204 470; x_wconf 70' lang='grc' dir='ltr'><strong><em>ἐς</em></strong></span> <span class='ocrx_word' id='word_1_5' title='bbox 1249 403 1532 466; x_wconf 77' lang='grc' dir='ltr'><strong><em>τοσοῦτον</em></strong></span> <span class='ocrx_word' id='word_1_6' title='bbox 1577 399 1875 479; x_wconf 70' lang='grc' dir='ltr'><strong><em>ἀμαθίας</em></strong></span> <span class='ocrx_word' id='word_1_7' title='bbox 1922 402 2113 469; x_wconf 74' lang='grc' dir='ltr'><strong><em>ἐλθεῖν</em></strong></span> <span class='ocrx_word' id='word_1_8' title='bbox 2161 404 2308 471; x_wconf 82' lang='grc' dir='ltr'><strong><em>δοκῶ</em></strong></span> 
     </span>
    </p>

    <p class='ocr_par' dir='ltr' id='par_1_3' title="bbox 980 500 2501 589">
     <span class='ocr_line' id='line_1_3' title="bbox 980 500 2501 589; baseline 0.005 -22"><span class='ocrx_word' id='word_1_9' title='bbox 980 500 1134 569; x_wconf 70' lang='grc' dir='ltr'><strong><em>ὥσθ’</em></strong></span> <span class='ocrx_word' id='word_1_10' title='bbox 1182 506 1216 578; x_wconf 80' lang='grc' dir='ltr'><em>ἧ</em></span> <span class='ocrx_word' id='word_1_11' title='bbox 1269 506 1382 582; x_wconf 76' lang='grc' dir='ltr'><strong><em>μὲν</em></strong></span> <span class='ocrx_word' id='word_1_12' title='bbox 1421 509 1657 584; x_wconf 61' lang='grc' dir='ltr'><strong><em>*Αργος</em></strong></span> <span class='ocrx_word' id='word_1_13' title='bbox 1706 508 2052 589; x_wconf 73' lang='grc' dir='ltr'><strong><em>βαρβάρως</em></strong></span> <span class='ocrx_word' id='word_1_14' title='bbox 2102 510 2501 589; x_wconf 70' lang='grc' dir='ltr'><strong><em>ἀπημπόλα,</em></strong></span> 
     </span>
    </p>

    <p class='ocr_par' dir='ltr' id='par_1_4' title="bbox 971 610 2483 694">
     <span class='ocr_line' id='line_1_4' title="bbox 971 610 2483 694; baseline 0.005 -19"><span class='ocrx_word' id='word_1_15' title='bbox 971 612 1242 683; x_wconf 74' lang='grc' dir='ltr'><strong><em>Παλλὰς</em></strong></span> <span class='ocrx_word' id='word_1_16' title='bbox 1291 610 1342 675; x_wconf 78' lang='grc' dir='ltr'><strong><em>δ’</em></strong></span> <span class='ocrx_word' id='word_1_17' title='bbox 1389 610 1664 688; x_wconf 70' lang='grc' dir='ltr'><strong><em>Ἀθήνας</em></strong></span> <span class='ocrx_word' id='word_1_18' title='bbox 1716 613 1897 694; x_wconf 75' lang='grc' dir='ltr'><strong><em>Φρυξὶ</em></strong></span> <span class='ocrx_word' id='word_1_19' title='bbox 1946 616 2248 681; x_wconf 78' lang='grc' dir='ltr'><strong><em>δουλεύειν</em></strong></span> <span class='ocrx_word' id='word_1_20' title='bbox 2298 616 2483 694; x_wconf 78' lang='grc' dir='ltr'><strong><em>ποτέ,</em></strong></span> 
     </span>
    </p>

    <p class='ocr_par' dir='ltr' id='par_1_5' title="bbox 978 708 2285 804">
     <span class='ocr_line' id='line_1_5' title="bbox 978 708 2285 804; baseline 0.007 -24"><span class='ocrx_word' id='word_1_21' title='bbox 978 708 1062 781; x_wconf 79' lang='grc' dir='ltr'><strong><em>αἳ</em></strong></span> <span class='ocrx_word' id='word_1_22' title='bbox 1109 719 1418 783; x_wconf 70' lang='grc' dir='ltr'><strong><em>παιδιαῖσι</em></strong></span> <span class='ocrx_word' id='word_1_23' title='bbox 1466 719 1571 783; x_wconf 75' lang='grc' dir='ltr'><strong><em>καὶ</em></strong></span> <span class='ocrx_word' id='word_1_24' title='bbox 1619 721 1812 800; x_wconf 71' lang='grc' dir='ltr'><strong><em>χλιδῇ</em></strong></span> <span class='ocrx_word' id='word_1_25' title='bbox 1860 729 2103 802; x_wconf 76' lang='grc' dir='ltr'><strong><em>μορφῆς</em></strong></span> <span class='ocrx_word' id='word_1_26' title='bbox 2152 723 2285 804; x_wconf 81' lang='grc' dir='ltr'><strong><em>πέρι</em></strong></span> 
     </span>
    </p>

    <p class='ocr_par' dir='ltr' id='par_1_6' title="bbox 522 817 2910 1211">
     <span class='ocr_line' id='line_1_6' title="bbox 977 817 1595 905; baseline 0.003 -17"><span class='ocrx_word' id='word_1_27' title='bbox 977 817 1166 896; x_wconf 70' lang='grc' dir='ltr'><strong><em>ἦλθον</em></strong></span> <span class='ocrx_word' id='word_1_28' title='bbox 1209 824 1355 905; x_wconf 84' lang='grc' dir='ltr'><strong><em>πρὸς</em></strong></span> <span class='ocrx_word' id='word_1_29' title='bbox 1405 824 1595 901; x_wconf 85' lang='grc' dir='ltr'><strong><em>Ἴδην.</em></strong></span> 
     </span>
     <span class='ocr_line' id='line_1_7' title="bbox 523 929 2910 1022; baseline 0.002 -25"><span class='ocrx_word' id='word_1_30' title='bbox 523 931 734 997; x_wconf 83' lang='lat' dir='ltr'>Sensit</span> <span class='ocrx_word' id='word_1_31' title='bbox 794 929 1202 1018; x_wconf 82' lang='lat' dir='ltr'><strong>Hartungius</strong></span> <span class='ocrx_word' id='word_1_32' title='bbox 1262 934 1411 997; x_wconf 82' lang='lat' dir='ltr'><strong>vitii</strong></span> <span class='ocrx_word' id='word_1_33' title='bbox 1457 932 1700 1017; x_wconf 82' lang='lat' dir='ltr'><strong>aliquid</strong></span> <span class='ocrx_word' id='word_1_34' title='bbox 1746 934 1854 1000; x_wconf 85' lang='lat' dir='ltr'><strong><em>hie</em></strong></span> <span class='ocrx_word' id='word_1_35' title='bbox 1900 935 2128 1009; x_wconf 82' lang='lat' dir='ltr'><strong>latere,</strong></span> <span class='ocrx_word' id='word_1_36' title='bbox 2193 937 2307 1003; x_wconf 87' lang='lat' dir='ltr'><strong><em>sed</em></strong></span> <span class='ocrx_word' id='word_1_37' title='bbox 2354 937 2522 1022; x_wconf 91' lang='lat' dir='ltr'><strong>quod</strong></span> <span class='ocrx_word' id='word_1_38' title='bbox 2575 936 2798 1002; x_wconf 77' lang='lat' dir='ltr'><strong>scribit</strong></span> <span class='ocrx_word' id='word_1_39' title='bbox 2842 938 2910 1001; x_wconf 82' lang='grc' dir='ltr'><strong><em>οὐ</em></strong></span> 
     </span>
     <span class='ocr_line' id='line_1_8' title="bbox 523 1036 2904 1130; baseline 0.003 -29"><span class='ocrx_word' id='word_1_40' title='bbox 523 1037 831 1101; x_wconf 78' lang='grc' dir='ltr'><strong><em>παιδιαῖσι</em></strong></span> <span class='ocrx_word' id='word_1_41' title='bbox 854 1087 870 1114; x_wconf 86' lang='grc'>,</span> <span class='ocrx_word' id='word_1_42' title='bbox 921 1058 1088 1101; x_wconf 82' lang='lat' dir='ltr'><strong>nuno</strong></span> <span class='ocrx_word' id='word_1_43' title='bbox 1134 1036 1390 1121; x_wconf 87' lang='lat' dir='ltr'><strong>quidem</strong></span> <span class='ocrx_word' id='word_1_44' title='bbox 1434 1038 1680 1113; x_wconf 74' lang='grc' dir='ltr'><strong><em>ἰώμενος</em></strong></span> <span class='ocrx_word' id='word_1_45' title='bbox 1719 1039 1789 1104; x_wconf 82' lang='grc' dir='ltr'><strong><em>τὸ</em></strong></span> <span class='ocrx_word' id='word_1_46' title='bbox 1830 1041 2016 1104; x_wconf 79' lang='grc' dir='ltr'><strong><em>κακὸν</em></strong></span> <span class='ocrx_word' id='word_1_47' title='bbox 2053 1041 2259 1120; x_wconf 77' lang='grc' dir='ltr'><strong><em>μεῖζον</em></strong></span> <span class='ocrx_word' id='word_1_48' title='bbox 2299 1051 2479 1108; x_wconf 79' lang='grc' dir='ltr'><strong><em>ποιεῖ.</em></strong></span> <span class='ocrx_word' id='word_1_49' title='bbox 2531 1043 2904 1130; x_wconf 56' lang='lat' dir='ltr'><strong>[legendnm</strong></span> 
     </span>
     <span class='ocr_line' id='line_1_9' title="bbox 522 1142 1955 1211; baseline 0 -3"><span class='ocrx_word' id='word_1_50' title='bbox 522 1151 652 1208; x_wconf 77' lang='lat' dir='ltr'><strong>est:</strong></span> <span class='ocrx_word' id='word_1_51' title='bbox 701 1145 767 1208; x_wconf 78' lang='grc' dir='ltr'><strong><em>εἰ</em></strong></span> <span class='ocrx_word' id='word_1_52' title='bbox 821 1143 1149 1207; x_wconf 86' lang='grc' dir='ltr'><strong><em>παιδιαῖσι.</em></strong></span> <span class='ocrx_word' id='word_1_53' title='bbox 1196 1142 1478 1208; x_wconf 83' lang='lat' dir='ltr'><strong>Verbum</strong></span> <span class='ocrx_word' id='word_1_54' title='bbox 1527 1164 1652 1209; x_wconf 91' lang='lat' dir='ltr'><strong><em>non</em></strong></span> <span class='ocrx_word' id='word_1_55' title='bbox 1701 1146 1955 1211; x_wconf 79' lang='lat' dir='ltr'><strong>addam.</strong></span> 
     </span>
    </p>
   </div>
   <div class='ocr_carea' id='block_1_3' title="bbox 519 1356 2747 1760">
    <p class='ocr_par' dir='ltr' id='par_1_7' title="bbox 519 1356 2747 1760">
     <span class='ocr_line' id='line_1_10' title="bbox 608 1356 2277 1441; baseline 0.001 -20"><span class='ocrx_word' id='word_1_56' title='bbox 608 1357 960 1423; x_wconf 85' lang='lat' dir='ltr'><strong>Ludierum</strong></span> <span class='ocrx_word' id='word_1_57' title='bbox 1007 1362 1102 1421; x_wconf 87' lang='lat' dir='ltr'><strong><em>est</em></strong></span> <span class='ocrx_word' id='word_1_58' title='bbox 1147 1356 1315 1441; x_wconf 88' lang='lat' dir='ltr'><strong>quod</strong></span> <span class='ocrx_word' id='word_1_59' title='bbox 1362 1356 1691 1423; x_wconf 75' lang='lat' dir='ltr'><strong>Menelaus</strong></span> <span class='ocrx_word' id='word_1_60' title='bbox 1737 1359 1919 1424; x_wconf 88' lang='lat' dir='ltr'><strong>iubet</strong></span> <span class='ocrx_word' id='word_1_61' title='bbox 1967 1380 2055 1425; x_wconf 81' lang='lat' dir='ltr'><strong><em>vs.</em></strong></span> <span class='ocrx_word' id='word_1_62' title='bbox 2109 1357 2237 1424; x_wconf 84' lang='lat'><strong><em>881</em></strong></span> <span class='ocrx_word' id='word_1_63' title='bbox 2261 1377 2277 1423; x_wconf 77' lang='lat' dir='ltr'><strong><em>z</em></strong></span> 
     </span>
     <span class='ocr_line' id='line_1_11' title="bbox 977 1461 2468 1547; baseline 0.001 -20"><span class='ocrx_word' id='word_1_64' title='bbox 977 1461 1250 1542; x_wconf 74' lang='grc' dir='ltr'><strong><em>κομίζετ’</em></strong></span> <span class='ocrx_word' id='word_1_65' title='bbox 1300 1464 1529 1547; x_wconf 77' lang='grc' dir='ltr'><strong><em>αὐτήν,</em></strong></span> <span class='ocrx_word' id='word_1_66' title='bbox 1576 1470 1719 1537; x_wconf 75' lang='grc' dir='ltr'><strong><em>τῆς</em></strong></span> <span class='ocrx_word' id='word_1_67' title='bbox 1769 1464 2468 1544; x_wconf 71' lang='grc' dir='ltr'><strong><em>μιαιφονωτάτης</em></strong></span> 
     </span>
     <span class='ocr_line' id='line_1_12' title="bbox 899 1566 1706 1646; baseline 0 -14"><span class='ocrx_word' id='word_1_68' title='bbox 899 1603 912 1617; x_wconf 89' lang='grc'><em>·</em></span> <span class='ocrx_word' id='word_1_69' title='bbox 974 1566 1169 1646; x_wconf 72' lang='grc' dir='ltr'><strong><em>κόμης</em></strong></span> <span class='ocrx_word' id='word_1_70' title='bbox 1219 1568 1706 1641; x_wconf 71' lang='grc' dir='ltr'><strong><em>ἐπισπάσαντες.</em></strong></span> 
     </span>
     <span class='ocr_line' id='line_1_13' title="bbox 519 1674 2747 1760; baseline 0.001 -18"><span class='ocrx_word' id='word_1_71' title='bbox 519 1675 732 1742; x_wconf 84' lang='lat' dir='ltr'><strong>Facile</strong></span> <span class='ocrx_word' id='word_1_72' title='bbox 779 1674 1075 1741; x_wconf 80' lang='lat' dir='ltr'>obtinebo</span> <span class='ocrx_word' id='word_1_73' title='bbox 1120 1674 1592 1741; x_wconf 81' lang='lat' dir='ltr'><strong>rescribendum</strong></span> <span class='ocrx_word' id='word_1_74' title='bbox 1642 1696 1806 1741; x_wconf 89' lang='lat' dir='ltr'><strong>esse:</strong></span> <span class='ocrx_word' id='word_1_75' title='bbox 1861 1679 1954 1753; x_wconf 69' lang='grc' dir='ltr'><strong><em>τη</em></strong></span> <span class='ocrx_word' id='word_1_76' title='bbox 1976 1703 2005 1742; x_wconf 95' lang='grc' dir='ltr'><strong><em>ν</em></strong></span> <span class='ocrx_word' id='word_1_77' title='bbox 2052 1703 2103 1753; x_wconf 88' lang='grc' dir='ltr'><strong><em>μ</em></strong></span> <span class='ocrx_word' id='word_1_78' title='bbox 2121 1702 2139 1741; x_wconf 96' lang='grc' dir='ltr'><strong><em>ι</em></strong></span> <span class='ocrx_word' id='word_1_79' title='bbox 2159 1701 2233 1742; x_wconf 87' lang='grc' dir='ltr'><strong><em>αι</em></strong></span> <span class='ocrx_word' id='word_1_80' title='bbox 2252 1684 2308 1760; x_wconf 90' lang='grc' dir='ltr'><strong><em>φ</em></strong></span> <span class='ocrx_word' id='word_1_81' title='bbox 2323 1701 2349 1742; x_wconf 94' lang='grc' dir='ltr'><strong><em>ο</em></strong></span> <span class='ocrx_word' id='word_1_82' title='bbox 2368 1703 2397 1742; x_wconf 96' lang='grc' dir='ltr'><strong><em>ν</em></strong></span> <span class='ocrx_word' id='word_1_83' title='bbox 2411 1704 2454 1742; x_wconf 84' lang='grc' dir='ltr'><strong><em>ω</em></strong></span> <span class='ocrx_word' id='word_1_84' title='bbox 2467 1703 2507 1742; x_wconf 80' lang='grc' dir='ltr'><strong><em>τ</em></strong></span> <span class='ocrx_word' id='word_1_85' title='bbox 2525 1679 2569 1744; x_wconf 75' lang='grc' dir='ltr'><strong><em>οἱ</em></strong></span> <span class='ocrx_word' id='word_1_86' title='bbox 2586 1703 2625 1743; x_wconf 82' lang='grc' dir='ltr'><strong><em>τ</em></strong></span> <span class='ocrx_word' id='word_1_87' title='bbox 2643 1706 2676 1754; x_wconf 80' lang='grc' dir='ltr'><strong><em>η</em></strong></span> <span class='ocrx_word' id='word_1_88' title='bbox 2697 1704 2747 1747; x_wconf 92' lang='grc' dir='ltr'><strong><em>ν.</em></strong></span> 
     </span>
    </p>
   </div>
   <div class='ocr_carea' id='block_1_4' title="bbox 613 1885 984 1952">
    <p class='ocr_par' dir='ltr' id='par_1_8' title="bbox 613 1885 984 1952">
     <span class='ocr_line' id='line_1_14' title="bbox 613 1885 984 1952; baseline 0.008 -3"><span class='ocrx_word' id='word_1_89' title='bbox 613 1885 717 1951; x_wconf 88' lang='lat' dir='ltr'><strong><em>Vs.</em></strong></span> <span class='ocrx_word' id='word_1_90' title='bbox 780 1885 984 1952; x_wconf 83' lang='lat'>1028:</span> 
     </span>
    </p>
   </div>
   <div class='ocr_carea' id='block_1_5' title="bbox 607 1995 2489 2281">
    <p class='ocr_par' dir='ltr' id='par_1_9' title="bbox 607 1995 2489 2281">
     <span class='ocr_line' id='line_1_15' title="bbox 1341 1995 2443 2074; baseline 0.003 -17"><span class='ocrx_word' id='word_1_91' title='bbox 1341 1995 1409 2058; x_wconf 82' lang='grc' dir='ltr'><strong><em>τὸ</em></strong></span> <span class='ocrx_word' id='word_1_92' title='bbox 1457 2000 1688 2074; x_wconf 82' lang='grc' dir='ltr'><strong><em>σῶφρον</em></strong></span> <span class='ocrx_word' id='word_1_93' title='bbox 1737 2001 1847 2069; x_wconf 75' lang='grc' dir='ltr'><strong><em>τῆς</em></strong></span> <span class='ocrx_word' id='word_1_94' title='bbox 1895 1996 2209 2068; x_wconf 68' lang='grc' dir='ltr'><strong><em>ἀναιδείας</em></strong></span> <span class='ocrx_word' id='word_1_95' title='bbox 2260 1997 2443 2061; x_wconf 79' lang='grc' dir='ltr'><strong><em>πλέον</em></strong></span> 
     </span>
     <span class='ocr_line' id='line_1_16' title="bbox 974 2099 2489 2181; baseline 0.003 -18"><span class='ocrx_word' id='word_1_96' title='bbox 974 2100 1004 2163; x_wconf 76' lang='grc' dir='ltr'><strong><em>ἓ</em></strong></span> <span class='ocrx_word' id='word_1_97' title='bbox 1017 2122 1070 2178; x_wconf 79' lang='grc' dir='ltr'><em>χ</em></span> <span class='ocrx_word' id='word_1_98' title='bbox 1088 2123 1114 2164; x_wconf 94' lang='grc' dir='ltr'><strong><em>ο</em></strong></span> <span class='ocrx_word' id='word_1_99' title='bbox 1133 2124 1166 2163; x_wconf 89' lang='grc' dir='ltr'><strong><em>υ</em></strong></span> <span class='ocrx_word' id='word_1_100' title='bbox 1185 2123 1223 2163; x_wconf 97' lang='grc' dir='ltr'><strong><em>σ</em></strong></span> <span class='ocrx_word' id='word_1_101' title='bbox 1241 2124 1283 2163; x_wconf 91' lang='grc' dir='ltr'><strong><em>α</em></strong></span> <span class='ocrx_word' id='word_1_102' title='bbox 1303 2124 1332 2163; x_wconf 98' lang='grc' dir='ltr'><strong><em>ν</em></strong></span> <span class='ocrx_word' id='word_1_103' title='bbox 1380 2101 1479 2164; x_wconf 76' lang='grc' dir='ltr'><strong><em>ἐπὶ</em></strong></span> <span class='ocrx_word' id='word_1_104' title='bbox 1526 2108 1653 2172; x_wconf 81' lang='grc' dir='ltr'><strong><em>τοῖς</em></strong></span> <span class='ocrx_word' id='word_1_105' title='bbox 1704 2099 1970 2179; x_wconf 70' lang='grc' dir='ltr'><strong><em>πρόσθεν</em></strong></span> <span class='ocrx_word' id='word_1_106' title='bbox 2022 2103 2489 2181; x_wconf 70' lang='grc' dir='ltr'><strong><em>ἡμαρτημένοις.</em></strong></span> 
     </span>
     <span class='ocr_line' id='line_1_17' title="bbox 607 2204 1257 2281; baseline -0.005 -12"><span class='ocrx_word' id='word_1_107' title='bbox 607 2205 786 2272; x_wconf 82' lang='lat' dir='ltr'><strong>Malo</strong></span> <span class='ocrx_word' id='word_1_108' title='bbox 833 2204 1257 2281; x_wconf 78' lang='grc' dir='ltr'><strong><em>νέμουσαν.</em></strong></span> 
     </span>
    </p>
   </div>
   <div class='ocr_carea' id='block_1_6' title="bbox 504 2420 2900 3651">
    <p class='ocr_par' dir='ltr' id='par_1_10' title="bbox 504 2420 2900 3651">
     <span class='ocr_line' id='line_1_18' title="bbox 605 2420 980 2485; baseline 0.003 -2"><span class='ocrx_word' id='word_1_109' title='bbox 605 2420 715 2483; x_wconf 88' lang='lat' dir='ltr'><strong><em>Vs.</em></strong></span> <span class='ocrx_word' id='word_1_110' title='bbox 770 2420 980 2485; x_wconf 86' lang='lat'>1242:</span> 
     </span>
     <span class='ocr_line' id='line_1_19' title="bbox 1784 2527 2350 2604; baseline 0.004 -13"><span class='ocrx_word' id='word_1_111' title='bbox 1784 2529 1834 2592; x_wconf 76' lang='grc' dir='ltr'><strong><em>εἰ</em></strong></span> <span class='ocrx_word' id='word_1_112' title='bbox 1884 2527 1938 2594; x_wconf 89' lang='grc' dir='ltr'><strong><em>δ’</em></strong></span> <span class='ocrx_word' id='word_1_113' title='bbox 1994 2530 2161 2604; x_wconf 75' lang='grc' dir='ltr'><strong><em>ἧμας</em></strong></span> <span class='ocrx_word' id='word_1_114' title='bbox 2207 2527 2350 2600; x_wconf 71' lang='grc' dir='ltr'><strong><em>θεὸς</em></strong></span> 
     </span>
     <span class='ocr_line' id='line_1_20' title="bbox 962 2630 2486 2719; baseline 0.002 -22"><span class='ocrx_word' id='word_1_115' title='bbox 962 2631 1179 2712; x_wconf 78' lang='grc' dir='ltr'><strong><em>ἔςρεψε</em></strong></span> <span class='ocrx_word' id='word_1_116' title='bbox 1227 2630 1391 2696; x_wconf 73' lang='grc' dir='ltr'><strong><em>τᾶνω</em></strong></span> <span class='ocrx_word' id='word_1_117' title='bbox 1441 2633 1922 2714; x_wconf 79' lang='grc' dir='ltr'><strong><em>περιβαλὼν</em></strong></span> <span class='ocrx_word' id='word_1_118' title='bbox 1971 2633 2185 2698; x_wconf 68' lang='grc' dir='ltr'><strong><em>κάτω</em></strong></span> <span class='ocrx_word' id='word_1_119' title='bbox 2234 2631 2486 2719; x_wconf 71' lang='grc' dir='ltr'><strong><em>χθονός,</em></strong></span> 
     </span>
     <span class='ocr_line' id='line_1_21' title="bbox 962 2737 2407 2817; baseline 0.001 -15"><span class='ocrx_word' id='word_1_120' title='bbox 962 2741 1228 2817; x_wconf 73' lang='grc' dir='ltr'><strong><em>ἀφανεῖς</em></strong></span> <span class='ocrx_word' id='word_1_121' title='bbox 1277 2739 1354 2802; x_wconf 77' lang='grc' dir='ltr'><strong><em>ἂν</em></strong></span> <span class='ocrx_word' id='word_1_122' title='bbox 1403 2738 1569 2810; x_wconf 75' lang='grc' dir='ltr'><strong><em>ὄντες</em></strong></span> <span class='ocrx_word' id='word_1_123' title='bbox 1622 2741 1729 2804; x_wconf 81' lang='grc' dir='ltr'><strong><em>οὐκ</em></strong></span> <span class='ocrx_word' id='word_1_124' title='bbox 1776 2739 1853 2804; x_wconf 73' lang='grc' dir='ltr'><strong><em>ἂν</em></strong></span> <span class='ocrx_word' id='word_1_125' title='bbox 1902 2737 2280 2815; x_wconf 70' lang='grc' dir='ltr'><strong><em>ὑμνηθεῖμεν</em></strong></span> <span class='ocrx_word' id='word_1_126' title='bbox 2331 2738 2407 2804; x_wconf 75' lang='grc' dir='ltr'><strong><em>ἅν</em></strong></span> 
     </span>
     <span class='ocr_line' id='line_1_22' title="bbox 508 2844 2900 2933; baseline 0.002 -24"><span class='ocrx_word' id='word_1_127' title='bbox 508 2844 831 2910; x_wconf 89' lang='lat' dir='ltr'><strong>Dindorfio</strong></span> <span class='ocrx_word' id='word_1_128' title='bbox 878 2846 1074 2910; x_wconf 83' lang='lat' dir='ltr'><strong>verba</strong></span> <span class='ocrx_word' id='word_1_129' title='bbox 1120 2844 1341 2924; x_wconf 76' lang='grc' dir='ltr'><strong><em>ἓςρεψε</em></strong></span> <span class='ocrx_word' id='word_1_130' title='bbox 1390 2845 1551 2909; x_wconf 72' lang='grc' dir='ltr'><strong><em>τᾶνω</em></strong></span> <span class='ocrx_word' id='word_1_131' title='bbox 1604 2846 1681 2911; x_wconf 84' lang='lat' dir='ltr'><strong><em>ab</em></strong></span> <span class='ocrx_word' id='word_1_132' title='bbox 1732 2845 2180 2930; x_wconf 79' lang='lat' dir='ltr'><strong>interpolatore</strong></span> <span class='ocrx_word' id='word_1_133' title='bbox 2228 2845 2522 2930; x_wconf 89' lang='lat' dir='ltr'><strong>suppleta</strong></span> <span class='ocrx_word' id='word_1_134' title='bbox 2557 2847 2900 2933; x_wconf 84' lang='lat' dir='ltr'><strong>videntur3</strong></span> 
     </span>
     <span class='ocr_line' id='line_1_23' title="bbox 508 2950 2623 3035; baseline 0.001 -21"><span class='ocrx_word' id='word_1_135' title='bbox 508 2950 779 3015; x_wconf 84' lang='lat' dir='ltr'><strong>dixerim</strong></span> <span class='ocrx_word' id='word_1_136' title='bbox 830 2958 1045 3017; x_wconf 83' lang='lat' dir='ltr'><strong>tamen</strong></span> <span class='ocrx_word' id='word_1_137' title='bbox 1094 2972 1168 3017; x_wconf 86' lang='lat' dir='ltr'><strong><em>ea</em></strong></span> <span class='ocrx_word' id='word_1_138' title='bbox 1212 2955 1279 3016; x_wconf 89' lang='lat' dir='ltr'><strong><em>in</em></strong></span> <span class='ocrx_word' id='word_1_139' title='bbox 1330 2960 1510 3017; x_wconf 83' lang='lat' dir='ltr'><strong>textu</strong></span> <span class='ocrx_word' id='word_1_140' title='bbox 1563 2954 1802 3018; x_wconf 84' lang='lat' dir='ltr'><strong>servari</strong></span> <span class='ocrx_word' id='word_1_141' title='bbox 1850 2971 2066 3035; x_wconf 89' lang='lat' dir='ltr'><strong>posse,</strong></span> <span class='ocrx_word' id='word_1_142' title='bbox 2113 2953 2304 3016; x_wconf 89' lang='lat' dir='ltr'><strong>modo</strong></span> <span class='ocrx_word' id='word_1_143' title='bbox 2351 2953 2623 3018; x_wconf 77' lang='lat' dir='ltr'><strong>scribas:</strong></span> 
     </span>
     <span class='ocr_line' id='line_1_24' title="bbox 1046 3054 2318 3137; baseline 0 -16"><span class='ocrx_word' id='word_1_144' title='bbox 1046 3056 1208 3121; x_wconf 81' lang='grc' dir='ltr'><strong><em>τᾶνω</em></strong></span> <span class='ocrx_word' id='word_1_145' title='bbox 1256 3057 1432 3134; x_wconf 82' lang='grc' dir='ltr'><strong><em>περὶ</em></strong></span> <span class='ocrx_word' id='word_1_146' title='bbox 1482 3057 1697 3122; x_wconf 68' lang='grc' dir='ltr'><strong><em>κάτω</em></strong></span> <span class='ocrx_word' id='word_1_147' title='bbox 1746 3056 2021 3133; x_wconf 78' lang='grc' dir='ltr'><strong><em>βαλὼν</em></strong></span> <span class='ocrx_word' id='word_1_148' title='bbox 2070 3054 2318 3137; x_wconf 69' lang='grc' dir='ltr'><strong><em>χθονός.</em></strong></span> 
     </span>
     <span class='ocr_line' id='line_1_25' title="bbox 506 3160 2884 3248; baseline 0.003 -25"><span class='ocrx_word' id='word_1_149' title='bbox 506 3166 582 3223; x_wconf 90' lang='lat' dir='ltr'><strong><em>ut</em></strong></span> <span class='ocrx_word' id='word_1_150' title='bbox 641 3164 979 3247; x_wconf 78' lang='lat' dir='ltr'><strong>genetivus</strong></span> <span class='ocrx_word' id='word_1_151' title='bbox 1039 3164 1251 3244; x_wconf 81' lang='grc' dir='ltr'><strong><em>χθονὸς</em></strong></span> <span class='ocrx_word' id='word_1_152' title='bbox 1317 3162 1586 3248; x_wconf 82' lang='lat' dir='ltr'><strong>pendeat</strong></span> <span class='ocrx_word' id='word_1_153' title='bbox 1653 3164 1732 3229; x_wconf 86' lang='lat' dir='ltr'><strong><em>ab</em></strong></span> <span class='ocrx_word' id='word_1_154' title='bbox 1796 3160 1955 3226; x_wconf 73' lang='grc' dir='ltr'><strong><em>τᾶνω</em></strong></span> <span class='ocrx_word' id='word_1_155' title='bbox 1981 3212 1999 3245; x_wconf 87' lang='grc'>,</span> <span class='ocrx_word' id='word_1_156' title='bbox 2045 3183 2168 3227; x_wconf 92' lang='lat' dir='ltr'><strong><em>non</em></strong></span> <span class='ocrx_word' id='word_1_157' title='bbox 2217 3164 2297 3228; x_wconf 90' lang='lat' dir='ltr'><strong><em>ab</em></strong></span> <span class='ocrx_word' id='word_1_158' title='bbox 2345 3164 2643 3229; x_wconf 83' lang='lat' dir='ltr'><strong>adverbio</strong></span> <span class='ocrx_word' id='word_1_159' title='bbox 2692 3163 2884 3231; x_wconf 68' lang='grc' dir='ltr'><strong><em>κάτω.</em></strong></span> 
     </span>
     <span class='ocr_line' id='line_1_26' title="bbox 506 3265 2885 3353; baseline 0.003 -24"><span class='ocrx_word' id='word_1_160' title='bbox 506 3265 677 3331; x_wconf 86' lang='lat' dir='ltr'><strong>Vide</strong></span> <span class='ocrx_word' id='word_1_161' title='bbox 748 3287 908 3352; x_wconf 84' lang='lat' dir='ltr'><strong>quae</strong></span> <span class='ocrx_word' id='word_1_162' title='bbox 979 3289 1179 3353; x_wconf 85' lang='lat' dir='ltr'><strong>nuper</strong></span> <span class='ocrx_word' id='word_1_163' title='bbox 1240 3269 1479 3334; x_wconf 85' lang='lat' dir='ltr'><strong>Mnem.</strong></span> <span class='ocrx_word' id='word_1_164' title='bbox 1551 3269 1721 3334; x_wconf 87' lang='lat' dir='ltr'><strong><em>XIX</em></strong></span> <span class='ocrx_word' id='word_1_165' title='bbox 1784 3266 1867 3332; x_wconf 82' lang='lat'><strong><em>39</em></strong></span> <span class='ocrx_word' id='word_1_166' title='bbox 1927 3267 2169 3334; x_wconf 76' lang='lat' dir='ltr'><strong>contuli</strong></span> <span class='ocrx_word' id='word_1_167' title='bbox 2231 3268 2308 3333; x_wconf 89' lang='lat' dir='ltr'><strong><em>de</em></strong></span> <span class='ocrx_word' id='word_1_168' title='bbox 2369 3269 2685 3335; x_wconf 82' lang='lat' dir='ltr'><strong>locutione</strong></span> <span class='ocrx_word' id='word_1_169' title='bbox 2747 3272 2885 3350; x_wconf 77' lang='grc' dir='ltr'><strong><em>περὶ</em></strong></span> 
     </span>
     <span class='ocr_line' id='line_1_27' title="bbox 508 3372 2892 3465; baseline 0.003 -29"><span class='ocrx_word' id='word_1_170' title='bbox 508 3372 701 3436; x_wconf 71' lang='grc' dir='ltr'><strong><em>κάτω.</em></strong></span> <span class='ocrx_word' id='word_1_171' title='bbox 788 3373 855 3437; x_wconf 83' lang='lat' dir='ltr'><strong><em>Si</em></strong></span> <span class='ocrx_word' id='word_1_172' title='bbox 920 3374 1108 3440; x_wconf 81' lang='lat' dir='ltr'><strong>Plato</strong></span> <span class='ocrx_word' id='word_1_173' title='bbox 1172 3375 1342 3440; x_wconf 77' lang='lat' dir='ltr'><strong>dixit</strong></span> <span class='ocrx_word' id='word_1_174' title='bbox 1403 3377 1536 3453; x_wconf 80' lang='grc' dir='ltr'><strong><em>περὶ</em></strong></span> <span class='ocrx_word' id='word_1_175' title='bbox 1601 3376 1770 3439; x_wconf 68' lang='lat' dir='ltr'><strong><em>noim</em></strong></span> <span class='ocrx_word' id='word_1_176' title='bbox 1835 3376 2159 3458; x_wconf 76' lang='grc' dir='ltr'><strong><em>ςρέφουσι,</em></strong></span> <span class='ocrx_word' id='word_1_177' title='bbox 2221 3393 2343 3438; x_wconf 89' lang='lat' dir='ltr'><strong><em>non</em></strong></span> <span class='ocrx_word' id='word_1_178' title='bbox 2393 3375 2547 3439; x_wconf 81' lang='lat' dir='ltr'><strong>satis</strong></span> <span class='ocrx_word' id='word_1_179' title='bbox 2593 3376 2892 3465; x_wconf 76' lang='lat' dir='ltr'><strong>intelligo</strong></span> 
     </span>
     <span class='ocr_line' id='line_1_28' title="bbox 507 3478 2893 3568; baseline 0.003 -27"><span class='ocrx_word' id='word_1_180' title='bbox 507 3478 729 3561; x_wconf 88' lang='lat' dir='ltr'><strong>quidni</strong></span> <span class='ocrx_word' id='word_1_181' title='bbox 812 3483 1004 3545; x_wconf 88' lang='lat' dir='ltr'><strong>etiam</strong></span> <span class='ocrx_word' id='word_1_182' title='bbox 1073 3482 1439 3568; x_wconf 79' lang='lat' dir='ltr'><strong>tragoedias</strong></span> <span class='ocrx_word' id='word_1_183' title='bbox 1503 3481 1768 3546; x_wconf 84' lang='lat' dir='ltr'><strong>eandem</strong></span> <span class='ocrx_word' id='word_1_184' title='bbox 1834 3480 2086 3546; x_wconf 88' lang='lat' dir='ltr'><strong>dieendi</strong></span> <span class='ocrx_word' id='word_1_185' title='bbox 2146 3479 2485 3545; x_wconf 85' lang='lat' dir='ltr'><strong>formulam</strong></span> <span class='ocrx_word' id='word_1_186' title='bbox 2539 3482 2893 3548; x_wconf 83' lang='lat' dir='ltr'><strong>audeamus</strong></span> 
     </span>
     <span class='ocr_line' id='line_1_29' title="bbox 504 3583 844 3651; baseline 0.003 -2"><span class='ocrx_word' id='word_1_187' title='bbox 504 3583 844 3651; x_wconf 83' lang='lat' dir='ltr'><strong>vindicare.</strong></span> 
     </span>
    </p>
   </div>
   <div class='ocr_carea' id='block_1_7' title="bbox 1401 3710 1999 3792">
    <p class='ocr_par' dir='ltr' id='par_1_11' title="bbox 1401 3710 1999 3792">
     <span class='ocr_line' id='line_1_30' title="bbox 1401 3710 1999 3792; baseline -0.002 -19"><span class='ocrx_word' id='word_1_188' title='bbox 1401 3714 1419 3792; x_wconf 95' lang='lat'>(</span> <span class='ocrx_word' id='word_1_189' title='bbox 1432 3710 1842 3773; x_wconf 72' lang='lat' dir='ltr'><strong><em>Continuabmoe</em></strong></span> <span class='ocrx_word' id='word_1_190' title='bbox 1850 3721 1949 3773; x_wconf 79' lang='lat' dir='ltr'><strong><em>tur</em></strong></span> <span class='ocrx_word' id='word_1_191' title='bbox 1959 3718 1973 3784; x_wconf 51' lang='grc' dir='ltr'>ὃ</span> <span class='ocrx_word' id='word_1_192' title='bbox 1984 3757 1999 3772; x_wconf 93' lang='grc'><strong><em>.</em></strong></span> 
     </span>
    </p>
   </div>
   <div class='ocr_carea' id='block_1_8' title="bbox 611 3859 1425 4031">
    <p class='ocr_par' dir='ltr' id='par_1_12' title="bbox 611 3859 1425 4031">
     <span class='ocr_line' id='line_1_31' title="bbox 773 3859 1273 3929; baseline 0.008 -4"><span class='ocrx_word' id='word_1_193' title='bbox 773 3859 1273 3929; x_wconf 73' lang='lat' dir='ltr'><strong>Amstelodami,</strong></span> 
     </span>
     <span class='ocr_line' id='line_1_32' title="bbox 611 3964 1425 4031; baseline 0 0"><span class='ocrx_word' id='word_1_194' title='bbox 611 3966 671 4031; x_wconf 89' lang='lat' dir='ltr'><strong><em>d.</em></strong></span> <span class='ocrx_word' id='word_1_195' title='bbox 722 3965 807 4029; x_wconf 82' lang='lat'><strong><em>26</em></strong></span> <span class='ocrx_word' id='word_1_196' title='bbox 857 3988 943 4030; x_wconf 88' lang='lat' dir='ltr'><strong><em>m.</em></strong></span> <span class='ocrx_word' id='word_1_197' title='bbox 997 3964 1179 4031; x_wconf 86' lang='lat' dir='ltr'><strong>Junii</strong></span> <span class='ocrx_word' id='word_1_198' title='bbox 1229 3964 1425 4031; x_wconf 87' lang='grc'>1881.</span> 
     </span>
    </p>
   </div>
  </div>
 </body>
</html>
