3192 5017
554 285 684 354 386
1627 301 1869 354 remus.

552 478 870 555 ἐπιδείξειν
943 473 1034 543 ὅτι
1104 476 1272 544 οὐδὲν
1334 478 1713 557 Νικόςρατος
1780 477 2039 544 διέθετο.
2134 477 2303 542 Usus
2362 478 2543 542 verbi
2608 473 2945 564 compositi

554 590 771 674 arguit
817 586 1071 651 Isaeum
1118 587 1440 670 scripsisse
1487 587 1656 667 αὐτῷ
1677 634 1692 664 ,
1744 586 1878 650 scil.
1929 586 2014 666 τῷ
2065 583 2420 663 πράγματι.

643 695 681 777 5
730 691 767 756 '7
817 693 909 764 τίς
958 691 1085 769 γὰρ
1134 691 1239 755 οὐκ
1286 691 1690 771 ἀπεκείρατο,
1735 691 1940 766 ἐπειδὴ
1980 693 2065 755 τὼ
2110 689 2211 755 δύο
2237 691 2532 754 τάλαντα
2575 690 2662 766 ἐξ
2689 692 2939 765 Ἄκης

555 800 921 878 ἤλθετονς
973 797 1187 864 Verbo
1230 798 1438 863 dicam
1489 798 1934 885 corrigendum
1985 818 2117 862 esse
2164 795 2458 872 ἠλθέτην.
2498 798 2608 863 sed
2651 798 2939 884 pluribus

554 928 711 989 opus
771 910 867 971 est
931 904 1010 970 ad
1073 904 1637 970 demonstrandum
1700 905 1934 968 iniuria
1995 909 2310 987 receptam
2363 924 2497 970 esse
2543 904 2936 970 lenissimam

553 1011 1001 1079 Valckenaerii
1062 1003 1567 1076 emendationem
1634 1031 1746 1096 pro
1804 1009 2075 1075 lectione
2141 1018 2459 1075 GEAKIC.
2555 1011 2801 1095 Nempe
2862 1031 2939 1075 ex

558 1119 809 1185 levibus
877 1116 1256 1202 quibusdam
1322 1116 1580 1182 indiciis
1629 1118 1698 1181 in
1746 1117 1864 1182 hac
1910 1118 2191 1181 oratione
2238 1117 2446 1181 obviis
2491 1115 2712 1203 colligi
2759 1137 2939 1201 posse

557 1225 814 1291 videtur
871 1223 1303 1289 Nicostratum
1369 1243 1494 1287 non
1542 1229 1955 1288 mercatorem
1983 1271 1999 1298 ,
2053 1222 2161 1288 sed
2209 1222 2483 1287 militem
2534 1223 2927 1298 occubuisse,

553 1351 759 1415 neque
804 1332 1010 1417 igitur
1055 1327 1378 1415 probabile
1425 1334 1520 1394 est
1566 1349 1715 1393 eum
1766 1330 1834 1392 in
1875 1327 2219 1393 Phoenicia
2254 1328 2386 1393 fato
2440 1328 2725 1392 functum
2774 1347 2928 1391 esse.

554 1436 861 1521 Inspicias
925 1435 1092 1500 mihi
1146 1435 1431 1520 primum
1479 1436 1515 1519 ξ
1567 1433 1652 1499 18
1700 1440 1799 1499 νῦν
1847 1434 1909 1499 δὲ
1959 1434 2096 1499 οὔτε
2147 1434 2466 1506 συσσίτους
2516 1431 2652 1498 οὔτε
2712 1434 2930 1512 φίλους

554 1543 683 1607 οὔτ’
717 1544 778 1605 ἐν
824 1540 982 1618 τάξ
996 1565 1062 1605 ει
1111 1550 1187 1621 τῇ
1237 1542 1436 1621 αὐτῇ,
1488 1561 1649 1625 quae
1696 1547 1864 1606 recte
1911 1539 1988 1605 de
2038 1540 2255 1605 ordine
2301 1538 2572 1604 militari
2617 1537 2939 1605 intellexit

555 1650 890 1725 Reiskius‚
963 1647 1189 1713 deinde
1257 1649 1294 1732 ξ
1346 1646 1427 1711 19
1498 1645 1645 1711 ὅπου
1715 1647 1843 1727 γὰρ
1915 1646 2018 1710 τὸν
2081 1648 2268 1712 αὐτὸν
2334 1645 2745 1724 ποιησάμενον
2808 1648 2940 1714 οὔτ’

553 1755 953 1822 ἀποθανόντα
1026 1754 1433 1837 ἀνείλετο,
1507 1754 1673 1839 quod
1745 1755 2015 1821 verbum
2082 1756 2407 1839 proprium
2474 1759 2570 1819 est
2633 1753 2710 1818 de
2771 1753 2941 1820 bello

552 1865 781 1940 caesis,
836 1881 1109 1946 quorum
1161 1860 1466 1927 cadavera
1512 1859 1863 1937 tolluntur,
1914 1860 2170 1925 tandem
2220 1859 2367 1944 §26
2416 1863 2560 1940 πρὸς
2599 1858 2663 1924 δὲ
2705 1862 2940 1933 τούτοις

555 1971 628 2039 ὥς
681 1969 985 2050 Χαριάδης
1036 1967 1234 2032 οὑτοσὶ
1281 1967 1561 2045 οὐδαμῶς
1613 1966 1740 2031 οὔτ’
1788 1964 2008 2031 ἐνθάδε
2056 1964 2185 2031 οὔτ’
2234 1966 2362 2030 ἐπὶ
2405 1968 2939 2046 ςρατεύματι

552 2078 774 2157 ἐχρῆτο
824 2073 1204 2156 Νικοςράτῳ.

647 2181 989 2266 Aliquanto
1054 2200 1205 2267 ergo
1267 2179 1656 2264 probabilius*
1722 2180 1919 2246 statui
1982 2199 2166 2266 posse
2226 2180 2393 2244 mihi
2438 2179 2695 2246 videtur
2739 2180 2943 2246 latere

551 2288 671 2352 sub
738 2287 1081 2371 depravata
1143 2288 1454 2370 scriptura
1514 2306 1742 2351 nomen
1786 2286 2003 2371 oppidi
2052 2285 2325 2351 alicuius
2370 2287 2482 2351 siti
2528 2288 2593 2349 in
2643 2289 2939 2375 regione,

550 2394 664 2457 ubi
733 2392 1153 2458 Athenienses
1215 2411 1352 2455 rem
1416 2412 1635 2478 gerere
1696 2392 2014 2469 solebant,
2080 2414 2138 2458 v.
2171 2413 2224 2457 c.
2272 2394 2339 2455 in
2387 2389 2676 2456 Thracia.
2772 2391 2945 2471 Qua-

551 2504 805 2584 propter
882 2499 1090 2562 nescio
1163 2517 1243 2561 an
1317 2500 1553 2562 rectius
1625 2500 2023 2583 suspicemur
2094 2518 2312 2563 veram
2389 2497 2726 2563 lectionem
2803 2518 2945 2564 esse

554 2611 941 2679 ΕΞΑΙΟΗΟ,
1022 2605 1068 2668 i.
1096 2623 1149 2668 e.
1223 2600 1293 2678 ἐξ
1360 2602 1574 2676 Aiane.
1640 2601 1738 2668 Of.
1803 2602 2023 2690 Steph.
2091 2602 2251 2690 Byz.
2316 2624 2367 2667 s.
2430 2625 2488 2668 v.
2560 2598 2726 2668 Αἶσα
2791 2603 2945 2688 (hoc

549 2713 837 2796 spiritu),
901 2708 1077 2780 πόλις
1144 2708 1392 2792 Θρᾴκης
1456 2710 1762 2788 προσεχὴς
1816 2719 1893 2791 τῇ
1943 2709 2264 2788 Παλλήνη.
2357 2707 2479 2773 Sed
2527 2708 2941 2774 scribendum

548 2837 681 2882 esse
727 2815 848 2881 hoc
892 2835 1119 2880 nomen
1166 2835 1277 2899 per
1321 2816 1620 2899 spiritum
1669 2836 1961 2900 asperum
2005 2815 2229 2880 docent
2268 2814 2651 2902 logistarum
2678 2814 2945 2881 tabulae

547 2921 646 3008 (C.
699 2922 746 2987 I.
798 2925 875 2987 A.
925 2921 977 2999 Ι,
1030 2922 1162 2985 243
1208 2942 1357 3009 pag.
1408 2921 1585 3005 125),
1637 2923 1750 2987 ubi
1796 2928 2129 2987 exaratum
2178 2929 2272 2986 est
2322 2929 2602 2986 HAICA.

643 3030 679 3113 ξ
728 3027 771 3093 8
832 3029 935 3092 καὶ
987 3029 1170 3092 ταῦτ’
1218 3030 1326 3093 οὐκ
1372 3027 1886 3104 ἐπιδεδημηκότας
1933 3031 2041 3091 τοῦ
2093 3027 2473 3106 Νικοςράτου
2526 3022 2736 3091 ἕνδεκα
2788 3027 2944 3092 ἑτῶν

554 3131 933 3220 [’Λ3ήνησι].
999 3134 1251 3199 Nomen
1309 3136 1636 3219 proprium
1699 3133 1763 3199 h.
1829 3133 1873 3198 1.
1934 3133 2100 3198 male
2161 3133 2477 3209 abundat,
2542 3154 2657 3198 nec
2720 3135 2946 3199 minus

546 3241 713 3306 mihi
783 3246 1145 3325 suspectum
1218 3246 1313 3304 est
1381 3239 1758 3306 adverbium
1825 3239 1950 3304 loci
2012 3238 2179 3304 infra
2240 3240 2275 3323 ᾗ
2322 3236 2409 3302 28
2471 3238 2537 3302 in
2599 3240 2810 3305 verbis
2861 3242 2943 3312 ὥς

549 3347 841 3423 ἐπεδήμει
894 3343 1199 3432 [ἐνθάδε]
1251 3345 1347 3411 of.
1389 3347 1456 3411 in
1497 3345 1796 3431 plurimis
1834 3346 1992 3411 locis
2029 3344 2132 3410 IX
2181 3342 2221 3408 3
2269 3346 2369 3429 §5
2417 3344 2519 3428 §7
2567 3344 2712 3429 §11
2756 3345 2938 3429 521,

548 3452 730 3519 Dem.
780 3451 1050 3516 XLVIII
1096 3450 1243 3536 §20
1291 3453 1431 3538 (ubi
1478 3453 1683 3517 obiter
1724 3457 2171 3539 expungantur
2210 3452 2403 3517 verba
2442 3450 2509 3513 ἐκ
2548 3451 2782 3523 ταύτης
2823 3458 2939 3523 τῆς

549 3559 931 3643 ἀποδημίας)
978 3563 1042 3622 et
1087 3559 1123 3642 ᾖ
1169 3555 1273 3622 28.

640 3668 677 3750 ξ
730 3664 812 3729 10
871 3668 1052 3730 τοῦτο
1111 3666 1163 3730 δ’
1229 3660 1310 3738 ἦν
1370 3666 1538 3746 αὐτῷ
1585 3667 1662 3738 ὥς
1713 3666 1745 3740 ἢ
1795 3671 1912 3730 τῶν
1958 3665 2301 3747 χρημάτων
2347 3647 2851 3744 κληρονομήσοντι
2904 3667 2940 3743 ἢ

551 3774 621 3839 τὸ
685 3772 922 3837 παιδίον
983 3775 1132 3837 ἀςὸν
1191 3775 1512 3847 ποιήσοντι.
1614 3771 1973 3837 Sententia:
2023 3774 2130 3836 hoc
2177 3793 2245 3836 ea
2292 3778 2480 3835 mente
2506 3772 2819 3856 faciebat,
2872 3779 2945 3835 ut

548 3891 688 3946 cett.
779 3878 955 3944 Num
1023 3899 1174 3944 vero
1231 3879 1351 3944 hoc
1415 3878 1536 3943 isto
1599 3878 1790 3943 modo
1856 3876 2095 3945 Graece
2157 3877 2283 3942 dici
2343 3873 2598 3961 potuit?
2644 3876 2941 3942 Multum

550 3988 790 4054 dubito.
887 3983 1198 4069 Expectes
1245 3984 1373 4050 fere
1419 3989 1596 4049 τοῦτο
1645 3985 1697 4048 δ’
1745 3986 2220 4057 ἐπενενόητο
2269 3984 2436 4063 αὐτῷ
2489 3983 2619 4047 κτὲ.

641 4097 677 4181 ξ
724 4091 812 4158 28
877 4097 1106 4171 πρῶτον
1167 4089 1281 4168 μὲν
1329 4092 1412 4163 εἰς
1463 4091 1532 4155 τὸ
1584 4090 1985 4170 δεσμωτήριον
2030 4092 2107 4162 ὡς
2157 4089 2430 4164 κλέπτης
2479 4089 2556 4153 ὢν
2603 4089 2702 4153 ἐπ’
2749 4090 2938 4154 αὖτο-

547 4203 725 4283 Φώρῳ
798 4194 1115 4278 ἀπήχθη,
1191 4195 1332 4260 τότε
1404 4196 1457 4260 δ’
1529 4193 1803 4276 ἀφεθεὶς
1868 4193 2018 4273 μεθ’
2082 4194 2291 4275 ἑτέρων
2354 4200 2524 4260 τινῶν
2592 4194 2736 4257 ὑπὸ
2785 4200 2942 4258 τῶν

549 4306 872 4390 ἕνδεκα,
943 4299 1039 4377 οὓς
1104 4303 1367 4387 δημοσία
1431 4300 1724 4374 ἅπαντας
1789 4304 1965 4380 ὑμεῖς
2027 4302 2475 4385 ἀπεκτείνατε,
2533 4301 2726 4364 πάλιν
2774 4302 2939 4365 ἀπο·-

550 4416 820 4500 γροιφεὶς
885 4413 1012 4478 κτὲ.
1087 4410 1416 4478 Vocabula
1478 4412 1591 4475 ὑπὸ
1653 4418 1771 4474 τῶν
1831 4408 2043 4475 ἕνδεκα
2106 4409 2300 4474 deleri
2360 4411 2547 4473 iussit
2605 4407 2935 4482 Numerus,
