3192 5017
408 183 449 250 6
1419 194 1780 250 nummus.

865 377 992 444 πῶς
1041 366 1083 433 ὦ
1130 370 1371 450 μέγιςα
1420 371 1668 447 πήματ’
1718 366 2177 449 ἐξειργασμένοι
2203 418 2218 444 ,

871 477 1166 556 μολόντες
1216 478 1380 554 ὑμᾶς
1433 476 1742 553 πολεμίων
1792 474 2176 541 κατάσκοποι

865 582 1156 659 λήθουσιν
1207 585 1517 665 αἰσχρῶς,
1564 582 1671 647 κα)
1723 582 2112 663 κατεσφάγη
2160 584 2421 664 ςρατός,

860 688 1034 755 κοῦτ’
1084 688 1381 763 εἰσιόντας
1429 686 1760 769 στρατόπεδ’
1808 689 2297 769 ἐξαπώσατε

870 797 998 862 οὔτ’
1048 793 1367 875 ἕξιόντας;

413 903 866 971 Debueruntne
934 901 1348 987 I'rojanorum
1410 900 1702 965 custodes
1765 900 2085 978 ἕξαπῶσαι
2148 901 2574 987 speculatores
2623 897 2808 975 ἐξιόν-

416 1007 580 1083 ταςῖ
649 1008 833 1075 Nihil
906 1028 1055 1073 sane
1124 1007 1374 1072 facilius
1442 1007 1568 1071 fuit
1631 1007 1830 1071 simul
1891 1014 1955 1072 et
2016 1007 2335 1073 inutilius.
2432 1006 2557 1073 Sed
2619 1027 2805 1073 nemo

419 1119 643 1202 opinor
705 1135 959 1181 mecum
1023 1114 1341 1179 recusabit
1413 1113 1779 1178 rescribere:
1862 1111 2357 1188 ἐξηπύσατε.
2452 1113 2621 1193 Quid
2686 1114 2807 1180 hoc

419 1224 534 1300 sit,
607 1221 938 1288 ostendent
1007 1222 1270 1306 aurigae
1337 1220 1532 1286 verba
1591 1222 1660 1283 in
1722 1219 1841 1285 hac
1901 1221 2040 1304 ipsa
2102 1220 2427 1308 tragoedia
2492 1243 2588 1286 vs.
2640 1219 2806 1287 ¹776:

422 1329 634 1404 ἤπυσα
683 1328 735 1392 δ’
784 1329 993 1398 αὐτοῖς
1040 1328 1128 1402 μὴ
1178 1323 1573 1406 πελάζεσθαι
1630 1327 1832 1406 ςρατῷ
1880 1330 1944 1390 et
1988 1329 2057 1390 in
2102 1325 2333 1392 Bacch.
2388 1325 2557 1392 984:
2600 1328 2808 1408 μάτηρ

420 1472 506 1483 —-
570 1434 864 1511 μαινάσιν
936 1432 988 1496 δ’
1042 1431 1304 1496 άπύσει·
1374 1431 1467 1505 τίς
1535 1430 1633 1496 ὅδε
1684 1432 2045 1508 Καδμείωνς
2094 1431 2237 1499 Non
2283 1433 2485 1499 habeo
2534 1434 2811 1500 indicare

425 1540 599 1607 locos
661 1541 776 1604 ubi
854 1540 1276 1624 compositum
1351 1538 1645 1613 ἑξαπόειν
1712 1536 1987 1624 legitur,
2057 1538 2168 1603 sed
2237 1542 2435 1604 etiam
2506 1544 2815 1623 composi-

426 1651 565 1712 tum
641 1642 991 1721 ἕξαπωθεῖν
1051 1644 1130 1709 ab
1196 1641 1473 1708 Henrico
1535 1641 1856 1726 Stephano
1918 1645 2085 1708 inter
2146 1645 2230 1708 τά
2298 1642 2482 1722 ἅπαξ
2527 1645 2810 1723 εἰρημένα

430 1753 718 1818 refertur.
768 1752 1104 1817 Praeterea
1148 1752 1448 1816 novimus
1493 1749 1661 1834 apud
1712 1751 1989 1836 tragicos
2032 1756 2248 1834 poetas
2284 1754 2811 1836 praepositionem

424 1867 533 1924 ΕΚ
584 1861 651 1925 in
703 1858 1069 1943 compositis
1117 1856 1327 1923 verbis
1371 1857 1740 1941 saepissime
1789 1853 2125 1921 abundare.

519 2250 826 2336 Sequitur
870 2248 1149 2317 Alcestis
1196 2249 1446 2329 fabula,
1493 2254 1560 2316 in
1610 2272 1735 2336 qua
1781 2251 2056 2317 offendor
2103 2273 2177 2317 vs
2227 2252 2350 2317 83:

1057 2359 1366 2431 ’Άλκης-ις
1416 2357 1546 2433 ἐμοὶ
1597 2358 1804 2421 πασί
1850 2359 1909 2421 τ’
1961 2358 2137 2438 άρίςη

1065 2459 1302 2538 δόξασα
1349 2464 1505 2540 γυνη

1069 2566 1247 2633 πόσιν
1292 2569 1375 2640 εἰς
1425 2570 1618 2642 αὐτῆς
1671 2567 2084 2648 γεγενῆσθαι.

432 2675 598 2744 Cum
661 2676 764 2739 his
824 2676 1210 2739 conveniunt
1270 2675 1498 2741 famuli
1549 2675 1744 2740 verba
1794 2698 1885 2742 vs.
1941 2675 2108 2743 769:
2160 2669 2194 2751 ἣ
2246 2678 2366 2754 ’μοὶ
2418 2681 2581 2744 πᾶσί
2625 2680 2686 2744 τ’
2736 2682 2818 2745 οἰ-

431 2784 704 2848 κέταισιν
752 2774 819 2854 ἦν
866 2780 1102 2863 μήτηρ,
1152 2781 1260 2846 sed
1311 2780 1461 2845 dum
1513 2780 1639 2846 duo
1689 2781 1931 2847 faciunt
1980 2783 2182 2859 idem,
2234 2804 2356 2849 non
2405 2792 2500 2849 est
2539 2785 2712 2850 idem
2759 2793 2824 2851 et

432 2888 716 2956 famulus
785 2893 951 2952 recte
1020 2887 1190 2951 dicet
1262 2886 1454 2952 fuisse
1525 2886 1854 2952 dominam
1920 2888 2042 2953 sibi
2104 2893 2456 2975 ceterisque
2523 2892 2819 2957 omnibus

437 2996 871 3069 carissimam,
922 2990 1029 3056 sed
1074 2990 1245 3055 idem
1293 2990 1573 3057 Chorum
1626 2992 1798 3057 haud
1847 2996 2002 3058 satis
2042 2995 2255 3078 decet,
2300 3017 2499 3080 quum
2544 2999 2823 3063 universi

436 3099 660 3187 populi
721 3116 1051 3182 personam
1114 3098 1443 3161 sustineat.
1539 3096 1753 3163 Multo
1817 3097 2174 3185 elegantius
2237 3102 2620 3167 scribemus:
2664 3103 2826 3166 Ἄλ-

442 3224 613 3279 κηςις
664 3203 796 3281 ἐμοὶ
847 3211 1187 3268 πλεῒςον
1234 3202 1412 3281 άρίςη
1462 3201 1698 3278 δόξασα
1747 3205 1920 3282 γυνή.
1975 3204 2078 3270 Sic
2125 3206 2369 3294 legitur
2415 3211 2480 3273 in
2530 3208 2648 3274 hac
2689 3213 2826 3296 ipsa

440 3311 671 3378 fabula·
720 3330 815 3376 vs.
882 3307 1043 3376 790:
1115 3306 1224 3380 τὴν
1288 3317 1538 3376 πλεῖς-ον
1588 3309 1796 3384 ἥδίςην
1843 3308 1999 3374 θεῶν
2052 3311 2279 3392 Κύπριν
2327 3314 2652 3392 βροτοῖσιν.
2748 3316 2820 3380 In

444 3417 719 3483 Philoot.
772 3414 932 3479 631:
1003 3415 1112 3487 την
1163 3422 1413 3482 πλεῖς-ον
1462 3416 1713 3495 ἑχθίςης
1761 3417 1893 3492 ἐμοὶ
1947 3454 2031 3467 --
2079 3418 2345 3501 ἕχίδνης.
2440 3421 2518 3486 In
2567 3423 2823 3491 Heracl.

444 3522 611 3590 792:
683 3522 859 3602 ζῶσιν
918 3519 1176 3597 myas-du
1241 3521 1308 3595 γ’
1372 3520 1647 3592 εὐκλεεῖς
1708 3523 1879 3586 κατα
1948 3525 2193 3601 ςρατόν.
2289 3526 2529 3599 Iterum
2599 3529 2822 3594 eadem

442 3629 680 3696 locutio
725 3628 984 3712 periisse
1030 3624 1191 3689 mihi
1242 3624 1495 3690 videtur
1542 3625 1794 3692 Heracl.
1852 3627 1915 3704 8,
1966 3629 2078 3694 ubi
2126 3630 2339 3698 Iolaus
2384 3632 2733 3719 gloriatur:

992 3732 1122 3810 ἐξὸν
1169 3734 1312 3795 κατ’
1353 3731 1587 3812 Ἀργος
1639 3732 1855 3814 ἡσύχῳ
1904 3736 2129 3814 ναίειν,
2180 3738 2373 3804 πόνων

986 3837 1351 3905 πλείστων
1396 3839 1711 3920 μετέσχον
1759 3834 1845 3912 εἷς
1896 3842 2043 3915 inire
2090 3845 2446 3924 Ἡρακλέει.

444 3950 709 4033 Cot-rige
771 3950 1150 4021 πλεῖς-ον,
1208 3943 1271 4007 h.
1300 3965 1353 4009 e.
1403 3966 1591 4012 nemo
1639 3945 1905 4012 Herculi
1954 3946 2268 4015 laboranti
2314 3955 2566 4037 saepius
2611 3952 2819 4020 adfuit

439 4076 629 4141 quam
696 4051 930 4117 Iolaus.
996 4050 1206 4115 Lubet
1268 4053 1590 4116 occasione
1658 4051 1805 4117 data
1851 4054 2258 4120 simillimam
2305 4064 2522 4123 notare
2570 4078 2829 4144 corrup·

440 4161 633 4226 telam
684 4162 749 4223 in
806 4156 1251 4223 Demosthenis
1298 4155 1588 4222 Midiana
1638 4158 1674 4241 ξ
1723 4158 1890 4225 174:
1940 4162 2042 4224 καὶ
2093 4160 2236 4227 τότε
2281 4164 2514 4237 ἧττὲὶτο
2564 4165 2829 4231 πλέων

436 4274 552 4337 τῶν
600 4267 903 4332 ἰδιωτικῶν
950 4265 1194 4345 τριήρων
1240 4265 1427 4338 μιέἑς·
1479 4258 1665 4335 οὕτως
1716 4259 1783 4329 εὖ
1831 4266 1939 4342 την
1987 4267 2152 4346 ἱερὰν
2191 4271 2392 4350 τριήρη
2436 4274 2822 4352 παρεσκευά·
