3192 5017
469 283 600 353 372
1447 299 1871 355 neronum.

560 483 978 540 Διαιτεῖντ
1028 475 1394 556 διατρέχειν.

559 580 741 645 Vitio
787 587 1009 646 natum
1058 603 1133 646 cx
1183 590 1641 647 ΔΙΑῙΤΤΕΙΝ
1690 582 1984 666 διᾴττειν.
2035 581 2241 646 Infra:

1336 690 1769 772 Διᾴττειντ
1821 691 2033 768 ὁρμᾶν.

566 901 1241 982 Διακεχλοιδώςε
1290 901 1566 981 διαρρέων
1616 902 1731 966 ὑπὸ
1777 908 2034 981 τρυφῆς.

559 1007 718 1095 Leg.
783 1009 1222 1089 διακεχλῐδώς.
1284 1031 1360 1073 ex
1426 1008 1736 1094 Archippi
1784 1008 1920 1073 loco
1973 1010 2062 1090 (in
2114 1007 2444 1072 Plutarchi
2496 1011 2627 1073 vita
2674 1007 2850 1072 Alci-

468 1115 676 1180 biadis
728 1136 861 1199 cap.
917 1116 976 1200 Ι)
1026 1119 1136 1201 qui
1184 1118 1276 1180 sic
1324 1115 1803 1179 constituendus
1850 1135 1983 1179 essa
2030 1114 2317 1179 videtur:

1905 1221 2308 1301 διακεχλιδῶς

1009 1323 1183 1399 οὗτος
1233 1325 1476 1407 βαδίζει
1526 1326 1834 1402 θοιμάτιον
1884 1325 2073 1391 ἕλκων
2121 1323 2279 1396 ὅπως

1012 1436 1440 1513 προσεμφερὴς
1489 1435 1739 1509 μάλιςα
1789 1430 1946 1508 δόξει
1994 1434 2079 1514 τῷ
2130 1432 2315 1512 πατρὶ

1011 1540 1595 1618 κλασαυχενεύεταί
1646 1564 1713 1603 τε
1767 1540 1870 1603 καὶ
1922 1537 2337 1619 τραυλίζεται.

560 1641 715 1710 Post
763 1665 964 1729 pauca
1010 1645 1342 1710 emendate
1387 1647 1695 1730 scriptum
1747 1652 1874 1711 est:

1108 1751 1820 1831 Διακεχλιδέναιτ
1866 1751 2255 1831 θρύπτεσθαι.

563 1977 615 2030 Δ
638 1991 654 2030 ι
675 1991 717 2030 α
735 1991 771 2030 κ
789 1989 851 2030 οι
873 1989 901 2028 ν
920 1961 961 2027 ὦ
978 1989 1006 2028 ν
1028 1990 1061 2037 n
1079 1987 1117 2027 σ
1137 1986 1165 2027 ο
1183 1988 1211 2027 ν
1230 1987 1242 2027 :
1292 1962 1709 2035 διασείσθήτον
1759 1962 1818 2025 ἐν
1866 1972 1941 2041 τῇ
1990 1962 2223 2045 πορείᾳ.

560 2072 718 2159 Leg.
789 2077 1481 2136 ΔιακΩΔΩΝΙΕΟΝΞ
1547 2069 1909 2133 διάσεισΟΝ
1969 2069 2070 2133 τὸν
2133 2071 2583 2152 (ΚΩΔΩΝΑ)
2649 2069 2709 2132 ἐν
2773 2079 2852 2148 τῇ

472 2178 706 2260 πορείᾳ.

563 2281 665 2349 Of.
723 2304 787 2348 v.
857 2282 1364 2347 Κωδωνίσαιτ
1417 2320 1497 2330 -
1548 2282 1674 2345 ἀπὸ
1739 2288 1855 2345 τῶν
1899 2280 2238 2361 φυλάκων,
2289 2273 2342 2346 οἳ
2387 2280 2525 2352 τοὺς
2573 2280 2850 2353 κώδωνας

473 2389 763 2470 ἐκρότουν.
817 2395 880 2453 et
925 2410 988 2454 v.

559 2494 1191 2575 Κωδωνοφορῶνε
1242 2495 1294 2559 οἱ
1343 2495 1805 2575 περιπολοέρχαι
1858 2532 1938 2542 -
1990 2494 2230 2559 κώδωνα
2280 2493 2542 2559 διέσειον.

558 2713 992 2773 Διεσοῦτοε
1043 2707 1344 2789 διήρχετο.

466 2822 530 2882 et
575 2822 718 2902 post
766 2835 1001 2900 pauca:

1290 2919 1694 2984 Διεσσεύετοτ
1743 2920 2044 3001 διήρχετο.

557 3028 786 3093 Nescio
835 3028 987 3113 quid
1036 3027 1112 3092 de
1159 3026 1365 3092 forma
1403 3024 1633 3091 Dorica
1673 3031 1993 3092 somniant
2032 3027 2414 3113 Interprctcs
2453 3034 2516 3093 et
2559 3029 2635 3094 dc
2659 3027 2855 3094 verbo

467 3136 583 3201 σόω
616 3160 687 3194 =
715 3133 893 3199 σεύω.
963 3131 1360 3198 Ludificatur
1424 3152 1530 3197 coc
1575 3136 1925 3217 scripturae
1972 3134 2229 3199 vitium.
2324 3134 2674 3220 Utrobique
2721 3156 2856 3200 cor·

465 3242 810 3329 rig-endum
862 3239 1152 3305 διέσευτο
1202 3260 1279 3305 ex
1327 3237 1516 3305 Iliad.
1571 3249 1614 3301 B
1664 3237 1831 3304 450:

1249 3344 1523 3409 διέσσυτο
1571 3346 1721 3409 λαὸν
1772 3343 2074 3426 Ἀχαιῶν.

560 3453 800 3519 Eadem
849 3453 1063 3540 glossa
1111 3452 1442 3518 emendate
1491 3454 1727 3536 scripta
1774 3451 1881 3516 scd
1928 3451 2063 3517 loco
2109 3474 2222 3517 suo
2271 3459 2441 3519 mota
2479 3459 2620 3538 post
2662 3452 2855 3530 διεςή·

475 3582 630 3623 σατο
678 3558 954 3645 legitur:

1202 3675 1256 3728 Δ
1282 3689 1298 3728 ι
1319 3663 1347 3727 ἐ
1365 3687 1403 3727 σ
1419 3688 1458 3728 σ
1477 3688 1509 3727 υ
1527 3688 1567 3727 τ
1584 3687 1613 3728 ο
1633 3686 1649 3728 :
1700 3661 2093 3744 διεπορεύετο.

560 3874 997 3940 Δυσάνιονε
1055 3910 1138 3922 -
1189 3871 1533 3953 δυσάρεςον.
1582 3874 1652 3937 τὸ
1700 3873 1759 3937 δὲ
1809 3875 2075 3937 ἐναντίον
2123 3875 2417 3948 ἈΝήνιον
2464 3872 2769 3950 λέγουσιν.

561 3980 696 4046 Imo
743 4000 893 4046 vcro
941 3979 1258 4054 εὐήνιον
1307 3978 1610 4056 λέγουσιν.

459 4183 466 4190 ’
561 4191 986 4257 Δυσκλέαε
1035 4190 1264 4276 ἄδοξα,
1312 4191 1637 4272 κακόδοξα.

562 4299 718 4384 Leg.
771 4296 1082 4374 ἄδοξΟΝ,
1133 4296 1553 4376 κακόδοξΟΝ,
1605 4320 1680 4363 ex
1727 4298 1901 4364 Iliad.
1959 4311 2000 4363 Β
2060 4300 2218 4365 115:

928 4404 1038 4468 καί
1084 4415 1188 4484 με’
1218 4404 1454 4469 κελεύει
1507 4404 1806 4469 Δυσκλέα
1847 4405 2078 4487 ’Ἄργος
2131 4405 2383 4471 ἱκέσθαι.
