3192 5017
1330 341 1666 392 nummus.
2556 323 2690 392 249

396 512 491 579 Ib.
541 513 582 577 4
626 535 677 580 c.
741 513 802 578 1.
865 513 942 579 σὺ
1002 514 1065 579 δὲ
1113 511 1373 586 ἀλλος
1421 513 1530 589 ἥδη
1578 512 2015 596 ἀναπέφηνας.
2063 512 2299 581 Malim
2343 514 2689 588 ἀλλοῖος

306 623 372 685 et
413 640 467 684 c.
519 618 559 684 3
606 639 719 704 pro
763 621 952 698 μηδὲν
997 620 1374 687 ἐπιπόθει
1422 620 1610 699 μηδὲν
1659 618 1783 687 ἔτι
1832 618 2084 687 πόθει.
2127 626 2193 687 et
2238 641 2290 686 c.
2335 620 2379 685 4
2422 639 2535 707 pro
2586 618 2690 685 διὰ

305 729 517 810 τοῦτο,
563 724 638 791 δι’
683 726 838 792 αὐτὸ
884 730 1083 794 τοῦτο.

396 831 487 896 lb.
542 831 605 898 5.
654 855 710 899 c.
764 834 824 899 1.
897 832 1050 900 Post
1109 832 1507 899 ἀλυπότατον
1565 836 1771 900 insere
1827 831 1888 899 όν
1951 839 2017 900 et
2060 855 2116 900 o.
2168 831 2212 900 2
2257 854 2372 920 pro
2434 839 2654 898 πιεῖν
2676 854 2691 870 ·

309 937 438 1004 bri
496 941 762 1006 restitue
811 948 1068 1006 πιεῖν·
1117 940 1402 1007 ἐνίοτε.

402 1044 652 1127 1)ίαῖοῴ
710 1056 1073 1112 mortuorum
1137 1045 1180 1110 2
1240 1048 1384 1113 init.
1447 1043 1605 1112 ὥστε
1654 1046 1689 1121 ἢ
1737 1046 1958 1111 ἐκεῖνόν
2007 1070 2108 1112 ποι
2157 1045 2693 1122 κατάστησον

312 1151 347 1226 ἢ
413 1153 646 1229 ήμεῖς
710 1153 1309 1231 μετοικήσομεν
1359 1154 1418 1224 ἐς
1469 1149 1667 1235 ἕτερον
1716 1153 1925 1219 τόπον.
2023 1152 2220 1220 Recte
2266 1156 2396 1220 iam
2444 1152 2691 1217 κατά·-

311 1280 607 1332 στησον
674 1259 742 1325 in
810 1259 1338 1337 μετάστησον
1406 1258 1696 1326 refictum
1766 1267 1899 1335 est;
1969 1259 2080 1326 sed
2141 1264 2466 1345 praeterea
2528 1258 2693 1324 mihi

311 1363 717 1432 scribendum
776 1365 1033 1432 videtur
1089 1366 1123 1441 ἢ
1172 1368 1387 1444 ἡμᾶς
1436 1366 1924 1445 μετοίκισον
1969 1363 2030 1439 ἐς
2077 1362 2274 1446 ἕτερον
2321 1364 2525 1431 τόπον.
2621 1361 2691 1430 Si

312 1471 437 1557 ipsi
496 1491 609 1556 per
653 1491 720 1537 se
765 1470 965 1537 alium
1013 1470 1228 1539 locum
1276 1491 1497 1558 capere
1543 1477 1835 1559 poterant
1853 1519 1871 1555 ,
1913 1472 2065 1558 quid
2113 1471 2425 1538 attinebat
2471 1469 2695 1536 Pluto-

312 1596 461 1643 nem
504 1574 723 1643 adire?

404 1682 503 1748 Ib.
551 1682 617 1749 4.
670 1704 724 1749 e.
780 1685 840 1749 1.
885 1684 1152 1750 ταῦτά
1201 1685 1384 1751 ἐστιν.
1471 1683 1626 1751 Loci
1672 1688 1835 1750 ratio
1881 1685 2162 1770 postulat
2208 1682 2606 1750 τοσαῢτά.

405 1787 495 1854 Ib.
551 1790 613 1856 5.
661 1812 697 1856 o
746 1790 809 1857 2.
875 1801 1176 1870 γελοῖα
1238 1791 1592 1865 πείσονται,
1657 1797 1986 1871 πανοῦργοι
2045 1789 2231 1863 ὄντες.
2298 1799 2522 1870 γελοῖα
2586 1792 2697 1856 vix

316 1901 540 1980 aptum
602 1896 888 1974 videtum
955 1899 1385 1983 expectaveris
1447 1897 1661 1963 δίκαια
1720 1898 1824 1964 vel
1873 1897 2088 1963 simile
2134 1897 2308 1982 quid.
2401 1895 2571 1962 Vide
2617 1916 2696 1962 an

316 2001 637 2068 Lucienus
682 2001 1069 2069 Mercurium
1118 2023 1268 2089 prae
1313 2002 1551 2092 gaudio
1600 2003 2059 2069 exclamantem
2101 2003 2322 2069 fecerit
2358 1999 2426 2069 εὖ
2470 2026 2574 2081 γε,
2600 1996 2700 2067 οἶα

317 2110 635 2175 πείσονται
656 2159 673 2184 ,
723 2111 837 2176 ubi
880 2104 977 2175 οἶα
1023 2110 1359 2177 notissimo
1403 2130 1525 2175 usu
1572 2130 1688 2197 pro
1734 2107 1829 2176 ὅτι
1876 2114 2139 2175 τοιαῦτα
2188 2109 2650 2195 accipiendum.

408 2213 502 2281 Ib.
551 2215 660 2281 24.
709 2236 763 2282 c.
818 2219 874 2281 1.
924 2213 1128 2282 ἵππων
1174 2217 1276 2282 καὶ
1326 2215 1547 2297 ἀνδρῶν
1596 2218 1658 2290 ἐς
1706 2216 1776 2282 τὸ
1816 2216 2268 2297 ἀκριβέστατον
2313 2213 2699 2293 εἶκασμέ·

318 2345 447 2387 νων.
540 2322 981 2390 Necessarium
1044 2324 1299 2391 videtur
1356 2323 1812 2402 ἐνεικασμένων.
1884 2346 1940 2390 c.
1989 2321 2030 2389 3
2093 2344 2206 2410 pro
2260 2323 2532 2389 absurdo
2579 2322 2703 2402 ἐρεῖ

318 2427 465 2515 lege
509 2426 665 2509 ἔχει.

411 2535 704 2600 Piscator.
769 2558 825 2601 c.
881 2535 939 2601 3.
1003 2537 1116 2610 τὴν
1161 2542 1457 2614 γλῶτταν
1642 2586 1655 2602 .
1688 2584 1705 2601 .
1753 2536 2372 2615 ἀποτετμήσθω.
2471 2534 2697 2601 Malim

324 2641 864 2720 ἔκτετμήσθω.
1447 2646 1455 2655 ’

408 2745 505 2813 Ib.
551 2769 605 2813 c.
656 2746 718 2813 3.
768 2751 836 2814 in
882 2746 1005 2814 fine
1051 2747 1196 2837 lege
1244 2747 1461 2822 ἐκεῖνος
1515 2746 1747 2822 αὖθις
1792 2768 1905 2834 pro
1944 2747 2184 2821 αὐτός
2228 2754 2294 2815 et
2327 2769 2380 2815 c.
2426 2748 2466 2813 5
2508 2748 2700 2828 ὑπὲρ

321 2854 484 2931 ὑμῶν
550 2852 944 2929 πεπονηκότα
1005 2875 1121 2941 pro
1177 2878 1274 2919 πε
1289 2855 1354 2936 ρ)
1419 2856 1586 2934 ὑμῶν
1632 2862 1696 2922 et
1742 2876 1793 2921 c.
1852 2853 1936 2919 12
1984 2875 2098 2942 pro
2143 2856 2194 2921 εἰ
2245 2855 2414 2930 δοίη
2463 2877 2599 2939 τις,
2648 2856 2699 2921 εἰ

322 2959 580 3036 διδοίη
629 2982 743 3032 τις.

413 3068 510 3133 Ib.
578 3090 627 3134 c.
685 3066 792 3133 14.
861 3069 1452 3146 ἀγανακτικοί.
1522 3067 1710 3135 Hanc
1770 3069 2042 3134 formam
2108 3069 2446 3144 vitiosam,
2511 3087 2703 3153 quam

320 3173 701 3261 iampridem
748 3175 876 3240 viri
923 3173 1093 3239 docti
1140 3174 1531 3240 sustulerant
1577 3174 1747 3261 apud
1794 3173 2127 3240 Platonem
2172 3173 2330 3260 Rep.
2382 3172 2443 3238 X
2493 3171 2625 3238 604
2649 3173 2705 3240 E

323 3279 454 3345 605
503 3282 561 3346 A
629 3277 929 3347 Graeculi
990 3278 1272 3347 Luciauo
1334 3282 1679 3348 obtrusisse
1741 3281 2058 3348 videntur.
2153 3280 2230 3345 In
2292 3281 2532 3347 vicinia
2591 3300 2705 3365 pro

324 3387 578 3453 ἐπιὼν·
617 3388 678 3458 ἐς
735 3388 818 3451 τά
866 3386 1069 3461 πλήθη
1134 3407 1362 3473 repone
1408 3388 1734 3467 παριών.
1783 3393 1848 3453 et
1894 3408 1947 3452 c.
2002 3386 2086 3451 15
2136 3384 2376 3464 γόητας
2424 3384 2704 3467 ἀνθρώ·

322 3517 519 3566 πους
568 3513 682 3580 pro
728 3489 963 3571 γόητας
1013 3491 1333 3572 ἀνδρας.
2450 3552 2457 3560 .

411 3599 508 3665 lb.
557 3619 610 3665 c.
662 3596 769 3664 33.
816 3598 995 3664 ἀλλὰ
1041 3598 1147 3664 καὶ
1196 3597 1487 3676 ἥδοιντ’
1535 3595 1665 3684 ἀν,
1715 3595 1926 3679 οἶμαι,
1966 3599 2501 3679 μαστιγουμένων.
2553 3598 2706 3667 Sen-

324 3709 526 3773 tentia
569 3706 838 3790 requirit
884 3702 1241 3779 ἥδονται.

421 3813 722 3889 Gatapbus.
773 3832 827 3878 o.
874 3810 937 3876 2.
984 3806 1191 3889 οἶδας,
1244 3809 1389 3885 εἴτις
1439 3812 1742 3892 ἀσχολία.
1794 3812 1968 3902 Lege
2015 3815 2067 3880 εί
2116 3816 2204 3890 μή
2254 3838 2373 3887 τις.

416 3918 508 3985 lb.
559 3940 613 3984 c.
662 3917 721 3983 8.
774 3917 840 3981 τί
883 3918 936 3983 δ’
984 3917 1152 3983 ἔστιν
1198 3914 1266 3982 οὗ
1312 3916 1497 4000 χάριν
1546 3919 1996 3992 ἀφικέσθαι
2048 3919 2271 4001 offatm
2343 3919 2484 3986 Una
2530 3917 2705 3985 litte-

323 4025 466 4090 rula
512 4023 772 4108 dempta
815 4021 961 4111 lege
1008 4024 1442 4105 ἀφίεσθαι.

414 4129 509 4197 Ib.
558 4151 611 4195 c.
665 4130 770 4195 11.
817 4132 887 4195 τὸ
935 4129 1064 4210 γὰρ
1100 4129 1461 4195 τελευταῖόν
1503 4154 1593 4196 σοι
1632 4139 1792 4196 πιεῖν
1830 4131 2155 4214 ἐνεχθὲν.
2203 4134 2304 4197 An
2344 4130 2704 4212 ἕγχυθένί

429 4236 487 4301 V
478 4260 613 4302 erae
654 4237 983 4301 Historiae.
1033 4236 1085 4301 Ι.
1130 4259 1181 4301 c.
1231 4235 1294 4304 7.
1345 4237 1747 4317 ἕφιστάμεθα
1787 4240 2052 4319 ποταμῷ
2094 4235 2241 4304 οἶνον
2281 4238 2465 4321 ῥέοντι
2505 4239 2707 4318 ὃμοι-

327 4346 568 4424 οτάτῳ
616 4339 856 4423 οἷόσπερ
898 4343 925 4406 ὅ
977 4343 1118 4415 Χῖός
1170 4345 1349 4409 ἐστιν.
1405 4343 1643 4424 Quidni
1694 4342 2194 4420 ὃμοιότατονῖ

418 4452 512 4516 lb.
576 4472 629 4514 o,
702 4450 802 4514 ll.
873 4451 1010 4522 νεὼς
1060 4453 1187 4529 γὰρ
1234 4451 1529 4528 μεγάλης
1580 4452 1858 4532 φορτίδος
1907 4453 2143 4517 ἱστοῦ
2190 4449 2541 4519 ἕκαστον
2590 4460 2705 4518 τῶν
