3192 5017
1163 298 1629 353 mnenon-rm.
1753 378 1758 386 ³
2466 274 2601 348 208

225 475 342 539 mis
398 473 721 543 codicibus
787 478 1231 560 comparentur
1248 523 1269 558 ,
1329 473 1517 560 plane
1566 474 1860 561 egregios
1906 478 1970 539 et
2015 470 2414 541 fidelissimos
2463 493 2598 539 esse

223 581 440 646 veteris
500 583 851 647 memoriae
910 582 1103 647 etiam
1164 582 1233 645 in
1292 580 1483 646 rebus
1543 580 1992 668 grammaticis
2039 583 2250 645 testes.
2345 577 2469 644 Sed
2517 599 2596 644 ne

223 691 307 751 est
362 687 626 771 quidem
685 686 803 754 illa
861 689 1227 773 inscriptio,
1292 692 1365 752 ut
1413 695 1564 753 tunc
1614 686 1959 773 putabam,
2008 687 2188 750 unica
2209 734 2225 764 ,
2276 684 2386 751 ubi
2437 681 2597 758 ὅπως

223 812 352 856 cum
418 794 825 861 coniunctivo
894 792 1139 860 Acristi
1209 793 1244 858 Ι
1310 793 1740 879 compositum
1805 792 2119 860 videmus.
2215 791 2364 857 Alia
2424 794 2597 857 enim

220 896 442 986 legitur
492 900 641 987 (sec.
693 899 786 966 111
832 921 885 967 a.
938 904 1021 983 c.)
1072 901 1139 965 in
1190 899 1469 968 Buccecin
1514 901 1587 964 do
1641 900 1802 964 Corr.
1854 899 2021 963 Heu.
2073 896 2136 963 V
2180 919 2243 984 p.
2287 894 2441 982 328,
2484 898 2600 965 ubi

220 1025 306 1069 vs.
367 1003 407 1070 6
470 1013 801 1073 exaratum
865 1015 997 1072 est:
1064 1010 1279 1071 πᾶσαν
1342 1004 1704 1085 ἐπιμέλειαν
1754 1005 2082 1081 ἐποιήσατο
2127 998 2329 1076 ὅπως
2381 1004 2595 1079 Δήλιοι

220 1113 717 1189 κομίσωνται
780 1113 867 1179 τὰ
915 1111 1146 1191 δάνεια,
1194 1134 1311 1179 nec
1358 1114 1487 1180 fere
1533 1112 1757 1181 dubito
1804 1113 1958 1199 quin
2003 1111 2218 1199 plures
2260 1109 2597 1196 aliquando

219 1220 622 1303 reperiantur.

296 1323 507 1392 Facile
571 1327 744 1393 hunc
803 1347 1049 1413 quoque
1101 1331 1333 1393 testem
1381 1325 1671 1393 destruas
1715 1323 2044 1391 inserendo
2087 1322 2165 1391 ἄν
2211 1329 2353 1411 post
2398 1320 2559 1397 ὅπως
2581 1373 2601 1408 ,

223 1431 314 1497 md
383 1432 714 1519 aliquanto
780 1454 886 1500 me
943 1433 1152 1499 iudice
1213 1434 1450 1499 rectius
1511 1433 1927 1518 quantumvis
1988 1433 2180 1498 inviti
2240 1435 2602 1498 statuemus

222 1557 335 1603 non
394 1543 577 1607 tanta
636 1542 975 1607 severitate
1023 1539 1440 1605 Athenienses
1486 1540 1869 1605 abstinuisse
1918 1539 1995 1604 ab
2042 1538 2271 1604 horum
2322 1539 2600 1605 Acristo-

220 1665 349 1709 rum
396 1647 824 1713 coniunctivis
870 1653 1012 1731 post
1058 1640 1248 1724 ὅπως,
1299 1650 1535 1731 quanta
1580 1643 1821 1712 Cobeto
1861 1644 2240 1711 abstinuisse
2281 1643 2597 1711 videntur.

217 1748 467 1839 Semper
515 1755 692 1820 enim
741 1755 833 1819 sic
877 1752 1075 1819 habui
1121 1752 1448 1819 traditioni
1496 1752 1747 1818 tamdiu
1799 1770 1935 1819 esse
1981 1753 2219 1818 criticis
2281 1750 2603 1835 obtempe-

217 1859 502 1938 randum,
569 1860 877 1946 quamdiu
934 1879 1059 1925 non
1110 1857 1309 1924 firmis
1358 1858 1759 1947 argumentis
1805 1857 2035 1924 falsam
2086 1878 2225 1924 eam
2273 1877 2408 1922 esse
2453 1876 2603 1922 con-

221 1967 460 2033 stiterit.
511 1966 651 2033 Nec
696 1966 907 2033 hercle
952 1967 1284 2051 φιλονικίᾳ,
1311 1965 1587 2052 quadam
1626 1964 1736 2031 sed
1776 1963 1909 2031 solo
1949 1967 2088 2031 veri
2121 1984 2336 2030 amore
2375 1963 2605 2029 ductus

222 2075 591 2139 sententiam
656 2072 780 2139 viri
828 2077 1005 2139 tanto
1053 2093 1157 2138 me
1204 2074 1545 2160 sagacioris
1591 2076 1656 2137 et
1703 2071 2069 2137 eruditioris
2117 2077 2379 2155 tamque
2426 2090 2603 2158 egre·

224 2179 317 2263 gie
373 2179 451 2245 de
508 2179 749 2246 litteris
794 2176 1055 2247 Graecis
1099 2181 1313 2246 meriti
1363 2200 1437 2245 ac
1483 2180 1784 2245 merentis
1826 2181 2159 2265 impugno.
2255 2175 2429 2242 Nam
2478 2195 2603 2262 quo

227 2286 411 2352 maior
456 2293 557 2354 est
605 2286 881 2353 alicuius
922 2289 992 2353 in
1029 2286 1249 2373 aliqua
1292 2285 1632 2372 disciplina
1675 2288 2050 2364 auctoritas,
2102 2306 2175 2352 eo
2224 2283 2603 2373 diligentius

230 2393 567 2478 cavendum
633 2402 729 2459 est
791 2414 871 2460 ne
928 2394 1150 2481 magni
1212 2395 1315 2458 sui
1378 2391 1655 2459 nominis
1715 2390 2044 2477 splendore
2102 2389 2263 2485 alios
2322 2392 2391 2457 in
2440 2410 2604 2457 erro-

229 2516 344 2563 rem
403 2500 713 2585 perducat
772 2500 1224 2586 imprudentes.
1316 2497 1446 2565 Hic
1508 2519 1679 2566 error
1738 2501 1793 2565 si
1855 2499 2016 2565 forte
2062 2519 2248 2565 meus
2292 2502 2388 2564 est
2410 2547 2426 2575 ,
2477 2517 2602 2565 non

228 2598 433 2671 Cobeti
450 2653 466 2683 ,
520 2605 684 2672 nihil
732 2606 1054 2673 ardentius
1102 2608 1474 2692 concupisco
1522 2626 1717 2692 quam
1767 2610 1841 2672 ut
1887 2606 2070 2672 novis
2119 2607 2324 2690 iisque
2383 2604 2604 2671 solidis

228 2714 613 2798 argumentis
654 2715 792 2779 eius
840 2714 1190 2780 convincar.

304 2815 458 2907 Pag.
534 2819 683 2897 113,
747 2840 884 2906 cap.
952 2819 1035 2885 lO
1098 2819 1201 2884 καὶ
1267 2816 1413 2898 ἅμα
1471 2818 1709 2898 οἰομένη
1768 2816 1960 2895 δεξιόν
2013 2818 2126 2905 (τι)
2177 2825 2367 2883 ποιεῖν
2417 2814 2604 2884 πλέον

232 2917 412 2990 δίδωσι
478 2928 563 3007 τῷ
628 2926 915 3007 Φιλονέῳ,
981 2928 1056 3000 ὥς
1080 2974 1097 3005 ,
1164 2926 1215 2991 εἱ
1278 2926 1401 3000 δοίη
1452 2925 1677 3009 πλέον,
1726 2929 1973 3004 μᾶλλον
2020 2923 2403 3006 Φιλησομένη
2456 2923 2604 3010 [ὑπὸ

231 3034 322 3094 τοῦ
381 3030 699 3118 madum}
796 3031 1101 3098 Deleatur
1160 3031 1462 3118 putidum
1526 3031 1845 3099 emblema
1858 3052 1876 3111 3
1928 3053 2076 3099 nam
2123 3034 2319 3117 stipes
2365 3033 2452 3097 sit
2493 3051 2607 3097 ne-

233 3154 383 3204 eesse
426 3149 528 3206 est
574 3139 684 3226 qui
733 3138 809 3205 de
855 3137 1020 3205 alius
1067 3160 1260 3225 quam
1307 3137 1603 3205 Philonei
1649 3160 1864 3205 amore
1909 3138 2015 3204 hic
2069 3138 2349 3226 cogitare
2387 3139 2606 3223 possit.

310 3241 465 3333 Pag.
537 3245 685 3324 114,
751 3265 887 3330 cap.
948 3243 1034 3310 25
1096 3244 1503 3311 chissimus
1563 3245 1770 3312 editor
1829 3243 2184 3322 Iernstedt,
2230 3246 2342 3329 qui
2388 3242 2608 3310 sedulo

236 3353 551 3418 restituere
609 3352 770 3419 solet
834 3351 1358 3440 orthographiam
1420 3358 1701 3421 veterem
1763 3352 2049 3418 Atticam
2069 3399 2088 3431 ,
2153 3372 2267 3438 pro
2314 3353 2605 3431 οἰκτεῖραι

238 3452 399 3524 edere
446 3458 751 3525 debuerat
796 3459 1167 3538 οἶκτῖρωι.
1213 3456 1355 3523 Vid.
1408 3458 1707 3543 lapidum
1750 3463 1962 3523 tectim.
2019 3478 2166 3547 pag.
2213 3457 2306 3524 60
2350 3480 2402 3525 s.
2453 3480 2517 3526 v.

316 3559 763 3635 'I'B'rmomas
802 3566 983 3649 pravi
1045 3572 1102 3629 et
1159 3564 1362 3629 vitiosi
1424 3565 1714 3629 acuminis
1758 3565 1980 3648 plenae
2039 3587 2161 3631 esso
2216 3566 2309 3632 ait
2370 3563 2574 3633 Cobet
2590 3610 2607 3643 ,

241 3671 387 3752 quod
455 3673 769 3738 iudicium
832 3670 1158 3757 aliquanto
1226 3672 1435 3738 verius
1495 3680 1592 3738 est
1655 3693 1732 3738 ex
1795 3692 1939 3737 mea
1986 3673 2249 3757 quidem
2301 3674 2611 3739 sententia

242 3794 414 3859 quam
460 3778 722 3856 Blassii,
772 3781 883 3865 qui
932 3780 1001 3843 in
1047 3776 1348 3866 diligenti
1392 3797 1576 3864 opere
1615 3778 1784 3864 quod
1822 3780 2194 3846 inscribitur
2228 3779 2327 3845 die
2348 3779 2614 3845 Attieche

244 3879 666 3951 Beredscmkeit
711 3907 823 3950 von
881 3884 1137 3965 Goryiae
1186 3889 1272 3949 bie
1314 3907 1390 3949 zu
1436 3886 1654 3971 Lysiae
1694 3885 2103 3953 vehementer
2143 3889 2299 3953 istas
2333 3888 2614 3953 oratiun-

244 3987 397 4057 culas
438 3992 808 4058 admiratur.
906 3990 1048 4057 Non
1097 3991 1357 4068 desunt,
1407 3997 1483 4057 ut
1527 3992 1833 4072 arbitror,
1885 3992 2124 4059 indicia
2169 3993 2237 4057 in
2282 4012 2570 4059 sermone
2596 4038 2613 4070 ‚

245 4113 350 4177 quo
407 4120 623 4165 eorum
674 4106 894 4165 auctor
940 4099 1149 4163 utitur
1169 4146 1185 4175 ,
1238 4097 1405 4163 unde
1452 4104 1751 4184 appareat
1798 4120 1903 4165 eas
1949 4118 2077 4164 non
2123 4097 2337 4165 seculo
2386 4100 2607 4183 quinto

245 4219 291 4263 a·
333 4201 654 4271 Christum
701 4226 738 4271 a
780 4224 1089 4294 germano
1134 4205 1437 4288 scriptore
1480 4203 1707 4270 Attico
1755 4204 1866 4271 sed
1913 4207 2067 4271 satis
2113 4207 2353 4271 recenti
2399 4210 2606 4272 aetate

247 4305 311 4371 ab
339 4309 591 4379 homine
634 4310 868 4398 (lonico
880 4307 1263 4399 ‘Osci-monis
1287 4310 1489 4377 Attici
1513 4332 1639 4376 non
1662 4312 2054 4396 peritissimo
2081 4330 2215 4377 esse
2232 4312 2609 4396 composita.

249 4408 375 4483 Huc
413 4418 610 4486 refero
652 4417 681 4483 I
720 4418 781 4496 l,
806 4417 851 4484 2
890 4415 1359 4498 ἐπεξερχόμενοι
1397 4417 1645 4485 dictum
1680 4437 1793 4505 pro
1835 4414 2200 4495 ἐπεξιόντες,
2242 4414 2276 4481 1
2299 4414 2364 4499 2,
2390 4414 2431 4483 2
2457 4422 2521 4484 et
2545 4415 2608 4498 3,
