3192 5017
629 264 762 331 410
1619 285 2017 335 nsnono'rus.

718 454 1020 521 Alterum
1084 457 1448 542 exemplum
1514 461 1771 543 praebet
1825 461 1999 523 locus
2069 455 2181 521 VI.
2253 455 2401 521 128.
2471 455 2824 524 Clisthenes
2869 478 2992 543 pre-

626 582 847 626 corum
914 559 1082 626 filiae
1129 583 1279 628 suae
1326 564 1695 648 explorabat
1742 564 1962 630 sedulo
2008 564 2344 650 ingenium
2394 569 2458 628 et
2506 584 2748 628 mores:
2793 563 2998 629 Beneu-

629 671 775 746 ρᾶτο
844 669 1041 732 αὐτῶν
1090 675 1199 741 τῆς
1250 694 1320 733 τε
1368 671 1780 749 ἀνδραγαθίης
1831 674 1933 735 καὶ
1986 677 2095 745 τῆς
2145 673 2326 748 ὃργῆς
2377 671 2478 734 καὶ
2531 671 2875 741 παιδεύσιος
2923 709 2994 720 -—

630 775 734 839 καὶ
785 775 844 845 ἐς
896 776 1220 852 γὺμνάσιοὶ
1269 800 1339 840 τε
1389 775 1717 854 ἐξαγινέων
1769 815 1850 825 -
1902 778 2003 841 καὶ
2058 778 2130 840 τό
2176 801 2254 854 γε
2302 779 2560 855 μέγιςον
2611 778 2670 840 ἐν
2716 786 2792 857 τῇ
2840 803 2997 842 συνε-

626 880 726 959 ςίῃ
775 880 1136 959 διεπειρᾶτο.
1228 883 1399 946 Audi
1448 905 1614 947 nunc
1662 883 2016 948 Steinium:
2067 888 2331 956 συνεςίηι
2380 893 2471 947 A:
2541 888 2815 964 „eumin
2862 885 3000 948 Bre-

627 988 870 1064 dovim,
921 998 1059 1069 τῇσι
1110 989 1368 1062 ἱςιήσεσι
1419 990 1491 1053 L.
1542 990 1839 1075 Dindorf‚
1888 991 2013 1072 ipse
2059 990 2359 1054 tentabam
2399 998 2476 1069 τῇ
2518 994 2813 1062 συνιςιῆσι
2855 991 2999 1055 ἐπει-

627 1092 832 1172 ρᾶτο.”
926 1092 1109 1158 Sardi
1173 1094 1459 1170 venales,
1530 1095 1697 1160 alius
1758 1095 1885 1160 alio
1947 1097 2228 1179 nequior.
2325 1094 2493 1174 Quid
2541 1104 2638 1160 est
2685 1098 2888 1183 igitur
2931 1097 2998 1162 ab

626 1200 952 1265 Herodoto
1016 1198 1373 1284 scriptum?
1466 1201 1535 1265 Id
1584 1183 1753 1286 quod
1800 1205 1984 1267 unice
2033 1222 2258 1267 verum
2310 1210 2374 1266 et
2419 1204 2487 1264 in
2537 1201 2852 1267 Vaticano
2893 1201 3002 1267 Co-

627 1307 765 1371 dice
836 1305 969 1371 solo
1043 1314 1363 1371 servatum
1440 1316 1568 1372 est:
1639 1310 1701 1371 ἐν
1776 1318 1853 1388 τῇ
1929 1316 2203 1375 <runs-01
2280 1312 2579 1391 (συνεςοῑ)
2647 1309 3001 1388 διεπειρᾶτο.

626 1411 956 1477 Dialectus
1004 1412 1214 1477 Ionica
1253 1419 1316 1477 et
1355 1420 1539 1478 vetus
1579 1416 1798 1479 Attica
1835 1415 2110 1480 habebat
2147 1434 2376 1479 nomen
2418 1415 2532 1482 ἐςώ
2573 1414 2640 1478 id
2682 1422 2780 1478 est
2811 1416 2998 1489 οὐσία,

626 1526 691 1582 et
751 1519 962 1585 ἀπεςώ
1028 1539 1139 1603 pro
1201 1521 1508 1596 ἀπουσία,
1576 1528 1640 1584 et
1701 1521 1886 1586 εὖεςώ
1933 1541 2044 1604 pro
2093 1521 2447 1596 εὐδαιμονία
2497 1530 2562 1584 et
2607 1523 2850 1588 κακεςώ
2896 1542 2998 1607 pro

625 1624 898 1704 δυςυχία
948 1632 1011 1690 et
1057 1627 1273 1692 οὶειεςώ
1322 1644 1434 1710 pro
1476 1628 1706 1697 αἰώνιος
1754 1626 1972 1704 οὐσία,
2023 1636 2086 1691 et
2133 1630 2224 1691 sic
2270 1628 2495 1693 συνεςώ
2545 1647 2659 1711 pro
2699 1632 2994 1704 συνουσία,

623 1731 692 1795 id
740 1738 833 1796 est
879 1734 1389 1813 συναναστροφή,
1438 1733 1514 1797 de
1562 1733 1895 1799 hominum
1946 1736 2111 1797 inter
2150 1753 2215 1797 se
2254 1753 2374 1796 usu
2415 1740 2481 1797 et
2514 1734 2996 1807 consuetudine,

625 1842 749 1921 qua
815 1860 880 1903 re
947 1841 1187 1923 optime
1259 1839 1591 1913 hominum
1662 1841 1923 1926 ingenia
1992 1847 2057 1903 et
2124 1858 2331 1904 mores
2393 1847 2876 1925 cognoscuntur.
2923 1840 2994 1903 cf.

624 1942 906 2030 Hesych.
959 1965 1021 2009 v.
1073 1946 1512 2010 Ἀειεςοῦνε
1563 1946 1674 2017 τὴν
1724 1946 1953 2009 αἰώνιον
2001 1945 2234 2008 οὐσίαν.
2296 1949 2754 2012 Κακεςοῦνε
2817 1949 2994 2018 κακὴν

622 2052 1000 2117 κατοίςασιν.
1094 2050 1461 2115 Democrito
1546 2050 1825 2115 reddidit
1909 2047 2374 2115 Valckenarius
2456 2051 2537 2114 ad
2607 2049 2994 2116 Herodotum

624 2155 674 2219 Ι.
724 2156 841 2221 85:
896 2157 1040 2233 πρὸς
1088 2159 1426 2224 εὐεςοῦν
1475 2176 1587 2240 pro
1638 2153 1704 2220 εὖ
1750 2158 1838 2224 ἐς’
1890 2153 2006 2221 οὖν.
2061 2154 2333 2241 Hesych.
2381 2177 2443 2220 V.
2492 2158 2795 2224 Εὐεςώε
2841 2158 2996 2229 ezion·

623 2264 740 2328 νία.
808 2264 1036 2328 Suidas
1097 2265 1430 2331 Εὐεςοῒ;
1495 2264 1740 2344 εὐθηνίᾳ
1786 2284 1861 2327 ex
1910 2262 2237 2327 Herodoto
2285 2261 2333 2327 L
2384 2259 2496 2326 85.
2545 2264 2605 2325 ἐν
2653 2273 2729 2344 τῇ
2777 2277 2993 2343 παρελ-

620 2370 797 2450 θούσῃ
872 2371 1097 2446 εὐεςοῒ,
1130 2353 1134 2357 ⁴
1172 2370 1281 2433 ubi
1345 2368 1405 2433 R
1469 2390 1579 2453 pro
1631 2370 1831 2436 εὐεςοῒ
1875 2368 2133 2433 exhibet
2182 2369 2450 2451 εὐθηνία.
2499 2370 2710 2435 Εὐεςώ
2757 2374 2994 2454 saepius

620 2474 861 2561 legitur
909 2474 1076 2559 apud
1124 2474 1515 2560 Aeschylum
1567 2482 1641 2539 ut
1686 2478 1753 2538 in
1801 2473 1920 2538 VII
1967 2484 2156 2538 contr.
2212 2476 2438 2539 Thebae
2481 2496 2576 2540 vs.
2633 2475 2756 2540 169

1162 2580 1287 2645 οὔτ’
1338 2581 1396 2644 ἐν
1445 2588 1720 2645 κακοῖσιν
1771 2580 1898 2644 οὔτ’
1949 2581 2007 2643 ἐν
2057 2582 2259 2648 εὐεςοῖ
2299 2583 2477 2661 φίλῃ.

705 2687 932 2752 Suidas
990 2710 1052 2753 v.
1118 2688 1480 2755 Ἀειεςώε
1535 2725 1616 2735 -
1673 2685 1871 2764 ὥσπερ
1935 2688 2036 2750 καὶ
2105 2686 2350 2754 εὐεςώ
2403 2689 2437 2762 ἧ
2488 2686 2842 2764 εὐδαιμονία
2887 2711 2992 2749 κα·

611 2800 840 2857 λεῑται.
935 2791 1162 2859 Suidas
1236 2794 1478 2860 Ἀπεςώ
1532 2831 1613 2840 —-
1673 2797 1705 2867 ἦ
1778 2792 2098 2869 ἀποδημία
2169 2813 2249 2857 ex
2310 2792 2640 2858 Herodoto
2700 2792 2815 2858 IX.
2876 2793 2988 2857 94:

614 2898 1044 2979 αἰσχυνόμενοι
1098 2908 1174 2976 τῇ
1223 2902 1454 2967 οἱπεςοῒ
1494 2910 1606 2973 τῆς
1657 2900 1900 2979 μάχης.
1949 2898 2043 2963 Ad
2095 2899 2359 2963 eandem
2397 2900 2602 2985 igitur
2641 2900 2990 2987 analogiam

610 3007 959 3070 formatum
1014 3017 1109 3069 est
1170 3007 1395 3072 συνεςώ
1458 3025 1532 3069 ex
1603 3012 1896 3080 συνεῖναι,
1962 3010 2027 3068 et
2072 3004 2382 3068 habemus
2428 3008 2712 3090 gratiam
2756 3008 2988 3090 optimo

612 3113 797 3187 testi,
870 3113 977 3196 qui
1043 3110 1216 3175 solus
1281 3114 1572 3176 omnium
1637 3118 1878 3178 συνεςοῖ
1936 3111 2015 3174 ab
2075 3112 2342 3174 interitu
2388 3113 2676 3175 retraxit.
2768 3110 2988 3195 Ecquis

611 3217 686 3281 ad
735 3217 897 3281 hanc
944 3217 1155 3282 lucem
1201 3219 1363 3282 serio
1401 3218 1654 3282 credere
1693 3219 1927 3302 poterit
1965 3223 2239 3299 συνεςοῒ,
2279 3217 2447 3301 quod
2484 3238 2802 3302 nusquam
2839 3217 2986 3282 alibi

609 3323 893 3387 locorum
942 3333 1309 3407 comparet,
1360 3344 1438 3389 ex
1486 3322 1787 3389 Graeculi
1833 3326 2216 3387 correctione
2262 3343 2394 3387 esse
2432 3322 2694 3388 natum?
2740 3325 2984 3390 Addam

608 3432 804 3495 etiam
866 3433 1152 3495 tertium.
1247 3428 1426 3494 Stein
1474 3430 1677 3494 edidit
1722 3428 1880 3494 VII.
1929 3427 2053 3495 21:
2104 3425 2294 3493 αὗται
2344 3431 2409 3493 αι’
2460 3433 2668 3494 πᾶσαι
2715 3434 2818 3495 καὶ
2864 3427 2981 3495 οὐδ’

609 3537 661 3599 εἰ
711 3532 913 3614 ἕτεραι
961 3535 1105 3615 πρὸς
1152 3536 1413 3616 ταύτῃσι
1464 3535 1943 3616 προσγενόμεναι
1993 3536 2410 3615 ςρατηλασίαι
2462 3545 2607 3613 μιῆς
2655 3536 2841 3611 τῆσδε
2885 3537 2985 3600 οὐκ

608 3640 803 3719 ἄξιαι.
901 3639 1005 3706 Sic
1052 3641 1293 3728 legitur
1341 3644 1405 3706 in
1455 3644 1919 3726 antiquissimis
1968 3639 2124 3705 AB.
2171 3640 2433 3727 Optime
2467 3641 2794 3708 Romanus
2835 3642 2986 3707 liber

610 3750 857 3814 omittit
919 3749 1028 3812 καί
1092 3753 1156 3812 et
1218 3749 1270 3812 εί
1335 3755 1400 3813 et
1463 3771 1617 3829 προσ
1664 3751 1730 3812 in
1777 3746 2284 3826 προσγενόμεναι.
2333 3748 2415 3814 cf.
2470 3748 2518 3812 Ι.
2567 3748 2734 3815 215:
2782 3752 2986 3829 σιδήρῳ

607 3855 669 3920 δὲ
736 3855 871 3920 οὐδὲ
919 3854 1162 3935 ἀργύρῳ
1207 3856 1482 3935 χρῶνται
1530 3854 1721 3919 οὐδέν.
1771 3854 1862 3919 ΙΙ.
1913 3852 2035 3918 52;
2088 3855 2432 3931 ἐπωνυμίην
2479 3854 2539 3919 δὲ
2589 3856 2721 3920 οὐδὲ
2769 3856 2986 3933 οὔνομα

611 3963 917 4026 ἐποιεῦντο
989 3961 1177 4027 οὐδενὶ
1250 3963 1470 4027 αὐτῶν.
1542 3960 1650 4026 IV.
1716 3960 1834 4025 28:
1903 3962 2127 4039 ἡμίονοι
2200 3962 2263 4026 δὲ
2327 3962 2459 4026 οὐδὲ
2504 3962 2616 4027 ὄνοι
2663 3961 2986 4045 ἀνέχονται

609 4069 836 4148 ἀρχήν.
907 4066 983 4130 V.
1036 4066 1143 4129 92.
1193 4068 1278 4144 βε
1345 4068 1413 4130 ἐκ
1477 4066 1539 4130 δέ
1602 4067 1650 4132 οἱ
1711 4070 1946 4140 ταύτης
1997 4075 2105 4141 τῆς
2157 4070 2448 4145 γυναικὸς
2493 4068 2626 4132 οὐδὲ
2675 4067 2746 4144 ἐξ
2792 4068 2984 4142 ἄλλης

607 4175 827 4243 παῖδες
902 4174 1197 4249 ἐγένοντο.
1296 4174 1395 4237 Ad
1464 4174 1733 4239 eundem
1807 4176 2011 4260 igitur
2075 4175 2342 4239 modum
2405 4173 2773 4240 Herodotus
2831 4195 2990 4241 nunc

607 4297 856 4362 quoque
919 4279 1288 4360 scripserat:
1338 4276 1530 4343 αὗται
1578 4282 1644 4344 αἱ
1697 4284 1899 4344 πᾶσαι
1948 4281 2079 4344 οὐδὲ
2128 4276 2332 4359 ἕτεραι
2379 4284 2521 4361 πρὸς
2572 4284 2834 4364 ταύτῃσι
2881 4305 2985 4360 γε·

609 4384 857 4460 νόμεναι
928 4387 1346 4464 warmaciae
1410 4394 1556 4464 μιῆς
1606 4387 1790 4461 τῆσδε
1835 4386 2028 4462 ἄξιαι.
2125 4386 2253 4453 Sed
2298 4389 2533 4455 dixerit
2580 4389 2812 4474 aliquis
2828 4436 2847 4467 ,
2895 4388 2986 4452 fae
