3192 5017
1299 288 1632 338 strumus.
2502 264 2634 337 213

357 462 567 526 Οοτιίοε
631 464 887 549 effodere
950 462 1117 528 dixit
1178 462 1232 527 I.
1289 461 1440 528 119.
1511 459 1620 525 29.
1668 462 1824 540 γυνή
1870 483 1965 531 τις
2015 458 2424 541 ἐνυβρίζοντος
2475 460 2636 541 αὐτῇ

258 605 339 617 -
389 575 517 641 τοῖς
579 570 905 644 δακτύλοις
955 569 1211 648 ἐξέτεμε
1259 568 1376 641 τοὶς
1425 566 1618 648 ὄψεις.
1712 566 1970 633 Veteres
2017 564 2335 630 ἐκκόπτειν
2385 564 2488 631 vel
2535 564 2635 643 ἐξ·

256 672 521 755 ορύττειν
558 675 885 760 dicebant.

346 888 489 953 Lib.
540 887 588 952 Ι.
642 884 748 953 71.
799 885 908 953 84.
976 888 1156 960 αἴδώς
1206 911 1276 951 τε
1326 888 1467 951 θεῶν
1515 886 1549 962 ἣ
1601 885 1841 964 νέμεσις
1892 889 2279 952 ἈΝΔΡΩΝ
2330 886 2364 962 ἢ
2414 885 2636 966 φθόνου

256 993 457 1075 Φόβος
506 993 695 1066 οὐδεὶς
744 990 836 1057 ἔτι
883 1000 1007 1066 τοῖς
1047 993 1432 1072 γιγνομένοις
1473 995 1646 1067 ἐπῆν.
1695 992 1869 1080 Lege
1910 992 2152 1068 νέμεσις
2191 994 2634 1073 ἀνθρώπων.

255 1098 675 1165 Homericum
719 1107 813 1165 eet
853 1104 919 1163 in
964 1120 1040 1164 ea
1077 1102 1468 1185 oppositione
1508 1097 1731 1178 ἄνδρας
1774 1119 1887 1183 pro
1926 1099 2261 1180 ἀνθρώπους
2312 1119 2635 1184 usurpare.

257 1204 437 1271 Idem
506 1206 809 1270 mendum
885 1204 1242 1270 tollendum
1306 1204 1389 1271 II.
1458 1203 1610 1270 134.
1676 1202 1784 1269 81.
1846 1202 2030 1269 πόσον
2092 1204 2152 1269 δὲ
2204 1205 2347 1280 ὑμῖν
2394 1201 2636 1269 ἔσεσθαι

259 1312 474 1384 Φθόνον
534 1309 708 1391 παραὶ
767 1335 837 1376 τε
880 1311 1177 1392 ἀνδρῶν
1228 1309 1333 1375 καὶ
1384 1311 1562 1387 θεῶν;
1615 1309 1766 1377 Sine
1810 1309 1971 1377 vitio
2016 1312 2326 1396 seriptum
2377 1316 2473 1376 eet
2519 1308 2638 1375 IV.

265 1416 367 1485 10.
420 1415 482 1482 6.
531 1416 670 1483 οὔτε
712 1418 852 1482 θεῶν
898 1415 1141 1495 νέμεσιν
1186 1415 1329 1482 οὔτε
1378 1417 1591 1500 φθόνον
1642 1416 2066 1497 ἀνθρώπων
2114 1414 2499 1499 ὑφορώμενοι.

351 1630 494 1696 Lib.
542 1630 592 1695 I.
640 1629 749 1697 87.
804 1627 906 1695 18.
959 1631 1093 1711 περὶ
1143 1631 1246 1695 τὸν
1295 1633 1630 1697 Αἰσῖνον
1682 1630 1965 1708 ποταμὸν
2009 1669 2096 1679 --
2134 1631 2309 1710 ἀγὼν
2356 1630 2640 1711 καρτερὸς

263 1737 526 1816 ἐγένετο.
621 1735 908 1828 Εωθοᾲα
979 1737 1113 1816 περ)
1186 1738 1291 1802 τὸν
1364 1733 1579 1803 ΛῙσΙΝ
1654 1738 1937 1815 ποταμόν
2008 1736 2087 1803 cf.
2169 1738 2406 1803 Collect.
2485 1735 2644 1803 Urit.

261 1862 410 1932 pag.
459 1840 610 1911 587.

354 2054 498 2120 Lib.
559 2053 606 2120 L
659 2051 768 2120 88.
820 2052 929 2121 67.
996 2062 1114 2120 τῶν
1176 2055 1483 2136 παρόντων
1530 2056 1699 2120 κακοὶ
1749 2053 1871 2135 ἄρα
1923 2055 2019 2145 dee}
2067 2055 2152 2119 τοὶ
2201 2055 2647 2135 ἐπικρατοῦντα

273 2159 478 2242 Φέρειν
519 2158 859 2241 ἐθιζόμενοι.
909 2159 1050 2226 Alii
1087 2160 1268 2227 libri:
1307 2161 1620 2244 παρόντων
1659 2168 1863 2226 κακῶν
1901 2159 2024 2240 ἄρα
2064 2161 2152 2226 τοὶ
2178 2161 2649 2240 ἐπικρατοῦντα.

266 2266 689 2334 Scribendum
754 2288 889 2333 esee
951 2266 1258 2334 arbitror:
1308 2274 1426 2334 τῶν
1470 2266 1784 2349 παρόντων
1831 2273 2033 2334 κακῶν
2081 2276 2201 2332 TA
2251 2267 2349 2332 ἀεὶ
2399 2269 2650 2348 ἐπικρα-

263 2397 508 2439 τουντα.

354 2587 496 2653 Lib.
559 2587 607 2653 Ι.
662 2585 771 2652 90.
824 2586 928 2652 16.
979 2586 1256 2669 Μάρκιος
1303 2587 1417 2666 μὲν
1464 2584 1575 2656 ὧδε
1623 2586 1868 2667 πράξας
1916 2588 2176 2675 [κακῶς]
2235 2589 2295 2660 ἐς
2339 2586 2647 2666 Κάρβωνα

264 2697 538 2778 ἐπανῄει.
633 2695 855 2760 Abiioe
903 2695 1193 2779 ineptum
1241 2693 1578 2760 emblema.

355 2907 495 2972 Lib.
563 2906 616 2972 1.
671 2905 778 2971 95.
829 2903 936 2970 63.
999 2908 1068 2970 in
1114 2904 1379 2992 Syllana
1424 2906 1879 2992 proscriptione
1926 2905 2080 2982 alii,
2129 2907 2374 2989 inquit,
2422 2906 2646 2972 occide-

266 3019 521 3092 bantur,
594 3013 878 3092 ἐξέλασίς
949 3035 1019 3076 τε
1084 3010 1294 3089 ἑτέρων
1360 3005 1428 3084 ἦν
1485 3010 1589 3076 καὶ
1656 3012 1946 3089 δήμευσις
2011 3016 2127 3076 τῶν
2178 3011 2396 3093 ἑτέροις
2444 3012 2642 3079 ὄντων.

265 3118 389 3185 Sed
451 3121 601 3204 quia
659 3138 847 3184 nemo
911 3116 1073 3183 solet
1132 3139 1244 3181 sua
1306 3117 1633 3204 publicare
1680 3117 2143 3203 reponendum:
2194 3118 2305 3184 καὶ
2354 3119 2646 3196 δήμευσις

270 3224 486 3305 ἑτέροις
533 3227 653 3291 τῶν
700 3223 903 3290 ὄντων.

360 3432 500 3498 Lib.
541 3431 592 3497 Ι.
641 3429 744 3496 96.
799 3429 905 3499 ¹73.
956 3431 1032 3497 de
1081 3433 1536 3517 proscriptione
1585 3431 1885 3519 Syllana:
1936 3434 2045 3508 ἤδη
2094 3432 2159 3499 δέ
2208 3458 2303 3506 τις
2353 3434 2458 3499 καὶ
2509 3460 2647 3516 προ-

269 3539 490 3617 θυμίας
558 3538 591 3613 ἢ
651 3538 839 3617 μόνης
901 3537 1274 3610 συνοδίας
1341 3537 1651 3613 ἡλίσκετο.
1749 3538 1892 3603 Non
1956 3545 2051 3604 eet
2097 3536 2416 3606 Graecum
2465 3561 2651 3610 voea-

268 3643 499 3710 bulum
568 3644 831 3709 συνοδία.
928 3643 1026 3709 Ex
1097 3644 1334 3714 σύνοδος
1405 3646 1690 3709 nascitur
1750 3643 2079 3729 συνοδεύω,
2143 3645 2311 3712 unde
2373 3647 2647 3714 συνοδεία

269 3753 597 3817 formatur.
650 3748 1014 3837 Diligenter
1056 3750 1135 3817 de
1179 3749 1283 3816 hie
1329 3750 1552 3816 formis
1597 3750 1735 3815 dixi
1782 3749 1861 3817 ad
1909 3750 2305 3818 Strabonem.

362 3962 504 4028 Lib.
554 3962 604 4028 Ι.
659 3960 771 4028 97.
822 3959 927 4026 26.
978 3963 1045 4027 in
1091 3961 1309 4049 Syllae
1355 3963 1861 4050 epigrammate:

542 4067 732 4133 Τόνδε
781 4090 870 4132 σοι
920 4065 1307 4149 αὐτοκράτωρ
1355 4066 1618 4138 Σύλλας
1664 4066 1923 4145 ἀνέθηκ’,
1971 4067 2343 4154 Ἀφροδίτη,

544 4175 640 4240 &C
683 4169 853 4239 εἶδον
888 4174 1033 4238 κατ’
1078 4171 1307 4253 ὄνειρον.

273 4282 511 4349 excidit
555 4297 935 4367 pronomen:
982 4277 1059 4350 ὥς
1111 4281 1176 4343 C’
1222 4273 1394 4345 εἶδον.
