3192 5017
1412 288 1773 338 EURIPIDBA.
2584 344 2588 349 ,
2743 270 2782 335 9

395 461 553 526 dum
621 479 777 524 esse.
870 459 1425 525 Animadverterat
1493 460 1664 525 enim
1726 459 2062 525 Scholion:
2131 458 2199 523 τὸ
2266 458 2330 524 δὲ
2395 458 2741 525 ἁνδάνουσα
2771 507 2789 542 ,

397 563 544 646 ὅρθὴ
592 564 728 629 ἀντὶ
779 565 1044 641 δοτικῆς,
1098 565 1236 630 ἀντὶ
1286 569 1391 629 τοῦ
1439 566 1794 646 ανδανούσῃ.
1889 564 2031 630 Hoc
2075 566 2222 631 vult
2280 567 2745 651 grammaticus
2772 613 2789 637 ,

398 674 490 739 ait
536 669 916 753 Elmsleius,
970 670 1313 735 ανδοὶνουσα
1361 674 1541 748 Φυγὴ
1590 692 1702 755 per
1748 672 2206 755 appositionem
2260 669 2387 735 dici
2434 691 2546 755 pro
2593 670 2790 735 ἀνδα-

400 779 576 859 νούσῃ
618 785 823 859 Φυγῇ.
875 773 1269 842 Contradicit
1308 777 1744 842 Hermannus:
1791 778 1972 842 nobis
2017 779 2072 841 si
2114 777 2499 861 quidquam,
2539 778 2793 861 inquit,

404 889 646 953 sincera
716 882 972 949 videtur
1036 883 1343 970 vulgata,
1409 904 1568 967 quae
1633 886 1722 947 sic
1785 883 2170 967 expedienda
2233 889 2361 946 est:
2413 890 2674 946 πολιτῶν
2720 877 2796 945 ὧν

408 993 673 1069 ἀφίκετο
727 985 963 1068 χθόνα,
1014 988 1215 1068 ταύτῃ
1260 989 1629 1053 &vad-ama.
1680 988 1891 1063 Quam
1933 993 2217 1054 contorta
2256 988 2412 1052 haec
2454 987 2794 1072 explicatio

412 1099 534 1179 sit,
581 1115 660 1160 ne
707 1097 919 1178 ipsum
968 1094 1227 1178 quidem
1276 1093 1722 1159 Hermannum
1763 1093 1957 1159 latere
1999 1095 2209 1178 potuit
2247 1115 2362 1159 nec
2404 1114 2795 1186 quemquam

412 1204 695 1277 invenit,
746 1200 850 1265 oui
897 1220 1037 1265 eam
1084 1203 1394 1266 rationem
1443 1202 1704 1285 probare
1751 1201 1980 1285 potuit.
2078 1199 2246 1279 Quid
2284 1206 2498 1265 tamen
2545 1191 2798 1284 prodest
2871 1228 2876 1231 ¹

411 1329 555 1375 cum
623 1307 767 1371 aliis
828 1312 1003 1384 φυλῇ
1067 1306 1171 1371 vel
1232 1306 1415 1387 φύλῳ
1466 1306 1567 1372 vel
1615 1306 1802 1385 φύσει
1854 1306 1956 1371 vel
2003 1304 2163 1385 φίλη
2212 1307 2559 1390 reponere?
2656 1304 2799 1370 Hoc

412 1415 637 1480 tenebo
708 1412 1000 1498 equidem
1024 1461 1040 1487 ,
1114 1414 1327 1497 ipsum
1399 1411 1810 1498 participium
1882 1410 2229 1476 ανδοὶνουσα
2293 1412 2530 1476 vitium
2594 1411 2761 1479 alere
2784 1459 2800 1489 ,

413 1540 562 1585 cum
632 1521 1004 1603 neutiquam
1077 1525 1407 1603 appareat,
1474 1540 1585 1583 cur
1646 1517 1871 1582 Medea
1933 1515 2283 1583 Corinthiis
2346 1523 2478 1584 tam
2521 1507 2802 1602 'accepta

412 1625 626 1690 fuerit.
674 1621 846 1690 Satis
893 1623 1122 1689 leniter
1168 1624 1509 1690 rescribere
1553 1626 1816 1709 poteris:
1867 1622 2420 1689 ἀλλάσσουσα
2467 1625 2579 1701 μὲν
2617 1633 2800 1706 φυγῇ

414 1736 677 1797 πολιτῶν
745 1725 819 1794 ὧν
885 1729 1149 1810 ἀφίκετο
1213 1726 1447 1811 χθόνα.
1524 1728 1680 1795 'Hoc
1742 1729 1898 1794 dicit
1957 1732 2207 1794 nutrix:
2271 1734 2526 1815 propter
2587 1729 2804 1797 Peliae

417 1837 672 1903 caedem
722 1842 937 1902 coacta
982 1836 1241 1921 quidem
1280 1835 1406 1900 fuit
1445 1834 1654 1901 solum
1696 1841 1940 1901 vertere
1981 1841 2045 1900 et
2084 1834 2465 1901 Corinthum
2502 1839 2803 1924 migrare,

393 1943 526 2023 ‚sed
567 1947 805 2009 mansit
845 1963 993 2008 cum
1044 1945 1275 2007 marito
1324 1940 1530 2007 fidelis
1575 1941 1929 2007 concordia.
2019 1941 2197 2008 Haec
2243 1940 2434 2007 lectio
2481 1944 2534 2006 si
2583 1944 2806 2027 proba-

421 2051 619 2125 bitur,
691 2051 982 2133 sequenti
1043 2069 1138 2113 vs.
1196 2069 1342 2114 cum
1394 2046 1665 2114 Stobaeo
1712 2046 2113 2113 scribendum
2165 2049 2319 2112 erit:
2370 2049 2531 2122 αὐτὴ
2580 2047 2644 2113 δέ
2692 2069 2804 2134 pro

419 2157 581 2231 αὐτή
648 2178 739 2218 τε.
833 2152 1014 2232 Quod
1076 2160 1289 2219 autem
1354 2155 1583 2218 attinet
1645 2153 1722 2218 ad
1787 2154 2056 2218 verbum
2101 2152 2485 2232 ἀλλάσσειν,
2538 2154 2802 2221 conferri

412 2261 606 2347 jubeo
674 2259 855 2325 Plat..
904 2258 1161 2325 Politia.
1224 2256 1356 2324 289
1407 2258 1491 2323 E:
1540 2260 1590 2323 οἱ
1642 2258 1703 2324 δὲ
1753 2257 1931 2325 πόλιν
1979 2259 2046 2325 ἐκ
2093 2259 2328 2333 πόλεως
2378 2259 2806 2334 dudem-req·

423 2366 595 2432 κατὰ
644 2365 970 2431 θάλατταν
1018 2366 1122 2430 καὶ
1171 2364 1351 2449 πεζῇ.

517 2579 699 2662 Quod
758 2581 1114 2666 plurimum
1175 2579 1406 2656 miror,
1453 2582 1579 2647 viri
1634 2580 1841 2658 docti,
1891 2590 2204 2665 quantum
2250 2582 2473 2666 video,
2522 2584 2808 2650 nondum

425 2688 832 2755 attenderunt
878 2686 958 2752 ad
1006 2707 1101 2751 vs.
1144 2685 1264 2749 25:
1304 2687 1406 2751 τὸν
1448 2684 1662 2751 πάντα
1711 2687 2221 2762 συντήκουσα
2264 2689 2539 2768 δακρύοις
2574 2688 2810 2771 χρόνον.

425 2793 798 2878 Requiritur
860 2793 986 2856 nisi
1047 2790 1233 2856 fallor
1291 2799 1747 2857 συντακεῖσ
1768 2815 1829 2855 α.
1925 2791 2239 2858 Putidum
2300 2793 2429 2859 fere
2492 2800 2589 2860 est
2635 2795 2804 2860 hunc

427 2921 617 2965 usum
681 2897 995 2982 exemplis
1055 2897 1484 2962 demonstrare
1546 2896 1748 2982 velle3
1810 2897 1964 2963 haec
2010 2901 2150 2983 ipsa
2194 2898 2412 2965 fabula
2461 2907 2588 2966 tres
2635 2901 2806 2968 locos

428 3005 647 3089 dabet,
698 3026 793 3072 νε.
846 3003 996 3081 141,
1054 3001 1204 3087 159,
1255 3002 1383 3068 689
1432 3011 1495 3068 et
1540 3003 1944 3069 luculentum
1990 3011 2084 3069 est
2128 3004 2375 3069 Hecub.
2431 3005 2599 3071 433:

790 3108 1018 3191 κόμιζ’,
1061 3109 1399 3185 Ὀδυσσεῦ,
1450 3111 1520 3187 ,α’
1568 3106 1884 3189 οἱμφιθεὶς
1932 3108 2091 3194 κοὶρα
2138 3110 2451 3184 πέπλους·

795 3218 870 3286 ὣς
919 3217 1057 3295 πρὶν
1102 3215 1437 3296 σφαγῆναί
1482 3218 1548 3294 γ’
1599 3215 2014 3288 §xa-§rnna
2061 3217 2318 3297 καρδίαν

804 3322 1051 3402 θρήνοισι
1101 3319 1366 3405 μητρός,
1418 3320 1596 3396 τήνδε
1644 3324 1702 3384 τ’
1751 3321 2058 3396 ἐκτήκω
2115 3321 2303 3400 γόοις.

526 3534 705 3614 Quod
753 3537 971 3601 nutrix
1020 3533 1336 3601 exclamat
1382 3555 1477 3599 νε.
1534 3532 1698 3598 11οε

1632 3640 1699 3705 τί
1744 3641 1886 3705 ποτ’
1935 3640 2272 3722 ἐργάσεται

885 3736 1720 3826 μεγαλόσπλαγχνος
1772 3748 2296 3821 δυσκατάπαυςος

887 3860 940 3932 ψ
962 3878 995 3917 υ
1013 3855 1117 3934 χὴ
1166 3850 1484 3933 δηχθεῖσα
1532 3861 1845 3930 κακοῖσιν;

520 3957 668 4024 Jam
731 3959 1092 4024 observavit
1150 3958 1652 4049 Herwerdenus‚
1716 3959 1882 4044 quod
1944 3980 2051 4024 me
2109 3980 2357 4045 quoque
2404 3961 2761 4027 adverterat
2792 4010 2808 4040 ,

432 4065 903 4129 rescribendum
967 4085 1101 4129 esse
1167 4065 1989 4146 μελανόσπλαγχνος
2060 4071 2124 4130 et
2193 4071 2515 4150 praeterea
2580 4067 2802 4133 malim

431 4170 727 4249 ψυχήν.
820 4169 918 4234 Ne
974 4169 1079 4234 hic
1139 4169 1397 4254 quidem
1460 4170 1686 4235 multis
1731 4170 2038 4256 exemplis
2086 4191 2243 4255 opus
2290 4176 2424 4254 est,
2473 4178 2547 4236 ut
2594 4194 2806 4239 meam

433 4278 859 4359 suspicionem
920 4276 1360 4358 comprobem,
1425 4277 1546 4338 nisi
1607 4276 1748 4358 quis
1795 4277 1954 4341 forte
2002 4275 2189 4341 malit
2235 4275 2433 4361 Hipp.
2492 4276 2658 4343 160:
2710 4282 2810 4345 εὖ·

432 4384 579 4446 mix
625 4382 863 4446 δέδεται
902 4382 1090 4461 ψυχαὶ
1134 4401 1245 4465 pro
1286 4380 1544 4458 ψυχάν,
1584 4402 1733 4445 nam
1773 4383 1867 4445 ibi
1891 4402 2138 4467 quoque
2163 4382 2319 4447 olim
2347 4397 2627 4449 erratum
2656 4388 2797 4452 fuit.
