3192 5017
1205 300 1563 348 nummum.
2445 282 2576 349 287

465 469 703 551 ἐρυθρὸν
753 472 819 550 ἐξ
865 470 1085 551 ἄκρου,
1141 473 1325 553 παχύ
1356 523 1369 547 ,
1420 482 1546 544 τοῖς
1595 472 1859 546 παιδίοις
1908 472 1980 538 ἵν’
2032 470 2066 554 ᾖ
2116 471 2338 551 γέλως.

192 576 436 642 Prodiit
500 583 715 644 tamen
777 581 846 644 in
906 600 1155 646 scenam
1207 578 1463 645 Silenus
1509 579 1629 645 hoc
1676 580 1867 645 modo
1916 579 2245 647 verniliter
2289 581 2581 665 inquina-

192 692 295 748 tus
341 686 552 769 potius
600 705 790 770 quam
841 693 1138 760 ornatus,
1192 685 1361 751 unde
1409 685 1524 751 illa
1570 691 1722 751 sunt
1768 706 1862 752 vs.
1915 684 2081 751 169:

728 794 803 863 ὥς
853 787 912 863 ὅς
964 815 1043 869 γε
1092 792 1273 857 πίνων
1319 794 1408 870 μὴ
1450 790 1701 870 γέγηθε
1746 792 2076 869 μαίνεται·

729 895 801 962 ἵν’
853 897 942 967 :ez-1
991 901 1234 965 τουτί
1280 899 1338 962 τ’
1389 896 1625 979 ὀρθὸν
1677 898 2034 976 effaeminant

731 1010 937 1080 μαςοῦ
985 1029 1056 1070 τε
1108 1004 1407 1087 δραγμός.

183 1107 354 1174 Hinc
403 1110 614 1174 iocum
660 1111 1039 1195 interpretor
1087 1133 1181 1179 vs.
1237 1109 1388 1177 586.
1443 1110 1777 1178 Exclamat
1825 1110 2299 1198 Polyphemus:

1412 1218 1635 1295 ἥδομαι
1684 1217 1747 1282 δέ
1793 1241 1922 1288 πως

637 1332 761 1396 τοῖς
811 1323 1141 1389 memore«
1191 1330 1438 1401 μᾶλλον
1489 1325 1522 1399 ἢ
1574 1331 1701 1397 τοῖς
1758 1321 2037 1399 θήλεσιν.

176 1427 302 1493 Cui
351 1428 608 1494 Silenus
657 1430 1028 1514 respondet:

631 1536 752 1614 ἐγὼ
801 1536 928 1617 γὰρ
977 1536 1006 1601 ὃ
1055 1536 1196 1608 Διός
1247 1539 1375 1612 εἶμι
1426 1538 1829 1614 Γανυμήδης,
1882 1537 2195 1619 Κύκλωφ;

176 1641 423 1708 Deinde
471 1640 913 1728 Polyphemus
957 1662 1082 1707 non
1128 1644 1453 1707 continens
1500 1642 1871 1708 libidinem:

455 1747 554 1811 ναὶ
606 1749 704 1824 μὰ
756 1747 881 1831 Δί’,
928 1744 989 1812 ὃν
1043 1747 1300 1829 ἁρπάζοι
1348 1748 1417 1825 γ’
1467 1749 1589 1826 ἐγὼ
1645 1748 1704 1812 ’κ
1750 1753 1884 1813 τοῦ
1936 1747 2392 1828 Δαρδάνου.

171 1855 347 1931 Quid
422 1855 547 1920 hoc
614 1857 738 1939 sit,
807 1855 1003 1919 nimis
1064 1857 1258 1919 etiam
1322 1857 1729 1940 perspicuum
1797 1861 1892 1921 est
1952 1861 2017 1920 et
2064 1854 2318 1921 Silenus
2367 1856 2582 1922 dolore

171 1964 387 2027 victus
458 1959 873 2027 vociferatur:
937 1960 1279 2044 ἀπόλωλα,
1345 1960 1606 2034 παῖδες,
1669 1960 1945 2040 σχέτλια
2010 1962 2307 2038 πείσομαι
2368 1962 2576 2036 κακά,

178 2068 288 2134 sed
365 2087 496 2154 quo
572 2066 863 2151 exemplo
929 2066 1242 2147 Δάρδανος
1306 2067 1412 2132 hic
1475 2062 1755 2132 dicitur?
1820 2065 2083 2133 Contuli
2145 2066 2389 2134 Anecd.
2451 2067 2582 2135 Bk.

171 2174 327 2240 472.
381 2175 515 2239 24:
571 2173 971 2252 ἈΦρόδιτ-ος·
1023 2174 1049 2237 ὅ
1094 2172 1605 2255 Ἑρμαφρόδιτος.
1655 2175 2076 2252 παραπλήσιοι
2120 2173 2182 2239 δὲ
2221 2176 2416 2254 τούτῳ
2456 2173 2575 2239 ἄλ-

168 2295 259 2345 λοι
329 2281 663 2359 δαίμονες,
733 2277 1042 2358 Ὀρθοίνης
1071 2330 1086 2356 ,
1139 2279 1450 2365 Πρίαπος,
1499 2301 1774 2366 quocum
1825 2278 2054 2346 Strabo
2101 2281 2577 2367 componendus

167 2386 348 2452 XIII.
426 2384 587 2451 587.
689 2385 847 2451 Vide
911 2384 1224 2466 Ὀρδάνην
1269 2393 1334 2452 et
1382 2390 1714 2452 Κονίσαλον
1762 2387 1930 2472 apud
1978 2385 2313 2452 Platonem
2366 2384 2581 2454 Comi·

164 2514 352 2570 cum,
410 2494 602 2558 euius
649 2491 1083 2579 frag-mentum
1133 2496 1415 2559 servavit
1463 2493 1693 2558 Athen.
1744 2492 1809 2558 X
1855 2514 1917 2578 p.
1962 2492 2089 2556 441
2134 2492 2209 2558 Ε.
2257 2491 2573 2558 Similiter

166 2597 586 2680 Ὀρθαγόρας
658 2604 998 2683 usurpatus
1060 2597 1229 2664 Eccl.
1300 2598 1454 2676 916,
1519 2620 1670 2665 nam
1735 2599 1929 2664 huius
1994 2619 2242 2685 quoque
2291 2598 2574 2677 δαίμονος

161 2726 440 2791 nomen,
494 2706 689 2769 sicuti
738 2703 991 2788 Priapi,
1041 2710 1190 2770 noto
1231 2725 1351 2769 usu
1391 2705 1769 2770 transfertur
1807 2705 1885 2769 ad
1926 2707 2138 2789 ipsum
2187 2706 2579 2771 membrum.

162 2812 339 2877 Hinc
390 2810 774 2878 contendere
823 2810 1029 2875 ausim
1077 2813 1399 2896 scripsisse
1449 2810 1851 2896 Euripidem:

404 2916 509 2982 ναὶ
560 2917 657 2991 μοὶ
709 2915 838 2990 Δί’,
890 2912 951 2980 ὃν
999 2915 1257 2998 ἆρπώζω
1308 2915 1374 2994 γ’
1424 2917 1546 2994 ἐγὼ
1584 2916 1644 2980 ’κ
1691 2916 1901 2981 τοῦδ’
1953 2913 2204 2998 Ὀρθοέ
2230 2943 2379 2984 νου.

161 3026 369 3092 Vides
439 3043 640 3109 quam
701 3030 868 3088 recte
931 3020 1205 3109 Cyclops
1265 3029 1528 3108 usurpet
1578 3022 2155 3089 demonstrativum
2208 3045 2578 3110 pronomen.

162 3131 666 3198 Demonstravit
726 3134 940 3197 autem
989 3135 1173 3213 poeta
1220 3148 1335 3194 suo
1382 3126 1675 3213 exemplo
1701 3178 1716 3205 ,
1765 3149 1888 3194 non
1937 3129 2222 3196 eiusdem
2272 3152 2406 3198 esse
2457 3141 2581 3198 tra-

157 3239 432 3325 goedias
505 3236 780 3301 scribere
827 3240 891 3300 et
938 3235 1296 3301 comoedias
1322 3284 1337 3310 ,
1388 3254 1538 3299 nam
1587 3235 1742 3320 quid
1786 3240 1994 3321 potest
2043 3257 2178 3303 esse
2225 3237 2573 3326 frigidius?

1213 3476 1552 3485 v—...ffl

249 3656 354 3722 Ne
408 3656 480 3720 in
536 3659 667 3719 tam
718 3673 945 3738 spurco
994 3652 1131 3718 loco
1180 3650 1368 3718 finem
1417 3652 1688 3731 faciam,
1740 3654 1977 3739 raptim
2025 3676 2227 3740 pauca
2266 3657 2575 3742 quaedam

155 3764 398 3829 addam
453 3761 540 3826 de
587 3760 966 3847 fragmentis
1013 3759 1367 3844 Euripidis.
1460 3759 1963 3826 Nobilissimum
2005 3761 2441 3848 fragmentum
2484 3771 2579 3829 est

162 3868 294 3934 188
350 3889 432 3933 ex
488 3864 809 3950 Antiopa:

1409 3973 1564 4037 ἀλλ’
1616 3973 1750 4050 ἐμοὶ
1799 3969 1984 4037 πιθοῦ

642 4082 886 4142 παῦσαι
936 4077 1248 4158 μελῳδῶν,
1298 4080 1610 4156 πολεμίων
1658 4079 1710 4144 δ’
1757 4081 2086 4156 εὐμουσίαν

641 4182 853 4249 ἄσκει·
903 4184 1140 4249 ’τοιαῦτ’
1196 4183 1374 4249 οἳειδ
1390 4210 1418 4249 ε
1468 4185 1573 4248 καὶ
1623 4183 1816 4263 δόξεις
1863 4194 2123 4265 Φρονεῑν.

163 4291 503 4360 Emenda:
558 4295 822 4356 τοιαῦτα
872 4289 923 4354 δ’
976 4289 1162 4371 ἔρδε.
