3192 5017
434 259 524 336 92
1426 291 1825 343 uscurnu.

428 479 566 526 sose
610 459 904 526 obferunt
921 509 937 537 ,
986 460 1065 528 de
1109 461 1343 547 quibus
1386 461 1549 530 nihil
1594 464 1874 550 impedit
1917 466 2261 550 quominus
2303 462 2594 550 experiar
2648 461 2802 550 quid

430 567 625 654 purifi
658 567 907 654 judiees
951 570 1343 635 existiment.
1393 569 1612 636 Veluti
1657 569 1942 657 Ghoeph.
1989 573 2113 638 41:

1153 675 1357 755 κριταὶ
1406 675 1474 742 δὲ
1520 678 1695 746 τῶνδ’
1747 677 2060 757 ὀνειράτων

1154 779 1365 848 θεόθεν
1410 779 1633 849 ἔλακον
1682 783 1990 862 ὑπέγγυοι

1157 886 1541 971 μέμφεσθαι
1589 890 1733 962 τοὺς
1777 895 1908 969 γὶς

1154 993 1362 1075 νέρθεν
1404 994 1763 1077 περιθύμως

1154 1109 1281 1175 τοῖς
1331 1105 1730 1169 κτανοῦσί
1773 1106 1833 1166 τ’
1881 1105 2181 1182 ἐγκοτεῖν.

428 1207 687 1275 Ferrine
740 1209 848 1275 hic
892 1212 1129 1296 poterit
1176 1208 1492 1276 aoristus?
1537 1210 1683 1276 Non
1729 1214 1971 1296 opinor.
2064 1212 2235 1292 Quin
2277 1210 2486 1299 igitur
2527 1211 2811 1276 rescribi-

426 1336 614 1382 mus:
658 1325 786 1389 τοῖς
836 1318 1234 1397 κρατοῦσί
1278 1322 1337 1382 τ’
1386 1320 1690 1396 ἐγκοτεῖν.

516 1528 797 1597 Pacilius
844 1529 1105 1597 fortasse
1149 1529 1497 1598 lectoribus
1542 1533 1933 1619 persuadebo
1979 1534 2058 1599 de
2105 1531 2387 1618 Ghoeph.
2443 1529 2608 1596 113:

936 1636 1098 1709 abr-35
1143 1637 1220 1702 σὺ
1267 1643 1478 1703 ταῦτα
1526 1637 1916 1715 μανθανουσ’
1965 1641 2075 1716 ἤδη
2124 1641 2469 1721 Φρῶσαι.

428 1742 867 1832 Incongruum
935 1743 1043 1809 hic
1107 1749 1204 1810 est
1265 1746 1533 1810 verbum
1599 1747 1884 1811 medium
1947 1746 2332 1828 φράζεσθαι.
2397 1744 2649 1811 Scribe:
2697 1743 2806 1819 ἤδη

419 1850 803 1932 ’φρασας.
852 1849 980 1917 Res
1025 1850 1363 1918 manifesta
1411 1857 1526 1917 est.

516 2065 665 2134 Soio
711 2067 970 2155 quidem
1016 2068 1335 2155 quomodo
1380 2067 1688 2155 explicari
1731 2072 1931 2156 possit
1975 2067 2257 2155 Choepb.
2310 2067 2478 2135 137:

1323 2176 1374 2240 οἱ
1424 2175 1475 2239 δ’
1524 2175 1875 2254 ὑπερκότως·

879 2283 940 2347 ἐν
985 2291 1144 2348 τοῖσι
1192 2289 1319 2353 σοῖς
1367 2281 1678 2348 πόνοισι
1725 2282 2010 2362 χλίουσιν
2059 2282 2284 2362 μέγα..

424 2390 535 2458 sed
581 2390 865 2476 praefero
914 2389 949 2453 δ
966 2388 1060 2465 ὀμ
1080 2411 1273 2465 οισι,
1320 2389 1490 2475 quod
1534 2393 1606 2455 in
1649 2390 1935 2476 simplici
1982 2412 2049 2456 re
2093 2389 2286 2477 longe
2332 2387 2712 2475 simplicius.

511 2602 947 2672 Confidentius
987 2601 1231 2689 aliquid
1275 2605 1693 2689 pronunciare
1736 2604 1980 2672 audebo
2029 2604 2106 2671 de
2151 2603 2434 2690 Choeph.
2487 2599 2650 2670 142:

1336 2719 1463 2783 τοῖς
1510 2710 1561 2775 δ’
1613 2711 1902 2783 ἐναντίοις

876 2815 1093 2895 λέγω
1141 2819 1419 2898 φανῆναί
1462 2840 1607 2896 σου,
1657 2816 1896 2898 πάτερ,
1950 2819 2285 2903 maiorm„

418 2947 569 2994 nam
614 2925 835 2992 nullus
879 2931 1100 2990 metuo
1143 2945 1223 2990 ne
1270 2925 1413 3010 quis
1456 2924 1578 2991 hoc
1625 2925 1866 2992 sincere
1911 2929 2223 3011 scriptum
2264 2946 2399 2991 esse
2438 2924 2803 3004 existimet,

418 3032 574 3099 licet
649 3033 1025 3117 interpretes
1093 3050 1248 3116 quos
1315 3029 1610 3096 consului
1627 3080 1645 3115 ,
1716 3032 1796 3096 ad
1864 3032 2168 3098 orationis
2238 3032 2604 3098 scabritiem
2671 3031 2805 3097 fere

420 3141 831 3213 conniveant,
894 3137 1051 3201 dum
1112 3139 1383 3202 minime
1443 3140 1794 3204 necessarie
1840 3137 2061 3203 sedulo
2106 3137 2433 3204 inculcant
2478 3143 2543 3203 et
2587 3136 2804 3203 ulcere

418 3244 611 3333 paulo
678 3246 975 3332 graviora
1040 3245 1154 3308 vix
1222 3243 1430 3331 digito
1499 3249 1792 3331 tangunt.
1888 3244 2139 3309 Verum
2208 3244 2471 3309 sortasse
2538 3243 2657 3309 hoc
2722 3264 2803 3309 ne

416 3349 873 3439 postulandum
937 3348 1195 3433 quidem
1260 3355 1358 3414 est
1416 3352 1485 3414 in
1546 3357 1853 3435 perpetuo
1916 3352 2374 3416 commentario
2396 3401 2411 3428 ‚
2462 3356 2538 3416 ut
2584 3350 2801 3416 omnia

416 3457 652 3524 menda.
715 3461 782 3523 et
838 3475 1057 3521 omnes
1109 3457 1378 3521 vitiosae
1438 3453 1743 3521 lectiones
1802 3459 1871 3521 in
1936 3457 2107 3523 clara
2151 3458 2292 3523 luce
2339 3463 2685 3542 ponantur3
2729 3455 2800 3521 id

418 3571 636 3631 tamen
695 3562 1003 3647 interpres
1060 3567 1378 3647 praestare
1422 3564 1692 3648 poterit,
1742 3569 1817 3628 ut
1860 3562 2028 3628 nihil
2074 3563 2292 3629 afferat
2310 3610 2326 3640 ‚
2374 3583 2499 3650 quo
2545 3561 2800 3629 lectori-

419 3669 540 3736 bus
583 3670 917 3757 ingenium
966 3666 1355 3733 obtundatur
1398 3670 1614 3753 potius
1659 3689 1855 3754 quam
1901 3675 2185 3735 acuatur.
2234 3668 2405 3735 Hinc
2453 3668 2802 3735 editoribus

418 3781 641 3863 paratu
705 3776 895 3842 venia
952 3780 1084 3858 est,
1141 3776 1197 3838 si
1258 3772 1338 3839 ad
1392 3774 1564 3840 hunc
1610 3772 1827 3841 locum
1873 3774 2040 3840 nihil
2085 3775 2562 3855 adnotaverint3
2609 3774 2801 3841 modo

416 3904 498 3950 ne
541 3885 611 3949 in
656 3886 977 3969 posterum
1024 3885 1316 3946 recusent
1360 3881 1663 3947 scribere:

1320 3994 1446 4059 τοῖς
1494 3986 1546 4052 δ’
1594 3988 1883 4062 ἐναντίοις

962 4093 1157 4160 αἰτῶ
1203 4094 1482 4176 φανῆναί
1526 4117 1671 4181 σου,
1721 4094 1921 4176 πάτερ
1944 4146 1960 4174 ,
2012 4094 2318 4177 τιμάορον.

507 4309 789 4401 Chooph.
841 4310 1005 4379 152:
1098 4308 1224 4378 ἵετε
1270 4308 1459 4391 δάκρυ
1507 4310 1786 4394 καναχὲς
1835 4311 1866 4375 ὅ
1878 4328 1920 4376 λ
1940 4311 1972 4378 ό
1991 4336 2044 4391 μ
2061 4337 2091 4377 ε
2109 4336 2139 4376 ν
2153 4335 2182 4378 ο
2199 4337 2229 4377 ν

1094 4416 1360 4502 ὀλομένῳ
1415 4416 1711 4503 δεσπότᾳ.
