3192 5017
1302 292 1544 352 menno,
2490 272 2621 350 261

253 462 351 534 sed
392 470 607 555 potuit
651 472 980 540 ostendere
1023 491 1164 538 eam
1215 471 1332 535 niba·
1375 471 1708 558 probatam
1755 492 1911 538 esse.
1971 471 2174 540 Scrib.
2222 485 2282 539 et
2317 473 2621 557 probatis-

250 580 439 639 simam
482 593 611 642 slm
636 579 958 663 femmam.
1055 577 1329 643 Etiamsi
1363 578 1823 661 probatissimus
1867 576 2037 642 idem
2080 582 2245 644 esset
2282 578 2450 663 quod
2473 600 2622 662 pro·

248 679 544 759 biamus,
591 705 707 768 quo
751 683 1119 767 superlativo
1163 705 1477 768 numquam
1523 685 1718 748 utitur
1762 683 1979 769 Cicero,
2016 688 2234 749 tamen
2270 686 2620 749 sententiae

246 806 362 852 non
407 789 818 856 satisfaceret.

329 967 495 1053 §12
548 972 777 1049 „uxori
815 970 1057 1059 grande
1094 969 1344 1056 pondus
1382 972 1635 1057 argenti
1668 972 1989 1057 matrique
2025 975 2273 1056 partem
2311 971 2621 1037 maiorem

248 1072 546 1140 bonorum
592 1076 909 1162 legavit.”

329 1179 740 1267 Legendum.
804 1181 1056 1269 argenti
1116 1180 1406 1266 aurique,
1450 1182 1632 1245 matri
1677 1186 1925 1267 partem
1971 1180 2111 1248 rell.
2159 1180 2328 1247 Cum
2372 1186 2622 1267 aurique

250 1286 313 1348 in
353 1286 643 1372 mamque
689 1292 853 1352 esset
891 1292 1295 1372 corruptum,
1335 1288 1517 1350 matri
1555 1292 1653 1353 est
1691 1288 2024 1353 omissum.
2116 1286 2438 1353 Indicium
2484 1289 2621 1352 eius

251 1390 630 1476 corruptelae
687 1399 782 1458 est
853 1415 996 1478 que,
1044 1395 1112 1457 in
1158 1391 1429 1479 vulgata
1474 1394 1806 1458 vitiosum.
1900 1391 2105 1459 Paulo
2156 1400 2336 1457 ante.
2386 1397 2493 1470 „et
2539 1412 2619 1457 ex

248 1515 367 1580 quo
408 1500 765 1562 maximum
813 1497 1096 1563 fructum
1143 1497 1283 1582 ipsa
1329 1497 1636 1582 capiebat.
1687 1495 1813 1563 Sed
1850 1499 2022 1563 hunc
2051 1499 2325 1584 fructum
2367 1502 2620 1563 mature

249 1599 490 1667 fortuna
534 1603 819 1669 ademit”
868 1603 1144 1674 alterum
1173 1604 1456 1689 fructum
1503 1602 1846 1669 delendum
1887 1610 1984 1670 est
2002 1653 2019 1688 ‚
2061 1624 2210 1669 cum
2251 1605 2622 1689 praesertim

251 1704 409 1773 illud
439 1710 692 1795 fructus
736 1716 801 1775 et
836 1709 986 1797 frui
1030 1708 1281 1794 saepius
1326 1711 1460 1774 iam
1505 1710 1575 1773 in
1618 1711 1928 1794 proximis
1972 1708 2287 1797 legantur.

342 1902 442 1970 13.
505 1906 919 1983 „versabatur
976 1925 1051 1971 eo
1097 1924 1344 1990 quoque
1389 1911 1676 1991 tempore
1721 1908 1790 1969 in
1834 1905 1939 1971 his
1981 1906 2336 1972 rationibus
2382 1909 2619 1973 auctio·

254 2007 347 2072 nis
386 2015 451 2074 et
493 2011 803 2096 partionis
847 2017 1038 2096 atque
1083 2015 1280 2076 etiam
1327 2031 1396 2077 se
1437 2011 1575 2097 ipse
1621 2011 1931 2077 inferebat
1976 2017 2042 2077 et
2084 2013 2494 2077 intrudebat.”

331 2112 622 2181 Primum
691 2123 975 2182 constare
1042 2116 1230 2182 debet
1298 2116 1611 2182 bonorum
1685 2117 1976 2182 codicum
2044 2118 2385 2183 lectionem
2455 2123 2615 2184 intro

253 2219 418 2284 dabat
482 2242 616 2287 esse
678 2221 1087 2288 reficiendam
1104 2270 1122 2305 ‚
1184 2228 1282 2287 est
1345 2225 1516 2288 enim
1576 2221 1743 2287 illud
1805 2228 1870 2288 et
1916 2225 2237 2308 poeticum
2285 2229 2350 2288 et
2397 2243 2435 2289 a
2477 2244 2619 2290 sen-

253 2327 437 2391 tentia
496 2326 780 2392 alienum
798 2372 816 2403 ,
887 2347 1039 2393 nam
1104 2326 1270 2393 nihil
1330 2325 1689 2415 significare
1748 2333 1959 2412 potest
2020 2330 2177 2392 nisi:
2238 2328 2507 2393 domum
2552 2348 2619 2396 se

253 2431 604 2497 conferebat.
702 2431 894 2497 Klotz
955 2436 1021 2499 et
1080 2432 1118 2499 J
1123 2432 1361 2516 ordan.,
1410 2452 1567 2517 quos
1615 2435 1904 2517 sequitur
1945 2430 2191 2508 Halm„
2238 2452 2353 2498 suo
2399 2432 2617 2521 gladio

252 2536 482 2603 confodi
537 2543 803 2623 possunt
819 2584 838 2615 ,
901 2557 1121 2604 eorum
1178 2539 1351 2602 enim
1398 2536 1693 2622 exempla
1736 2537 1891 2603 satis
1937 2537 2104 2623 quod
2151 2538 2286 2602 dixi
2329 2542 2614 2623 probant.

252 2640 770 2709 Proficiscendum
818 2649 918 2709 est
959 2644 1167 2730 igitur
1203 2663 1241 2709 a
1278 2643 1549 2709 lectione
1582 2644 1924 2708 iamdabat
1964 2646 2082 2727 (sic
2122 2646 2318 2709 etiam
2342 2643 2618 2730 Franc.)‚

254 2753 311 2811 et
341 2752 637 2832 quoniam
674 2748 841 2815 illud
878 2748 1266 2815 vocabulum
1304 2747 1462 2813 alibi
1505 2754 1812 2814 testatum
1861 2769 1988 2814 non
2034 2758 2163 2825 est;
2213 2748 2615 2814 scribendum

254 2852 594 2919 obmdebat.
691 2852 944 2920 Vitium
1013 2860 1241 2920 natum
1310 2874 1389 2920 ex
1456 2855 1762 2941 mser-ebat
1777 2902 1796 2933 ,
1868 2854 2090 2921 eadem
2156 2855 2617 2940 praepositione

254 2975 561 3043 perperam
611 2960 711 3025 bis
756 2962 994 3046 posita,
1047 2967 1197 3026 note
1242 2960 1651 3026 librariorum
1696 2962 2057 3027 oscitantia.

336 3142 430 3208 15.
482 3142 784 3222 „mandat
829 3150 901 3209 ut
950 3142 1221 3208 fundum
1268 3142 1393 3209 sibi
1449 3146 1625 3208 emat
1668 3176 1758 3191 -
1804 3142 1911 3207 cui
1963 3141 2219 3206 tandum
2237 3188 2255 3219 ,
2319 3143 2425 3208 cui
2489 3163 2611 3228 pu-

251 3246 427 3315 tatis?
474 3270 554 3316 an
599 3269 724 3315 non
769 3251 840 3313 in
883 3253 1167 3314 mentem
1216 3248 1398 3314 vobis
1442 3250 1620 3314 venit
1666 3246 1963 3313 omnibus
2001 3245 2181 3312 illius
2217 3247 2338 3313 hoc
2375 3268 2613 3315 munus

252 3371 369 3418 esse
408 3356 488 3421 ad
533 3357 749 3420 omnia
792 3353 1081 3420 mulieris
1126 3356 1387 3440 negotia
1434 3355 1675 3438 parati,
1729 3351 1863 3417 sine
1909 3371 2034 3437 quo
2081 3353 2246 3418 nihil
2292 3356 2447 3420 satis
2484 3354 2613 3421 cal-

250 3454 366 3524 lide
407 3463 616 3545 posset
662 3456 813 3547 agi?
858 3458 1057 3525 Recte
1102 3457 1491 3525 attenditis.''

327 3563 761 3650 Repetendum
823 3585 1042 3629 censeo
1102 3565 1312 3630 illius.-
1380 3584 1503 3642 „an
1564 3585 1689 3630 non
1747 3567 1816 3629 in
1876 3570 2160 3630 mentem
2205 3565 2388 3631 vobis
2432 3568 2611 3634 venit

253 3670 526 3735 omnibus
584 3666 802 3734 illius?
861 3669 1046 3734 IHius
1108 3669 1226 3735 hoc
1271 3691 1509 3735 munus
1556 3690 1724 3746 esse,
1775 3669 1855 3735 ad
1900 3672 2116 3735 omnia
2160 3669 2449 3738 mulieris
2494 3694 2608 3739 ne-

253 3777 413 3858 gotia
468 3777 675 3861 parati
691 3772 761 3839 ?“
823 3776 971 3839 Luc
1031 3795 1147 3860 pro
1197 3776 1401 3862 fui-use
1460 3775 1528 3839 in
1573 3774 1695 3840 hac
1740 3779 2097 3841 narratione
2117 3824 2135 3861 ‚
2183 3797 2310 3861 qua
2353 3777 2608 3864 singula

253 3886 535 3964 tanquam
579 3881 935 3965 praesentia
979 3879 1181 3946 oculis
1225 3881 1656 3947 subiiciuntur
1701 3880 1848 3946 ferri
1893 3886 2123 3967 potest.

333 4059 433 4129 19.
523 4062 815 4142 „homini
880 4062 1122 4129 Romae
1180 4063 1248 4128 in
1312 4063 1445 4128 foro
1510 4062 1844 4128 denuntiat
1902 4064 2272 4148 (Aebutius)
2331 4064 2605 4129 fundum

253 4163 421 4233 illum
463 4207 549 4220 -
600 4189 788 4234 suum
835 4189 968 4235 esse
1013 4188 1269 4253 seseque
1315 4168 1437 4233 sibi
1494 4171 1745 4233 emisse.
1840 4166 2007 4248 Quid
2070 4166 2208 4235 ais?
2269 4171 2444 4235 istius
2498 4169 2611 4237 ille

254 4268 467 4339 fundus
528 4271 660 4341 est?
712 4311 794 4323 —
845 4273 1014 4340 Usus
1060 4276 1230 4339 enim
1252 4320 1268 4352 ,
1314 4275 1527 4358 inquit
1545 4324 1563 4348 ‚
1614 4277 1748 4339 eius
1793 4273 1977 4339 fundi
2023 4280 2087 4339 et
2131 4274 2376 4343 fluctus
2419 4281 2610 4343 testa-

253 4384 448 4447 mento
492 4382 620 4449 viri
665 4381 874 4448 fuerat
919 4377 1362 4447 Caesenniae.'’
