3192 5017
1362 306 1596 361 mvms.
2544 288 2675 360 407

291 475 610 554 θανόμενος
675 479 739 543 τί
798 477 1092 551 παθόντες
1159 480 1509 555 ἕκλῆθονται
1575 488 1691 547 τῶν
1755 484 2169 562 συγκειμένων
2228 487 2333 552 καὶ
2385 485 2673 566 πρέσβεις

292 583 435 647 κατ’
500 586 691 648 αὐτοῦ
748 586 1231 665 περιπέμπουσιν
1286 587 1449 660 ὄντος
1495 589 1717 669 φίλου·
1768 591 1895 656 δέον
1944 592 1994 656 εἱ
2045 592 2155 657 καί
2202 617 2263 658 τι
2310 592 2675 675 μέμφονται

290 687 459 771 λόγῳ
525 692 913 771 διακριθῆναι.
988 692 1284 779 Aequum
1358 701 1422 759 et
1495 698 1926 762 iustissimum
2000 705 2157 764 orat.
2222 700 2330 764 sed
2397 701 2548 785 quid
2597 699 2676 765 ad

290 796 443 862 haec
490 795 806 863 Romani?
854 801 905 863 ol
954 800 1006 863 δ’
1056 800 1375 865 ἐνεκάλουν
1423 797 1572 866 ὅσα
1623 802 1988 881 Εὐμένης
2037 803 2262 871 εἴποι
2315 805 2419 871 καὶ
2472 805 2676 871 πάθοι.

290 903 560 987 Appian.
631 904 745 969 IX.
804 903 865 968 3.
937 905 1252 972 Similiter
1313 907 1511 995 legati
1578 907 1851 974 Romani
1896 911 1975 975 ad
2024 932 2122 976 res
2163 913 2533 997 repetendas
2582 934 2677 977 re-

286 1010 837 1096 nunciandamque
904 1015 1261 1078 amicitiam
1331 1016 1467 1102 reg-i
1541 1016 1725 1080 missi
1792 1014 1958 1103 (Liv.
2019 1016 2127 1101 42,
2175 1016 2287 1099 25)
2357 1018 2671 1083 referunt:

286 1122 549 1197 exposita
616 1140 738 1181 esee
804 1120 877 1182 ab
932 1143 994 1183 ae
1056 1121 1263 1184 ordine
1324 1143 1476 1204 qnae
1542 1121 1664 1204 ipsi
1727 1145 1915 1205 nuper
1979 1128 2044 1186 in
2091 1124 2313 1188 Senatu
2359 1124 2676 1188 Eumenem

289 1240 455 1286 vm
517 1241 712 1289 cmm
764 1243 845 1290 m·
893 1243 1229 1291 commu
1277 1227 1633 1313 referentem
1683 1229 2012 1294 audissent.
2115 1228 2322 1309 Quam
2371 1228 2536 1295 nibil
2586 1250 2677 1295 es·

290 1334 387 1393 set
433 1331 498 1394 in
544 1330 645 1394 his
694 1349 841 1396 vum
888 1344 951 1397 et
997 1349 1313 1397 oomns'm
1360 1334 1523 1398 bona
1568 1354 1714 1418 pars
1760 1343 2119 1400 senatorum
2176 1334 2438 1400 minime
2484 1338 2671 1422 igno-

292 1437 486 1501 rabat.
587 1435 926 1516 Quantivis
976 1440 1162 1522 pretii
1214 1439 1649 1504 testimonium
1697 1441 1878 1504 nobis
1925 1441 2091 1525 apud
2142 1442 2507 1525 Appianum
2551 1461 2676 1506 ser-

292 1548 514 1608 vatum
565 1550 659 1608 est
705 1543 824 1608 IX.
879 1542 951 1608 2:
1007 1549 1122 1607 τῶν
1168 1543 1228 1608 δὲ
1269 1544 1618 1621 βουλευτῶν
1659 1545 1876 1613 πολλοὶ
1921 1545 2021 1609 τὸν
2064 1545 2308 1624 Εὐμένη
2348 1546 2424 1610 δι’
2466 1546 2676 1618 αἰτίας

286 1644 454 1728 εἶχον
502 1649 618 1713 ὑπὸ
664 1649 884 1729 Φθόνου
933 1650 1038 1713 καὶ
1091 1650 1253 1720 δέους
1308 1649 1500 1715 αἴτιον
1551 1651 1796 1715 τοσοῦδε
1846 1651 2124 1729 πολέμου
2174 1652 2516 1731 γενόμενον.
2570 1652 2676 1719 καὶ

287 1755 491 1820 Ῥόδιοι
538 1758 648 1829 τὴν
696 1757 941 1834 θεωρίαν
991 1759 1179 1821 αὐτοῦ
1226 1754 1408 1833 μόνου
1455 1755 1769 1833 βασιλέων
1817 1758 1879 1827 ἐς
1927 1760 2036 1831 τὴν
2085 1759 2285 1836 ἑορτὴν
2332 1759 2678 1823 τοῦἨλιόυ

288 1863 689 1940 πεμπομένην
761 1866 866 1929 οὐκ
938 1862 1239 1939 ἐδέξαντο.
1316 1862 1513 1928 Erant
1583 1863 1652 1927 hi
1722 1870 2040 1929 senatores
2102 1872 2323 1928 veteres
2386 1871 2441 1928 et
2499 1866 2679 1929 moris

286 1969 524 2053 antiqui
579 1992 851 2033 memores
896 1969 1066 2054 (Liv.
1119 1967 1224 2045 42,
1279 1966 1391 2051 47)
1440 1989 1708 2053 quorum
1763 1969 1960 2033 animi
2010 1970 2201 2033 fortes
2249 1976 2314 2034 et
2361 1971 2594 2035 feroces
2640 1992 2679 2037 a

287 2073 428 2140 dolo
497 2080 559 2139 et
632 2075 849 2140 fraude
922 2075 1362 2150 abhorrerent,
1435 2074 1546 2139 sed
1618 2082 1760 2138 tum
1833 2095 2080 2160 quoque
2158 2076 2310 2141 vicit
2381 2096 2456 2142 ea
2527 2098 2672 2161 pars

285 2187 572 2265 semme,
635 2181 737 2246 cui
807 2181 1012 2266 potior
1075 2180 1259 2246 utilis
1322 2202 1515 2265 quam
1578 2181 1827 2246 honesti
1875 2201 2026 2245 cura
2072 2188 2226 2247 erat.
2278 2181 2512 2248 Eorum
2566 2184 2676 2267 qui

286 2293 578 2374 antiquos
646 2309 854 2354 mores
927 2286 1201 2353 colerent
1272 2289 1561 2372 princeps
1633 2294 1696 2352 et
1764 2290 2215 2375 antesignanus
2283 2290 2424 2373 quis
2481 2289 2677 2354 fuerit

285 2416 407 2460 non
456 2402 554 2461 est
601 2398 841 2461 incerta
887 2396 1248 2460 coniectura
1292 2394 1729 2484 indagandum
1777 2394 1885 2459 sed
1934 2414 2032 2458 res
2082 2397 2222 2478 ipsa
2271 2396 2426 2461 satis
2464 2394 2676 2461 decla-

284 2509 401 2566 rat.
467 2501 765 2566 Florebat
826 2506 969 2564 tum
1017 2499 1083 2563 in
1133 2502 1309 2564 curia
1356 2503 1456 2563 vir
1502 2501 1700 2583 asperi
1736 2500 1954 2582 procul
1994 2502 2171 2563 dubio
2215 2500 2403 2564 animi
2452 2507 2508 2565 et
2551 2502 2677 2563 lin-

275 2631 429 2689 quae
474 2608 716 2671 acerbae
762 2614 818 2670 et
865 2607 1169 2671 immodice
1215 2607 1439 2669 liberae
1460 2655 1477 2688 ,
1527 2607 1636 2670 sed
1680 2606 1893 2669 invicti
1940 2629 1979 2668 a
2021 2606 2449 2688 cupiditatibus
2492 2607 2677 2670 animi

284 2725 345 2776 et
385 2714 616 2796 riqidae
662 2714 1031 2777 innocentiae
1079 2719 1394 2776 contemtor
1425 2712 1667 2791 ⁸cratiae
1705 2734 1775 2773 ac
1813 2711 2163 2774 divitiarum
2210 2711 2374 2795 (biv.
2420 2711 2527 2795 39,
2565 2712 2678 2797 40)

284 2820 401 2884 M.·
428 2820 693 2885 Porcius
751 2816 907 2884 Cato
957 2817 1318 2894 Censorius,
1372 2820 1481 2902 qui
1530 2837 1654 2901 quo
1704 2819 1916 2882 animo
1965 2817 2157 2881 fuerit
2202 2819 2269 2881 in
2317 2817 2673 2883 Eumenem

282 2925 663 2990 Plutarchus
718 2924 994 2990 ostendit
1063 2925 1152 2988 cin
1224 2924 1348 2987 Cat.
1416 2928 1617 2986 maior.
1685 2943 1821 3008 cap.
1903 2921 2008 3003 8):
2077 2922 2208 2986 ἐπεὶ
2261 2922 2313 2985 δ’
2364 2924 2670 2999 Εὐμένους

284 3036 388 3094 τοῦ
435 3031 746 3109 βασιλέως
801 3029 1290 3105 ἐπιδημήσαντος
1344 3029 1426 3097 εἰς
1479 3027 1713 3104 Ῥώμην
1772 3027 1809 3103 ἶς’
1847 3052 1916 3092 τε
1959 3026 2309 3104 σύγκλητος
2356 3029 2677 3108 ὑπερφυῶς

285 3135 624 3213 ὑπεδέξατο
673 3136 776 3199 καὶ
828 3144 944 3200 τῶν
993 3135 1235 3210 πρώτων
1284 3132 1538 3209 ἅμιλλα
1584 3134 1690 3198 καὶ
1742 3135 1970 3207 σπουδὴ
2025 3134 2155 3211 περὶ
2209 3136 2394 3200 αὐτὸν
2438 3136 2676 3213 ἐγίνετο

284 3244 459 3320 δῆλος
528 3240 593 3316 ἦν
657 3244 681 3305 ὁ
744 3244 962 3307 Κάτων
1014 3241 1389 3322 ὑφορώμενοι
1447 3241 1549 3303 καὶ
1596 3238 2070 3318 Φυλαττόμενος
2121 3240 2345 3305 αὐτόν·
2404 3240 2675 3311 εἰπόντος

286 3350 346 3415 δέ
418 3373 610 3422 τινος·
687 3350 863 3415 άλλά
934 3351 1055 3427 μὴν
1117 3347 1346 3429 χρηςός
1413 3348 1502 3413 ἐςι
1570 3347 1674 3411 καὶ
1740 3346 2194 3427 φιλορώμαιος,
2266 3345 2418 3424 {cc-1,
2468 3344 2675 3427 εἶπεν,

285 3457 460 3520 άλλά
527 3456 712 3536 φύσει
784 3460 959 3520 τοῦτο
1021 3455 1091 3519 τὸ
1154 3453 1297 3535 ζῷον
1344 3451 1748 3531 σαρκοφάγον
1798 3454 1938 3520 ε’ςίν.
2043 3454 2180 3520 Hoc
2228 3455 2473 3519 dictum
2522 3456 2673 3520 iecit

287 3561 444 3628 Cato
508 3582 812 3627 annorum
878 3560 1059 3626 LXII
1123 3558 1535 3645 (234-1'72)
1587 3581 1788 3642 quum
1839 3581 2001 3624 unus
2051 3559 2342 3625 omnium
2390 3564 2673 3627 maxime

285 3671 349 3734 in
398 3670 659 3734 civitate
707 3668 967 3733 valeret.
1015 3666 1175 3734 Cato
1223 3670 1428 3754 igitur
1474 3666 1829 3731 Eumenem
1876 3668 2287 3731 aversabatur
2335 3669 2447 3751 qui
2496 3674 2676 3732 metu

285 3785 348 3842 et
411 3777 613 3842 livore
673 3776 900 3841 ductus
966 3781 1219 3840 tantum
1272 3773 1512 3838 bellum
1563 3771 1914 3838 conflasset.
2013 3771 2171 3837 Cato
2220 3776 2331 3857 qui
2378 3773 2672 3860 linguam

284 3904 569 3969 asperam
638 3888 704 3946 et
788 3882 1130 3945 immodice
1217 3880 1485 3945 liberam
1568 3879 1832 3945 haberet
1900 3899 2102 3963 neque
2173 3879 2341 3962 quod
2412 3880 2677 3944 sentiret

283 3991 527 4055 celabat
587 4008 788 4072 neque
851 3987 1197 4071 quidquam
1265 4006 1464 4070 quum
1511 3985 1707 4049 huius
1756 3983 1911 4049 belli
1960 3985 2287 4049 historiam
2339 3984 2405 4047 in
2467 3984 2670 4063 Orici·

283 4096 457 4160 nibus
518 4095 819 4158 scriberet
867 4090 1299 4157 dissimulavit
1352 4089 1518 4175 quod
1567 4092 1810 4156 civium
1863 4110 2121 4154 suorum
2179 4091 2523 4154 vanitatem
2573 4111 2673 4155 ar·

284 4207 528 4288 guel-et.

374 4307 582 4387 Quum
648 4303 992 4390 diligenter
1057 4322 1303 4366 mecum
1356 4322 1724 4385 quaererem
1773 4304 1914 4386 quis
1961 4300 2393 4366 Romanorum
2442 4301 2667 4368 fuisset

290 4418 416 4478 tam
471 4412 677 4478 audax
725 4419 797 4474 ut
844 4410 1184 4477 scriberet:
1228 4413 1524 4485 Ῥωμαῖοι
1562 4407 1808 4490 ταχέως
1856 4404 2266 4485 αὐξανόμενον
2307 4407 2409 4472 τὸν
2435 4409 2668 4493 Περσέα
