3192 5017
543 287 678 357 238
1256 330 1263 337 -
1547 311 1933 363 somoonm.

911 484 954 551 ὦ
1004 485 1318 568 φίλτατον
1366 486 1675 568 Φῶνημα·
1725 491 1850 568 Φεῦ
1900 486 1969 551 τὸ
2020 486 2152 550 καὶ
2199 486 2506 564 λαβεῖν

911 593 1340 672 πρόσφθεγμα
1386 592 1604 658 τοιοῦδ’
1656 593 1862 670 ἀνδρὸς
1914 593 1974 657 ἕν
2020 592 2215 672 χρόνῳ
2263 596 2523 676 μακρᾷ,

548 703 612 765 in
670 702 771 766 his
832 703 1115 785 primum
1172 700 1464 765 inaudita
1525 707 1621 765 est
1666 700 2051 785 periphrasis
2099 700 2325 778 λαβεῖν
2371 699 2813 780 πρόσφθεγμα
2856 722 2922 767 eo

547 809 771 892 utique
840 828 1026 872 sensu
1096 827 1284 891 quem
1358 806 1536 871 locus
1605 805 1906 891 postulat.
2014 806 2219 885 Quem
2292 807 2715 892 alloquimur,
2785 829 2923 873 eum

548 911 1147 993 προσφθεγγόμεθα
1194 916 1374 998 isque
1420 911 1864 993 πρόσφθεγμα
1911 913 2235 988 λαμβάνει
2284 919 2349 977 et
2396 912 2733 979 salutatur.
2828 913 2925 978 Sic

545 1021 817 1087 verbum
882 1028 979 1086 est
1039 1020 1505 1100 προσαγορεύειν
1568 1028 1633 1085 et
1680 1021 2155 1099 προσαγόρευσιν
2204 1019 2563 1097 λαμβάνειν
2608 1023 2925 1085 invenitur

545 1128 615 1191 in
658 1125 1021 1192 Phalaridis
1067 1128 1340 1212 quadam
1391 1126 1701 1211 epistula,
1751 1146 1945 1210 quam
1993 1125 2311 1203 Henricus
2358 1124 2721 1212 Stephanus
2767 1126 2924 1190 indi-

547 1224 738 1299 cavit.
832 1232 1030 1298 Recte
1078 1233 1335 1317 quidem
1380 1233 1441 1297 Ν
1444 1233 1714 1298 auckius
1762 1234 1993 1297 vertit:
2035 1231 2114 1297 W
2105 1232 2164 1296 ie
2208 1233 2470 1296 herrlich
2515 1233 2596 1296 ist
2642 1256 2704 1296 οε
2748 1233 2921 1309 doch,

544 1340 699 1402 nach
740 1361 805 1403 80
851 1340 1058 1419 Zanqer
1102 1340 1235 1402 Zeit
1280 1341 1432 1401 auch
1475 1361 1593 1402 nur
1639 1339 1739 1401 die
1784 1339 2024 1401 Anrede
2069 1339 2232 1401 eines
2278 1340 2512 1402 colchen
2560 1339 2822 1404 Manna
2855 1360 2923 1402 zu

547 1445 864 1509 erhalten!
932 1442 1055 1509 Sed
1125 1464 1249 1508 non
1306 1464 1559 1528 prorsus
1619 1445 1739 1509 hoc
1803 1446 2099 1511 convenit
2158 1465 2363 1528 neque
2428 1450 2763 1510 contentus
2811 1446 2926 1508 erit

547 1551 905 1616 Philocteta
927 1598 942 1626 ,
1013 1552 1067 1614 si
1136 1549 1199 1614 N
1201 1549 1610 1634 eoptolemus‘
1666 1548 2045 1635 simpliciter
2113 1571 2179 1615 se
2240 1549 2483 1616 salvere
2547 1552 2807 1616 iusserit
2869 1553 2926 1612 et

549 1657 778 1722 abierit
847 1662 1183 1742 postquam
1247 1660 1383 1741 ipse
1443 1658 1650 1721 tribus
1710 1658 1922 1722 verbis
1987 1655 2259 1721 salutem
2317 1657 2681 1721 reddiderit.
2777 1654 2927 1720 Vult

549 1762 826 1847 colloqui
872 1783 1019 1827 cum
1068 1762 1469 1841 adulescente
1507 1783 1699 1847 quem
1741 1763 1929 1828 modo
1969 1764 2295 1847 conspexit
2334 1769 2399 1826 et
2437 1766 2658 1827 statim
2702 1782 2924 1826 nomen

547 1878 735 1957 rogat
795 1875 859 1935 et
906 1890 1161 1935 causam
1210 1871 1478 1934 itineris.
1571 1869 1688 1933 Est
1734 1877 2057 1953 praeterea
2100 1871 2527 1954 incongruum
2574 1868 2741 1933 illud
2786 1867 2920 1942 καί,

549 1975 717 2060 quod
773 1996 895 2040 non
963 1979 1116 2040 satis
1179 1980 1397 2040 tuetur
1457 1973 1653 2059 Soph.
1715 1974 1813 2039 El.
1885 1973 2082 2049 1154,
2141 1994 2328 2059 quem
2389 1974 2654 2039 unicum
2721 1975 2923 2040 locum

549 2080 884 2145 Nauckius
953 2081 1307 2164 adscripsit.
1404 2079 1572 2145 Bene
1641 2080 1761 2146 hoc
1839 2083 2037 2145 sensit
2096 2079 2397 2145 Reiskius
2460 2082 2571 2163 qui
2634 2081 2925 2145 coniecit:

547 2191 675 2265 φεῦ
725 2185 799 2250 τό
844 2186 915 2262 μ’
966 2188 1031 2250 οὗ
1078 2186 1304 2262 λαβεῖν
1351 2193 1416 2251 et
1449 2185 1874 2273 Blaydesius,
1928 2189 2039 2271 qui
2077 2187 2358 2271 reposuit
2397 2185 2566 2270 quod
2605 2184 2924 2252 Graecitas

547 2294 675 2357 nisi
735 2291 922 2358 fallor
981 2291 1289 2378 postulat:
1353 2297 1478 2375 φεῦ
1541 2293 1614 2357 τὸ
1676 2293 1765 2370 μὴ
1826 2292 2076 2370 λαβεῖν.
2173 2291 2263 2355 Ut
2325 2297 2542 2357 autem
2605 2290 2921 2357 lucremur

547 2399 615 2464 id
662 2398 830 2484 quod
875 2397 1312 2485 significabam
1361 2404 1662 2465 contextu
1706 2398 2021 2486 flagitari,
2061 2399 2209 2464 vide
2242 2418 2398 2461 num
2441 2400 2634 2463 scribi
2666 2399 2915 2465 debeat:

915 2502 957 2568 ὦ
1005 2505 1315 2584 φίλτατον
1364 2504 1665 2587 φώνημα’
1713 2510 1840 2583 Φεῦ
1890 2505 1961 2568 τὸ
2008 2505 2486 2582 συμβαλεῖν

910 2608 1346 2692 πρόσφθεγμα
1393 2610 1609 2675 τοιοῦδ’
1657 2611 1861 2690 ἀνδρὸς
1912 2612 1976 2674 ἐν
2020 2592 2215 2693 χρόνῳ
2262 2610 2527 2693 μακρᾷ,

544 2718 849 2784 nimirum
898 2737 1022 2802 quo
1069 2737 1255 2782 sensu
1300 2716 1664 2803 Aeschylus
1708 2718 1961 2802 scripsit
1999 2714 2281 2800 Ohoeph.
2327 2714 2493 2782 677:
2535 2717 2736 2794 ἀγνὼς
2778 2717 2918 2795 πρὸς

544 2827 778 2904 ἀγνῶτ’
825 2821 963 2888 εἷπε
1007 2823 1356 2901 συμβαλὼν
1403 2824 1581 2906 οὶννὶρ,
1629 2844 1779 2888 nam
1826 2820 2268 2902 πρόσφθεγμα
2314 2823 2434 2887 hoc
2480 2822 2673 2888 modo
2720 2820 2918 2887 infini-

546 2934 669 2999 tivi
715 2931 1073 2997 subiectum
1121 2929 1232 2996 fiet
1250 2978 1266 3007 ‚
1313 2932 1411 2996 uti
1460 2929 1665 2995 vides.

636 3141 823 3218 Quod
891 3164 986 3209 vs.
1050 3140 1181 3207 338
1245 3140 1401 3207 olim
1464 3140 1980 3206 adulescentulus
2037 3144 2428 3228 conjeceram
2491 3141 2770 3222 πρότερον
2812 3158 2919 3224 pro

547 3256 801 3332 πρῶτον,
848 3249 917 3313 id
966 3249 1150 3317 video
1198 3268 1302 3312 me
1339 3248 1635 3333 probasse
1682 3247 1993 3312 Nauckio.
2045 3246 2327 3313 Verbum
2377 3269 2498 3313 non
2547 3248 2795 3312 addam.

635 3459 790 3525 Post
852 3464 947 3523 tot
1008 3465 1457 3542 tantorumque
1520 3459 1804 3523 virorum
1873 3459 2204 3523 doctorum
2270 3458 2485 3521 studia
2531 3457 2789 3523 difficile
2833 3462 2918 3522 est

545 3564 789 3649 aliquid
847 3565 1123 3630 conferre
1189 3565 1267 3629 ad
1329 3565 1659 3649 Sophoclis
1723 3565 2226 3629 emendationem
2249 3613 2266 3646 ,
2314 3585 2460 3628 nam
2514 3568 2916 3630 correctiones

543 3674 612 3737 in
675 3691 831 3755 quas
889 3670 1028 3736 loco
1090 3671 1288 3736 semel
1350 3673 1713 3754 iterumque
1776 3669 2050 3754 perlecto
2113 3669 2284 3734 haud
2331 3669 2690 3734 incuriosus
2736 3669 2923 3735 lector

542 3778 672 3843 fere
719 3779 1066 3841 necessario
1112 3777 1374 3854 incidit,
1423 3796 1533 3841 eae
1578 3779 1706 3840 fere
1752 3795 1972 3841 omnes
2017 3784 2131 3840 aut
2168 3778 2306 3859 Jam
2346 3783 2637 3860 receptae
2675 3783 2824 3839 sunt
2859 3778 2920 3838 in

544 3888 797 3949 textum
846 3888 959 3946 aut
1006 3887 1174 3947 certe
1220 3881 1421 3947 latent
1468 3884 1535 3945 in
1582 3881 2261 3946 animadversionibus.
2316 3878 2673 3964 Supersunt
2721 3890 2921 3946 tamen

546 3991 708 4055 vitia
746 4009 907 4074 quae
944 3994 1079 4052 tam
1119 3987 1306 4053 facile
1341 3997 1700 4076 arguuntur
1729 4008 1919 4073 quam
1947 3986 2138 4052 hodie
2162 4008 2398 4052 errores
2422 3987 2914 4073 typothetarum.

544 4094 771 4160 Veluti
818 4116 911 4162 vs.
960 4092 1126 4160 382:

1000 4202 1241 4265 τοιαῦτ’
1289 4202 1561 4274 οἰκούσας
1611 4197 2269 4277 κάξονειδισθεὶς
2317 4199 2488 4264 κακοί

1002 4308 1172 4371 πλέω
1221 4307 1364 4386 πρὸς
1415 4307 1644 4391 οἴκους,
1692 4315 1807 4371 τῶν
1858 4309 2016 4383 ἐμῶν
2062 4308 2428 4383 τητώμενος.

543 4409 898 4478 Adnotavit
966 4411 1028 4478 N
1031 4415 1330 4479 auckius:
1404 4414 1528 4478 Die
1588 4415 1914 4499 Synonyma
1980 4411 2251 4484 ἀκούσας
2322 4414 2451 4476 und
2507 4410 2911 4488 ἐξονειδισθεὶς
