3192 5017
1159 302 1268 352 mo
1317 304 1593 355 oassms.
2450 286 2587 356 19¹7

172 470 436 537 Excidit
482 471 867 538 vocabulum
918 474 998 540 ad
1045 479 1427 542 sententiam
1472 481 1918 543 necessarium.
1964 478 1990 542 ὁ
2034 486 2278 558 Καῖσαρ
2316 478 2391 549 ὡς
2434 487 2576 543 Alc

171 578 631 659 αἰχμαλώτους
697 577 1089 663 ἀπέσφαξεν.
1188 579 1285 647 De
1346 581 1576 647 iisdem
1642 581 1981 649 Suetonius
2045 586 2113 647 in
2170 587 2417 649 Caesare
2465 584 2573 653 75.

154 692 307 769 post
353 685 723 767 impetratam
770 693 999 751 veniam
1045 689 1499 753 rebellaverant.
1597 687 1829 755 Caesar
1875 689 2073 756 semel
2120 691 2322 777 captis
2360 711 2574 776 parce·

171 792 325 868 bat,
391 792 500 857 sed
564 799 775 856 iterum
838 800 1054 881 captos
1119 795 1463 861 occidebat.
1530 796 1612 861 cf.
1678 796 1783 861 41.
1848 795 1957 862 62.
2018 796 2080 862 2.
2132 797 2410 883 (eamr)
2457 804 2573 863 τῶν

174 897 530 975 βουλευτῶν
602 902 718 971 τῶν
787 924 856 964 τε
921 901 1154 966 ἱππέων
1213 897 1383 974 ὅσους
1447 903 1561 980 μὲν
1630 903 1734 968 καὶ
1803 903 2083 984 πρότερόν
2147 927 2299 970 ποτε
2349 906 2572 986 ᾑρηκὼς

177 1005 428 1079 ἦλεῆκει
478 1005 852 1071 ἀπέκτεινεν.
905 1013 970 1073 et
1017 1006 1125 1073 44.
1177 1007 1284 1072 45.
1333 1008 1472 1073 τίνα
1522 1011 1640 1075 τῶν
1688 1009 1833 1075 τότε
1876 1018 2249 1076 ΠΡΩΤΟΝ
2301 1008 2573 1075 ἁλόντων

176 1110 564 1177 ἀπέκτεινεν.
644 1118 709 1178 et
771 1111 876 1177 44.
947 1112 1056 1179 46.
1108 1114 1168 1179 5.
1220 1113 1467 1187 πάντας
1517 1112 1636 1181 ὅσοι
1687 1119 1775 1194 μὴ
1824 1116 1929 1181 καὶ
1979 1116 2372 1197 πρότερόν
2421 1140 2571 1182 ποτε

179 1217 440 1290 ἁλόντες
492 1219 595 1283 ὑπ’
646 1220 836 1284 αὐτοῦ
885 1219 1135 1295 ἦλέηντο
1186 1222 1400 1303 ἀφείς.
1455 1228 1518 1288 et
1564 1231 1895 1309 propterea
1939 1222 2079 1295 τοὺς
2130 1232 2272 1288 Alc
2320 1225 2574 1307 αἰχμα-

182 1326 410 1397 λώτους
460 1326 739 1406 ἀκρίτους
789 1324 1183 1410 ἀπέσφαξεν.

278 1536 401 1603 D10
450 1536 641 1604 ΟΔΒΒ.
693 1536 796 1602 43.
854 1535 957 1602 13.
1014 1538 1230 1602 Caesar
1277 1545 1393 1604 τῶν
1441 1539 1736 1605 συνόντων
1776 1542 1827 1606 οἱ
1868 1541 2007 1614 τοὺς
2051 1544 2158 1607 οὐκ
2199 1541 2575 1616 ἐπιτηδείους

183 1643 328 1715 τοὺς
386 1644 499 1720 μὲν
564 1643 709 1723 πρὸς
770 1645 885 1709 τῶν
953 1645 1234 1709 ἐναντίων
1287 1649 1393 1709 οὐκ
1440 1646 1740 1719 ἀκουσίως
1788 1648 2296 1725 οὶπεβοὶλλεΤΟ,
2343 1655 2579 1713 TOTC

187 1750 253 1814 δὲ
318 1751 422 1815 καὶ
487 1748 565 1814 δι’
633 1753 835 1815 αὐτῶν
897 1756 1014 1815 τῶν
1063 1750 1372 1831 σφετέρων
1424 1790 1505 1800 -
1557 1752 1950 1818 ἀπόλλυσθαι
2002 1754 2209 1819 ἐποίει.
2307 1752 2576 1821 Resecta

183 1855 436 1942 syllaba
504 1856 673 1923 male
745 1856 1069 1943 duplicata
1140 1858 1545 1923 scribendum
1618 1858 2038 1937 ἀπέβαλΛΕ,
2112 1860 2251 1933 τοὺς
2315 1862 2379 1926 δὲ
2441 1861 2571 1926 καί.

185 1962 540 2047 Imperator
600 1963 837 2028 dicitur
900 1983 1005 2029 eos
1068 1965 1179 2048 qui
1240 1964 1308 2027 in
1356 1963 1523 2029 bello
1571 1964 1933 2030 ceciderunt
1978 1967 2249 2030 amisisse
2296 1967 2409 2031 ὑπὸ
2458 1973 2576 2032 τῶν

185 2069 519 2146 πολεμίων.
615 2067 739 2133 Sed
808 2067 1103 2134 Graeculi
1175 2089 1296 2133 usu
1366 2068 1730 2135 Herodoteo
1799 2091 1913 2156 pro
1985 2071 2103 2137 ὑπό
2174 2072 2576 2149 substituunt

186 2175 332 2256 πρός
398 2199 553 2247 τινος
574 2225 591 2258 ,
652 2180 727 2248 ut
788 2175 854 2239 in
920 2174 1065 2241 aliis
1125 2174 1449 2241 nonnullis
1511 2178 1666 2241 satis
1713 2173 1926 2262 inepte
1973 2177 2181 2243 Ionice
2228 2176 2578 2263 loquuntur

185 2280 394 2349 veluti
442 2283 508 2345 in
556 2275 643 2365 οἷ,
692 2285 904 2362 σφῶν,
955 2279 1167 2364 σφίσι,
1228 2284 1405 2361 σφᾶς
1451 2302 1565 2367 pro
1614 2283 1817 2362 αὐτῷ,
1869 2284 2108 2368 αὐτῶν,
2157 2285 2406 2362 αὐτοῖς,
2467 2287 2578 2350 αὖ·

182 2386 326 2460 τούς
352 2436 367 2462 ,
416 2407 577 2472 quae
624 2388 974 2452 sexcenties
1020 2387 1189 2472 apud
1234 2386 1510 2453 Dionem
1557 2387 1884 2475 leguntur.

279 2597 405 2662 D1o
452 2593 638 2664 CAes.
693 2596 797 2662 43.
852 2599 960 2663 20.
1008 2618 1514 2663 commemorans
1562 2601 1735 2663 iocos
1781 2598 2091 2666 militares
2132 2606 2196 2666 et
2234 2599 2576 2667 maledicta

184 2724 347 2790 quae
402 2703 646 2769 milites
710 2705 773 2768 in
841 2704 1170 2788 triumpho
1230 2705 1298 2767 in
1345 2701 1681 2770 Caesarem
1727 2706 2126 2771 coniecerunt
2174 2709 2266 2772 ita
2312 2709 2570 2773 scribit:

184 2811 501 2875 ἐτώθασαν
548 2810 632 2874 τοὶ
683 2834 750 2874 τε
801 2806 978 2875 ἄλλα
1027 2805 1144 2875 ὅσα
1191 2812 1331 2875 ποτ’
1379 2808 1643 2890 ἕντίζετο
1695 2810 1887 2896 (recte
1936 2810 2205 2876 Bekker.
2259 2810 2573 2899 ᾖτιοίζετο)

183 2918 288 2981 καὶ
354 2916 415 2980 ἒν
479 2924 605 2987 τοῖς
668 2915 920 2993 μάλιςα
972 2954 1057 2963 -
1105 2918 1214 2991 τὴν
1264 2917 1437 2997 παρὰ
1484 2917 1568 2996 τῷ
1616 2916 1954 2993 Νικομήδει
2003 2918 2087 2996 τῷ
2136 2926 2247 2992 τῆς
2298 2919 2571 2994 Βιθυνίας

182 3021 450 3101 βασιλεῖ
508 3022 824 3101 διατριβὴν
885 3019 977 3086 ὅτι
1033 3021 1347 3105 μειράκιόν
1409 3046 1561 3089 ποτε
1612 3023 1758 3103 παρ’
1808 3024 1975 3103 αὐτῷ
2028 3022 2304 3101 ἐγεγόνει
2356 3023 2575 3107 διεκερ-

181 3130 464 3206 τόμησαν
514 3127 627 3197 ὤςε
680 3129 783 3193 καὶ
833 3130 1028 3194 εἰπεῖν
1073 3124 1163 3194 ὅτι
1217 3137 1458 3209 Καῖσαρ
1508 3129 1622 3207 μὲν
1673 3128 1977 3201 Γαλάτας
2017 3129 2570 3218 ἐδουλώσατο,

182 3236 471 3316 Καίσαρα
547 3234 610 3300 δὲ
679 3234 1055 3312 Νικομήδης.
1153 3235 1312 3313 Dio,
1376 3237 1489 3320 qui
1549 3237 1617 3299 in
1680 3235 1781 3301 his
1847 3237 2144 3301 omnibus
2192 3235 2572 3304 Suetonium

181 3345 381 3410 vertit
430 3342 656 3408 Latine
676 3392 693 3427 ,
742 3362 868 3407 non
916 3342 1174 3408 videtur
1219 3342 1377 3407 dicti
1423 3340 1911 3408 mordacitatem
1958 3342 2367 3410 intellexisse.

595 3450 833 3512 Gallias
887 3450 1101 3513 Caesar
1142 3448 1369 3529 eubeqit
1383 3495 1400 3525 ,
1455 3448 1806 3512 Nicomedes
1861 3449 2183 3513 Gaesarem.

180 3577 387 3641 neque
433 3561 498 3620 in
547 3556 739 3622 verbo
783 3556 1014 3637 subegit
1061 3554 1130 3620 τὸ
1174 3555 1541 3637 ἀμφίβολον
1582 3556 2121 3621 animadvertisse.
2172 3555 2244 3622 Si
2283 3561 2578 3624 vertisset

183 3661 560 3740 ὑπηγάγετο
608 3661 849 3747 optime
897 3660 1057 3726 dicti
1102 3662 1594 3749 ambiguitatem
1642 3667 1971 3728 servasset.

278 3874 595 3944 Continuo
640 3877 853 3943 addit:
905 3877 1081 3949 τέλος
1129 3877 1193 3943 δὲ
1242 3879 1346 3959 ἐφ’
1395 3874 1635 3944 ἅπασιν
1684 3879 1895 3950 αὑτοῖς
1944 3877 2138 3958 ἀθρόοι
2188 3879 2578 3957 ἀναβοήσαν·

183 4009 289 4058 τες
350 3980 516 4050 εἶπον
581 3979 709 4048 ὅτι·
775 3982 868 4048 ἂν
914 3984 1057 4060 μὲν
1108 3990 1371 4057 καλῶς
1420 3986 1762 4066 ποιήσῃς
1814 3984 2321 4069 κολασθήσῃ,
2367 3985 2459 4050 ἂν
2501 3987 2578 4051 δὲ

183 4096 447 4163 κακῶς
527 4090 1098 4168 βασιλεύσεις.
1192 4088 1615 4176 Compar-atus
1686 4112 1835 4155 cum
1907 4090 2007 4156 his
2078 4090 2257 4156 locus
2324 4089 2581 4158 Horatii

182 4198 384 4282 Epist.
441 4197 485 4261 I.
547 4200 605 4262 1.
658 4194 765 4261 59.
820 4202 884 4261 et
932 4195 1110 4261 dabit
1152 4194 1363 4263 lucem
1412 4203 1476 4263 et
1524 4198 1812 4281 accipiet.

1005 4303 1191 4385 pueri
1239 4304 1511 4368 ludentes
1555 4325 1663 4369 νοω
1706 4302 1827 4365 eris
1843 4348 1860 4378 ,
1912 4300 2090 4365 aiunt
2106 4350 2124 4386 ,

633 4414 689 4473 ei
734 4415 890 4473 recte
926 4409 1145 4494 facies.
