3192 5017
1079 295 1818 347 sumonomonm.
2513 275 2643 345 173

256 466 444 534 Verbi
528 465 875 548 κοπανίζειν
952 487 1079 533 non
1146 465 1454 533 habemus
1523 466 1772 536 Galeno
1839 470 2168 554 antiquius
2240 466 2636 555 exemplum.

523 681 590 744 οὔ
634 679 865 761 χρηςὸν
912 683 1386 758 μελίτωμα,
1437 680 1507 746 τὸ
1556 682 1663 746 καὶ
1711 680 1995 760 μάκαρες
2042 678 2389 747 ποθέουσιν.

254 780 394 853 Hoc
463 786 942 854 substantivum
1004 787 1292 872 primum
1353 786 1599 874 legitur
1663 787 1834 873 apud
1895 786 2220 854 Philotam
2240 833 2258 863 ‚
2324 786 2512 853 Arati
2574 792 2639 853 et

255 887 666 970 Callimachi,
715 899 789 958 ut
833 895 1004 959 nosti
1022 938 1040 969 ,
1091 891 1439 978 aequalem.

527 1104 671 1185 πρὸς
719 1106 807 1171 τα
853 1106 917 1171 δὶ
962 1104 1415 1183 μειδιάσας
1466 1107 1847 1185 Φυσίγναδος
1894 1107 2098 1173 ἀντίον
2145 1106 2328 1182 ηὔδα.

252 1209 449 1277 Poeta
495 1210 747 1278 Ionicus
791 1213 1144 1297 scripsisset
1186 1210 1620 1289 μειδήσας.

343 1314 426 1382 V.
476 1314 564 1382 63
1266 1320 1552 1399 κράτει
1602 1318 1669 1384 δέ
1715 1342 1836 1396 με,
1885 1320 2118 1396 μήποτ’
2164 1317 2369 1394 ὄληαι.

252 1422 602 1490 Babrianae
662 1429 760 1489 est
820 1426 1190 1512 graecitatis
1250 1443 1363 1510 pro
1412 1423 1652 1505 κάτεχε
1701 1449 1820 1502 με,
1869 1422 2077 1491 ἅπτου
2122 1449 2261 1503 μου.
2324 1425 2643 1492 Similiter

252 1528 418 1593 infra
465 1549 557 1596 vs.
616 1528 749 1595 230
797 1530 1002 1595 dixit:

937 1639 1356 1717 κρατήσας
1406 1638 1566 1719 χειρὶ
1618 1637 1976 1704 τένοντα.

340 1739 414 1805 V.
469 1739 555 1807 65
1494 1743 1523 1807 ὃ
1571 1737 1631 1808 δ’
1682 1741 1963 1819 ἔβαινε
2011 1742 2259 1823 τάχιςα

437 1856 662 1929 χεῖρας
711 1846 872 1929 ἔχων
921 1855 1236 1931 τρυφεροῒο
1284 1848 1461 1914 κατ’
1512 1846 1867 1929 αὐχένος
1915 1846 2164 1926 άλματι
2214 1850 2443 1933 κούφῳ.

249 1953 463 2033 Quam
513 1953 838 2041 eleganter
882 1954 1129 2020 dictum
1175 1959 1271 2021 est
1319 1953 1564 2032 ἔβαινεν
1612 1950 1898 2037 ἅλματι,
1950 1974 2141 2039 quam
2204 1955 2361 2021 bene
2422 1963 2644 2037 χεῖρας

248 2059 410 2140 ἔχων
462 2062 607 2124 κατ’
656 2059 957 2142 αὖχένοςῐ

340 2165 423 2232 V.
478 2163 567 2230 68
605 2165 831 2243 νήξει
873 2167 1241 2247 τερπόμενος
1286 2166 1687 2261 Φυσιγνάθου.
1740 2165 1848 2233 Sic
1891 2167 2056 2232 infra
2093 2190 2191 2235 vs.
2223 2168 2348 2233 149
2374 2166 2647 2245 νήξεις

251 2274 371 2345 τὰς
418 2271 774 2353 βατράχων
821 2272 1218 2352 μιμούμενος.
1266 2272 1540 2360 Legitur
1583 2273 1704 2339 hoc
1750 2273 2232 2339 substantivum
2280 2274 2452 2358 apud
2493 2272 2650 2340 Plu-

246 2379 549 2445 tarchum
568 2427 588 2462 ,
635 2397 899 2465 gravem
946 2377 1246 2445 videlicet
1292 2377 1676 2444 Graecitatis
1723 2383 2069 2444 auctorem.

341 2485 420 2551 V.
475 2483 559 2549 91

386 2591 736 2666 Δευόμεναι
782 2589 846 2655 δὲ
893 2590 1107 2670 τρίχες
1158 2597 1500 2657 πλεΐςον
1546 2588 1799 2668 βάρος
1850 2583 2051 2661 ἦσαν
2096 2590 2218 2654 ἐπ’
2262 2592 2503 2672 αὐτῷ.

242 2698 464 2774 Quam
528 2716 756 2781 parum
820 2694 1145 2782 eleganter
1206 2694 1326 2759 hoc
1372 2694 1620 2760 dictum
1667 2700 1795 2771 est,
1847 2700 1913 2760 et
1958 2714 2151 2779 quam
2192 2695 2353 2762 falso
2402 2697 2646 2764 brevis-

244 2806 401 2870 simi
450 2808 518 2869 et
565 2803 928 2868 tenuissimi
969 2799 1090 2886 pili
1135 2799 1489 2865 humefacti
1535 2802 1708 2864 muri
1766 2808 2018 2868 πλεῒςον
2065 2798 2259 2882 βάρος
2307 2802 2499 2868 fuisse
2550 2802 2648 2868 di-

247 2906 520 2976 cuntur!

341 3014 423 3080 V.
481 3013 568 3079 95

533 3121 668 3186 Οὐκ
716 3118 792 3185 ἄν
829 3142 944 3198 μου
995 3118 1167 3184 κατα
1213 3126 1413 3196 γαῖαν
1459 3120 1818 3197 ἀμείνων
1868 3112 2078 3197 ἦσθα,
2130 3119 2371 3189 nantes.

244 3228 569 3295 exclamat
612 3247 777 3311 aqua
822 3245 1068 3291 mersus
1112 3223 1521 3308 Psicharpax.
1577 3223 1671 3290 Eo
1716 3245 1902 3291 sensu
1949 3231 2196 3292 veteres
2241 3251 2279 3290 κ
2296 3250 2328 3308 ρ
2349 3251 2379 3292 ε
2398 3228 2421 3290 ι’
2439 3249 2529 3290 co
2549 3253 2593 3293 ω
2616 3252 2646 3292 ν

244 3332 667 3419 usurpabant.
1436 3386 1441 3391 ,

339 3438 428 3504 V.
480 3436 566 3503 96
624 3448 631 3453 ’
1573 3437 1753 3508 άλλὰ
1799 3439 2242 3512 τλανήσας

707 3545 790 3614 εἷς
839 3541 988 3625 ὕδωρ
1033 3540 1104 3622 μ’
1153 3540 1424 3623 ἔρριψας.

243 3649 423 3717 Bene
469 3668 546 3713 ex
590 3648 830 3714 Atticis
875 3650 1289 3735 scriptoribus
1335 3647 1605 3734 profecit
1650 3653 1856 3734 poeta.
1922 3648 2175 3721 Ionicus
2225 3652 2533 3731 dedisset,
2575 3657 2643 3720 ni

242 3756 467 3831 fallor,
517 3775 591 3819 eo
636 3773 859 3820 sensu:

1387 3862 1569 3926 άλλ’
1617 3862 2005 3936 άπατήσας
2056 3865 2187 3928 ατὲ.

340 3968 427 4033 V.
494 3967 624 4033 115
695 3967 1009 4045 τρώγλης,
1078 3968 1241 4033 unde
1302 3975 1359 4031 Τ
1364 3968 1753 4046 ρωγλοδύτης
1815 3966 1949 4033 296
2017 3972 2082 4034 et
2147 3970 2405 4053 passim.
2504 3969 2640 4036 Vox

245 4078 401 4141 ante
447 4071 857 4138 Aristotelem
905 4091 1030 4137 non
1076 4075 1410 4157 reperitur.

345 4178 425 4243 V.
479 4177 606 4244 122
668 4180 940 4254 σώματα
988 4181 1576 4258 κοσμήσαντες
1626 4180 1702 4243 ἐν
1750 4178 2054 4245 ἔντεσι.
2146 4178 2477 4265 Exemplis
2522 4182 2642 4247 At-

108 4277 117 4288 ’
248 4287 402 4350 ticis
471 4283 946 4350 Baumeisterus
1019 4290 1234 4351 tuetur
1303 4286 1789 4371 praepositionis
1861 4284 2336 4351 abundantiam.
2446 4285 2644 4377 Epico

250 4391 464 4455 fuerat
509 4388 886 4456 omittenda.
918 4436 929 4443 -
