3192 5017
587 854 1060 937 TPITON
1141 852 1574 936 ΤΟΥΤΟ
1656 851 2229 936 ΕΡΧΟΜΑΙ.

1317 1112 1529 1151 scuu’srr

1144 1319 1214 1393 S.
1261 1318 1339 1388 A.
1386 1317 1695 1395 NABER„

1267 1626 1586 1657 4-

314 1869 522 1938 Semel
567 1875 932 1955 iterumque
981 1871 1128 1949 ὖπὲρ
1173 1870 1262 1935 τὰ
1302 1868 1678 1946 ἐσκαμμένα
1716 1867 1998 1944 πηδήσας
2016 1916 2032 1946 ,
2072 1868 2153 1934 ad
2188 1867 2608 1936 Athenienses

236 1996 398 2042 meos
463 1979 775 2044 redieram
845 1983 910 2042 et
979 1981 1313 2061 poetarum
1374 1975 1709 2041 dulcedine
1767 1980 1994 2060 captus
2047 1994 2172 2039 non
2232 1982 2605 2059 putaveram

235 2080 355 2147 fore
374 2130 391 2160 ‚
451 2092 524 2149 ut
578 2084 707 2149 cito
768 2092 1118 2168 repeterem
1181 2081 1407 2148 Sacrae
1470 2082 1832 2167 Scripturae
1890 2080 2202 2146 studium.
2295 2080 2606 2169 Theologi

235 2185 533 2266 fecerunt,
609 2195 687 2254 ut
740 2194 1059 2255 mutarem
1124 2187 1459 2254 consilium
1476 2236 1490 2262 ‚
1559 2186 1727 2272 quod
1792 2187 1959 2272 apud
2023 2187 2314 2252 animum
2383 2207 2604 2252 meum

235 2298 687 2362 constitueram.
740 2295 1038 2360 Primum
1083 2294 1423 2381 Berlagius
1465 2296 1535 2358 in
1579 2291 1945 2358 Annalibus
1979 2291 2385 2387 Theologicis
2409 2313 2600 2377 quam

231 2396 845 2467 honorificentissime
907 2400 986 2465 de
1046 2400 1210 2465 meis
1271 2398 1821 2465 observationibus
1876 2396 2101 2463 retulit
2106 2418 2127 2476 3
2193 2398 2418 2464 deinde
2463 2398 2607 2465 Ma-

235 2508 442 2571 nenius
503 2513 568 2571 et
631 2506 1121 2591 Bakhuyzenius
1165 2505 1233 2569 in
1280 2503 1945 2574 Commentationibus
1960 2551 1978 2581 ,
2026 2525 2182 2589 quas
2228 2506 2384 2570 socii
2431 2503 2602 2590 'l'ey-

236 2605 441 2677 leriani
498 2612 961 2697 probaverunt,
1025 2631 1224 2696 quum
1288 2610 1674 2695 quaerebant
1717 2609 1795 2675 de
1842 2616 2024 2675 textu
2072 2630 2246 2675 sacro
2291 2612 2603 2696 conjectu-

236 2733 429 2782 rarum
492 2738 611 2803 ope
672 2717 1063 2783 emendando
1088 2767 1104 2791 ,
1171 2720 1303 2782 mei
1350 2736 1600 2801 quoque
1643 2717 1956 2781 rationem
2001 2717 2363 2781 habuerunt
2408 2721 2600 2800 atque

234 2821 317 2885 ita
373 2824 733 2888 habuerunt
747 2868 766 2899 ‚
832 2828 907 2886 ut
961 2821 1147 2887 facile
1191 2821 1625 2909 intelligerem
1672 2841 1809 2886 rem
1856 2827 2110 2908 gratam
2157 2821 2347 2886 hodie
2394 2820 2601 2887 'Pheo-

235 2922 385 3013 logis
429 2949 563 2994 esse
582 2975 599 3005 ,
646 2930 704 2993 si
750 2927 1065 3014 philologi
1110 2929 1473 3013 provinciae
1519 2947 1672 2992 suae
1717 2924 1871 2992 fines
1918 2929 2158 3014 egressi
2203 2948 2339 2993 sese
2401 2929 2604 2993 accin-

234 3040 440 3116 gerent
499 3037 568 3099 in
631 3033 837 3100 alieno
899 3033 1033 3100 solo
1090 3034 1169 3098 ad
1217 3030 1610 3098 Herculeum
1658 3030 1941 3098 laborem
1989 3050 2053 3098 et
2096 3039 2421 3099 aeternum
2475 3033 2605 3099 bel-

237 3132 358 3202 lum
381 3141 771 3225 susciperent
794 3139 1096 3206 adversus
1119 3144 1422 3221 monstra,
1450 3158 1611 3223 quae
1634 3136 2038 3203 librariorum
2068 3140 2314 3203 incuria
2336 3142 2599 3224 peperit.

234 3242 393 3310 Adeo
439 3249 756 3312 servimus
804 3246 1197 3330 temporibus
1243 3246 1478 3330 quibus
1527 3246 1813 3309 vivimus
1857 3249 1922 3310 et
1968 3264 2088 3331 ego
2135 3243 2305 3309 ultro
2366 3247 2605 3312 invitor

235 3354 299 3412 ut
352 3354 634 3436 experiar
694 3351 761 3416 id
819 3351 988 3437 quod
1049 3351 1174 3436 ipsi
1219 3349 1683 3416 Valckenaerio
1730 3370 1853 3415 non
1900 3352 2023 3415 nisi
2074 3370 2262 3438 aegre
2309 3352 2605 3417 concede-

234 3451 424 3521 batur.
515 3456 690 3522 Illud
752 3462 967 3522 tamen
1016 3457 1249 3522 cavebo
1295 3462 1609 3541 quantum
1657 3457 1943 3522 maxima
1987 3457 2303 3522 industria
2349 3463 2602 3542 potero,

236 3579 307 3625 ne
362 3561 559 3629 illotis
605 3563 903 3628 manibus
948 3582 1154 3628 sacras
1200 3565 1468 3651 paginas
1512 3564 2000 3628 contrectavisse
2049 3563 2285 3628 videar.
2377 3562 2604 3649 Neque

233 3685 453 3755 magno
496 3688 684 3754 opere
731 3668 995 3733 fortasse
1040 3667 1381 3734 reformido
1426 3670 1780 3753 peritorum
1817 3670 2102 3733 virorum
2136 3669 2380 3755 judicia
2399 3719 2414 3744 ‚
2454 3690 2601 3735 nam

232 3768 296 3833 hi
353 3772 603 3857 quidem
662 3779 933 3850 norunt,
981 3794 1174 3857 quam
1220 3776 1307 3838 sit
1353 3771 1634 3839 difficilis
1679 3775 2179 3840 inveteratorum
2227 3775 2602 3841 mendorum

234 3881 516 3945 correctio
576 3885 639 3943 et
704 3877 1028 3944 laudabile
1093 3880 1384 3944 veritatis
1433 3878 1726 3943 studium
1775 3886 2152 3966 agnoscent,
2202 3879 2457 3945 etiamsi
2502 3901 2603 3946 res

235 4001 504 4050 successu
567 3985 879 4069 caruerit3
944 3984 1053 4049 sed
1119 3984 1321 4051 odiosi
1387 3991 1536 4050 sunt
1596 3986 2045 4069 imperitorum
2103 3983 2442 4069 clamores,
2492 3988 2605 4071 qui

174 4126 197 4157 ο
236 4106 417 4171 quum
477 4090 642 4155 nihil
701 4089 913 4177 legere
960 4089 1202 4155 soleant
1248 4095 1496 4174 praeter
1543 4089 1949 4156 vernaculam
1997 4087 2251 4155 Codicis
2295 4092 2606 4181 interpre-

236 4197 519 4262 tationem
537 4245 555 4281 ,
619 4217 706 4293 pe
766 4195 1078 4281 suspicari
1139 4195 1398 4280 quidem
1470 4206 1735 4281 possunt
1793 4216 1984 4281 quam
2045 4197 2381 4261 innumera
2445 4200 2607 4265 vitia

236 4319 353 4366 sese
411 4305 479 4367 in
541 4308 795 4367 textum
858 4302 1346 4368 insinuaverint.
1442 4302 1583 4388 Ego
1646 4322 1825 4380 vero,
1893 4301 2061 4387 quod
2107 4323 2357 4388 semper
2403 4305 2605 4372 facere

238 4405 387 4473 soleo
403 4455 421 4486 ,
487 4407 656 4474 bella
714 4429 884 4474 nunc
948 4428 1198 4494 quoque
1245 4408 1496 4495 fugiam
1543 4407 1755 4476 nullos
1797 4409 2096 4476 habitura
2142 4410 2498 4498 triumphos
2545 4418 2611 4479 et

2253 4530 2316 4581 18
