3192 5017
1331 305 1600 355 omnm.
2530 284 2663 351 303

277 480 526 553 ubivis,
591 482 875 544 maxime
931 481 998 544 in
1061 480 1213 545 edit.
1283 479 1717 564 Xenophontis
1784 477 2064 543 Anabas.
2114 483 2178 542 et
2224 476 2540 543 Hellenic.
2593 480 2661 541 in

278 585 541 670 reliquis
587 584 916 652 vocabulis
965 588 1122 652 hanc
1168 588 1370 652 crasin
1420 588 1739 667 restituit,
1780 585 1847 649 in
1886 584 1971 649 τα
2008 581 2178 648 ὅπλα
2220 604 2370 651 vero
2411 605 2663 669 semper

278 690 584 779 neglexit.
647 694 952 758 Attamen
999 699 1063 758 et
1110 695 1313 778 ipsius
1359 691 1621 780 linguae
1670 690 1963 778 analogia
2010 697 2074 756 et
2121 690 2245 783 loci
2293 690 2663 776 Aristopha-

279 799 381 862 nis
428 798 556 864 Av.
608 797 761 863 449.
811 805 877 864 et
922 799 1194 886 Lysistr.
1233 797 1389 867 277.
1429 799 1542 863 ubi
1590 796 1847 882 θῶπλα,
1897 799 2018 864 Av.
2067 797 2219 862 105.
2260 796 2372 862 ubi
2413 798 2662 880 τῶρνεα,

279 903 450 970 Nub.
517 902 670 971 394.
731 906 843 971 ubi
889 905 1197 982 nimmia-⁹
1238 914 1304 971 et
1349 904 1544 971 multi
1591 904 1837 970 similes
1883 925 1936 970 e.
1986 925 2053 992 g.
2107 903 2275 989 apud
2322 900 2655 969 Cratinum

278 1012 345 1074 in
407 1010 670 1099 Fragm.
732 1014 956 1079 comic.
1019 1012 1302 1078 Meinek.
1355 1012 1447 1077 ed.
1501 1013 1657 1076 min.
1712 1033 1771 1075 v.
1822 1010 1872 1075 I.
1922 1031 2065 1098 pag.
2119 1009 2229 1094 20,
2280 1007 2367 1074 98
2416 1016 2481 1075 et
2532 1007 2662 1074 113

280 1119 437 1182 satis
482 1115 804 1184 declarant
850 1119 1012 1184 hanc
1061 1120 1244 1184 unice
1292 1125 1358 1184 et
1404 1117 1571 1203 apud
1619 1116 2040 1184 Athenienses
2089 1125 2189 1193 et,
2247 1122 2437 1202 put0‚
2495 1116 2664 1200 apud

281 1242 500 1288 omnes
558 1222 832 1290 Graecos
894 1225 960 1289 in
1021 1247 1138 1290 usu
1185 1224 1382 1290 fuisse
1429 1225 1509 1289 ob
1556 1222 2001 1302 παράγγελμα
2051 1223 2348 1289 militare.
2443 1221 2665 1288 Solent

281 1330 453 1393 enim
500 1329 657 1396 haec
699 1332 871 1397 iussa
916 1339 980 1396 et
1021 1330 1552 1409 παραγγέλματα
1595 1332 1771 1396 omni
1811 1337 2093 1414 tempore
2133 1336 2198 1395 et
2235 1328 2403 1413 apud
2446 1348 2665 1394 omnes

281 1433 549 1519 populos
611 1456 721 1520 per
780 1439 983 1521 ipsam
1043 1439 1137 1502 rei
1199 1444 1493 1503 naturam
1550 1458 1688 1513 esse
1730 1443 1798 1501 et
1846 1437 2222 1501 brevissima
2268 1442 2332 1500 et
2381 1438 2666 1500 maxime

282 1544 633 1626 perspicua.
728 1539 1042 1608 Credasne
1087 1545 1304 1630 igitur.
1363 1549 1435 1607 ut
1481 1543 1603 1608 hoc
1649 1548 1814 1627 utar,
1855 1544 1920 1606 in
1966 1541 2241 1607 Anabasi
2283 1538 2421 1606 VII.
2471 1540 2527 1604 1.
2555 1539 2665 1604 22.

281 1649 350 1711 in
413 1645 702 1712 tumultu
765 1647 1036 1714 militari
1100 1649 1180 1714 ad
1226 1648 1614 1735 Byzantium
1662 1647 2151 1733 Xenophontem
2201 1645 2509 1734 languida
2554 1644 2670 1711 illa

287 1764 765 1832 παρεγγυῆσαι·
834 1755 1026 1819 Θέσθε
1086 1758 1171 1821 τα
1233 1751 1455 1820 ἵπλαΡ
1499 1758 1634 1819 imo
1681 1756 1905 1837 iussit,
1958 1759 2148 1838 puto,
2199 1754 2363 1818 θέσθε
2414 1752 2665 1826 θῶπλα,

289 1860 390 1925 vel
459 1863 672 1945 potius
741 1861 899 1925 θέσθ’
968 1857 1179 1946 ὅπλα,
1253 1869 1326 1926 ut
1395 1881 1510 1927 nos
1574 1869 1707 1937 „zet
1766 1861 1852 1944 af
1894 1858 2172 1940 „cennech”
2237 1866 2311 1923 ut
2357 1857 2666 1925 Germani

291 1967 579 2044 „Geaeoehr
644 1967 751 2030 ab’'
820 1967 1053 2033 omisso
1121 1968 1389 2033 articulo
1411 1989 1426 2045 ;
1501 1970 1613 2052 qui
1677 1970 1833 2032 satis
1894 1965 2309 2054 intelligitur,
2378 1978 2450 2029 ut
2496 1963 2671 2030 Galli

287 2094 536 2158 quoque
609 2071 946 2157 „pre'sentcz
1014 2074 1234 2139 armo?
1301 2080 1422 2139 cet.
1497 2080 1563 2139 et
1631 2074 1993 2159 ceteroquin
2056 2075 2179 2158 ipsi
2237 2070 2460 2137 Graeci
2525 2078 2671 2138 ante

288 2176 457 2243 ὅπλα
505 2179 850 2245 articulum
899 2201 1083 2266 saepe
1130 2184 1425 2246 omittere
1471 2180 1711 2263 solent,
1753 2187 1828 2245 ut
1866 2201 1919 2245 e.
1961 2202 2026 2267 g.
2070 2179 2397 2245 Plutarch.
2434 2178 2664 2265 Pyrrh.

288 2305 422 2370 cap.
495 2284 596 2350 19.
661 2285 864 2352 Mario
928 2286 1034 2363 41,
1099 2285 1390 2373 Thucyd.
1451 2286 1565 2351 IV.
1619 2285 1723 2351 69.
1778 2285 1957 2351 VIII.
2009 2285 2115 2350 79.
2160 2284 2389 2350 Ὅπλα
2438 2286 2669 2360 θέμενοι

289 2394 424 2457 sine
471 2394 739 2457 articulo
786 2396 1058 2458 occurrit
1104 2392 1271 2478 apud
1317 2392 1661 2460 Aelianum
1711 2392 1794 2457 V.
1845 2392 1929 2457 H.
1985 2392 2103 2457 III.
2152 2390 2258 2456 43.
2300 2413 2460 2475 quae
2499 2413 2671 2475 sane,

289 2498 527 2582 fateor,
588 2519 710 2564 non
757 2500 975 2586 gravis
1022 2502 1366 2565 auctoritas
1412 2506 1528 2566 est.
1623 2501 1725 2565 Ad
1767 2523 1935 2563 arma
1982 2499 2148 2584 apud
2195 2501 2408 2583 ipsum
2460 2497 2673 2563 Xeno-

288 2603 590 2689 phontem
635 2610 731 2670 est
777 2606 860 2674 εἰς
908 2604 1145 2671 θῶπλα.
1192 2604 1340 2670 Itali
1389 2607 1663 2671 retinent
1707 2603 2051 2671 articulum
2101 2605 2209 2667 all'
2262 2625 2458 2686 ame,
2508 2603 2674 2669 unde

286 2717 575 2775 nostrum
627 2711 880 2785 allarm,
930 2710 1279 2787 tumultus,
1329 2713 1489 2776 item
1527 2708 1706 2777 Galli
1748 2734 1870 2774 auoe
1907 2733 2113 2774 armes.
2159 2711 2363 2775 Anab.
2389 2709 2443 2775 I.
2474 2709 2535 2774 5.
2567 2709 2670 2774 13.

290 2814 434 2881 coll.
486 2815 533 2879 Ι.
584 2814 625 2879 8
676 2815 733 2880 3.
798 2817 996 2880 oader
1042 2818 1115 2880 de
1158 2839 1433 2899 wapenen
1470 2817 1528 2880 ἐν
1569 2813 1780 2887 ὅπλοις
1822 2816 2002 2881 audit
2038 2816 2205 2900 apud
2248 2814 2668 2881 Plutarchum

289 2925 357 2986 in
404 2944 461 2989 v.
513 2921 865 2988 Alexandri
914 2921 1022 3001 31,
1069 2920 1315 2989 Caesar.
1357 2923 1462 2989 27.
1509 2923 1585 2987 cf.
1632 2930 1953 3008 praeterea
1986 2920 2314 2986 Plutarch.
2357 2925 2423 2986 in
2448 2920 2672 2989 Caton.

293 3030 451 3093 min.
504 3027 613 3103 35,
665 3028 935 3094 Eumen.
990 3029 1073 3094 14
1124 3037 1188 3095 et
1234 3027 1520 3096 Ciceron.
1571 3027 1676 3093 35.
1732 3028 2097 3115 Wesseling
2143 3026 2221 3092 ad
2276 3027 2673 3094 Herodotum

293 3133 340 3198 I.
397 3133 500 3200 13.
550 3133 841 3221 Thucyd.
895 3134 1049 3200 VII.
1101 3134 1208 3201 28.

945 3344 1255 3407 Plutarch.
1307 3365 1357 3407 v.
1413 3344 1702 3408 Marcelli
1746 3365 1878 3426 cap.
1937 3342 2040 3407 17.

385 3555 726 3640 Postquam
791 3559 854 3620 in
925 3556 1441 3641 praecedentibus
1501 3556 1820 3640 capitibus
1882 3554 2269 3621 Plutarchus
2315 3560 2681 3621 narraverat
2726 3556 2729 3559 ’

290 3663 608 3748 quomodo
672 3662 1085 3728 Archimedes
1150 3664 1345 3728 variis
1404 3661 1721 3727 machinis
1767 3665 2307 3750 oppugnationem
2358 3661 2680 3726 Romano-

290 3791 436 3835 rum
485 3769 825 3853 impediret
868 3790 1183 3853 navesque
1230 3789 1438 3835 eorem
1488 3775 1805 3856 mergeret
1852 3771 1945 3834 ita
1989 3768 2106 3834 l.l.
2156 3771 2400 3856 pergit:
2444 3770 2510 3832 οὐ
2558 3770 2679 3844 μὴν

290 3878 442 3941 ἀλλ’
491 3877 517 3940 ὃ
565 3874 935 3953 Μάρκελλος
986 3876 1286 3957 ἀπέφυγέ
1332 3899 1405 3940 τε
1454 3878 1557 3940 καὶ
1609 3879 1748 3941 τοὺς
1799 3878 1910 3940 σὺν
1952 3877 2150 3953 ἑαυτῷ
2193 3879 2487 3940 σκώπτων
2528 3897 2681 3953 τεχ-

293 3985 465 4056 νίτας
515 3984 619 4047 καὶ
669 3982 1127 4061 μηχανοποιοὺς
1175 3981 1431 4060 ἔλεγεν·
1487 3984 1553 4046 οὐ
1606 3982 1973 4057 παυσόμεθα
2017 3984 2160 4060 πρὸς
2205 3982 2307 4045 τὸν
2346 4005 2678 4061 γεωμετρι-

291 4091 393 4155 κὸν
454 4094 661 4155 τοῦτον
724 4089 1013 4169 Βριάρεων
1054 4095 1467 4174 πολεμοῦντες
1494 4138 1510 4164 ,
1572 4085 1633 4160 ὃς
1684 4090 1800 4158 τὰς
1849 4090 1963 4164 μὲν
2011 4094 2155 4157 ναῦς
2207 4089 2375 4162 ἡμῶν
2424 4087 2681 4169 καθίζων

292 4196 435 4275 πρὸς
506 4198 615 4268 την
684 4195 1010 4261 θάλασσαν
1077 4195 1310 4277 παίζων
1375 4193 1522 4270 μετ’
1589 4195 1891 4276 αἰσχύνης
1957 4194 2348 4272 ἐκβέβληκε,
2414 4196 2552 4266 τοὺς
2617 4196 2681 4259 δὲ

292 4304 578 4378 μυθικοὺς
630 4303 1083 4382 ἑκατόγχειρας
1135 4303 1439 4381 ὑπεραίρει
1490 4307 1774 4366 τοσαῦτα
1823 4302 2088 4378 βάλλων
2136 4298 2280 4377 ἅμα
2327 4300 2487 4377 βέλη
2537 4300 2678 4366 καθ’

297 4412 479 4487 ἡμῶν.
577 4407 708 4474 Diu
771 4421 1113 4494 antequam
1176 4412 1242 4474 in
1308 4410 1461 4475 edit.
1529 4408 1697 4475 Sint.
1757 4412 1825 4472 in
1891 4416 2099 4474 annot.
2167 4410 2307 4472 crit.
2373 4408 2452 4473 ad
2516 4408 2684 4474 hunc
