3192 5017
1320 293 1425 341 mo
1473 292 1752 343 CASBIUS.
2592 274 2725 341 205

333 470 524 535 nibus
569 470 883 533 intactum
931 466 1153 534 evasit.
1207 463 1417 531 Multa
1463 462 1758 551 exempla
1805 462 2180 553 collegimus
2226 466 2296 530 in
2352 464 2410 530 V
2401 488 2493 531 ar.
2541 466 2729 533 lectt.

334 596 481 663 pag.
550 573 702 639 235.
776 580 841 639 et
909 573 987 639 ad
1060 571 1440 659 Dionysium
1507 571 1724 637 Halie.
1784 591 1934 660 pag.
2006 568 2115 645 31.
2182 573 2288 637 oui
2333 572 2727 638 reddidimus

337 690 663 750 XPTCOC
734 682 900 761 αὐτῷ
959 679 1315 761 Φανησεται
1385 677 1412 741 ὃ
1480 677 1628 758 πρὸς
1692 677 1834 750 τοὺς
1899 678 2309 756 οὶςυγείτονας
2374 677 2547 758 ἀγών
2611 698 2725 766 pro

339 798 673 855 OX‘I'POC
720 807 868 874 pag.
925 784 1053 851 144
1104 785 1323 851 Reisk.

430 957 556 1080 fiio
617 1010 791 1080 Cass.
856 1010 961 1077 48.
1028 1010 1134 1077 21.
1201 1013 1265 1077 3.
1320 1011 1386 1075 τΙ
1430 1034 1518 1077 σοι
1570 1017 1687 1076 τῶν
1734 1019 1844 1086 τῆς
1892 1017 2110 1093 ψυχῆς
2159 1012 2412 1090 ἀγαθῶν
2460 1010 2720 1090 ὥπέςΗς

342 1119 717 1209 Legendum
765 1117 1001 1197 dms-13

431 1348 553 1414 Dio
599 1345 772 1415 Cass.
825 1346 932 1412 48.
985 1345 1092 1412 35.
1145 1348 1207 1411 2.
1259 1343 1409 1411 οὕτω
1459 1345 1814 1421 διετέθησαν
1863 1349 1939 1421 ὦς
1992 1347 2148 1423 μηδὲ
2195 1349 2341 1428 πρὸς
2388 1348 2729 1429 ἀνθρώπους

340 1457 513 1527 τινας
561 1456 736 1519 ἀλλὰ
785 1453 929 1533 πρὸς
979 1453 1151 1532 θηρία
1201 1450 1432 1534 [ἄπορα
1483 1453 1624 1537 καὶ]
1663 1449 1856 1533 ἄγρια
1898 1452 2366 1533 προσοισόμενοι.
2410 1453 2732 1522 Vocabula

345 1561 546 1642 ἄπορα
596 1562 703 1625 καί
749 1581 937 1625 sensu
988 1580 1186 1625 vacua
1232 1580 1310 1623 ex
1358 1559 1794 1646 dittographia
1837 1567 1989 1625 nata
2034 1568 2184 1625 sunt
2230 1566 2295 1626 et
2341 1560 2626 1627 delenda.

436 1806 558 1871 Dio
606 1803 782 1872 Cass.
838 1802 943 1869 48.
997 1804 1102 1869 41.
1156 1802 1214 1867 6.
1267 1803 1372 1867 καὶ
1423 1801 1585 1866 ποὶνυ
1633 1826 1713 1881 γε
1758 1804 2061 1885 Φρονίμως
2113 1805 2405 1878 ἐποίησαν
2444 1805 2549 1886 ἐφ’
2589 1807 2736 1880 ἡμῖν

349 1913 418 1977 τὸ
480 1912 604 1978 τίσι
674 1909 1053 1988 πολεμητέον
1121 1905 1327 1975 εἶΝΛΙ
1376 1909 1708 1988 διαγνῶναι
1757 1910 2212 1982 καταλιπόντες
2265 1910 2367 1975 καὶ
2418 1911 2507 1987 μη
2559 1910 2734 1975 αὐτοὶ

345 2021 447 2085 τὸν
496 2020 765 2097 πόλεμον
814 2016 1266 2099 ψηφισάμενοι.
1317 2017 1368 2080 οἱ
1416 2016 1529 2093 μὲν
1577 2016 1705 2095 γὰρ
1752 2016 1881 2082 οὔτ’
1927 2016 2268 2097 οὶκριβῶσαι
2304 2017 2387 2083 τοὶ
2425 2024 2542 2082 τῶν
2581 2040 2739 2093 συμ-

348 2125 577 2208 μῶχων
646 2125 811 2211 [καὶ]
874 2129 1153 2188 τοσοῦτον
1202 2123 1402 2187 αὐτῶν
1449 2121 1841 2205 αφεςηκότες
1891 2122 2265 2198 ἠδυνήθησαν
2316 2120 2390 2188 ἂν
2440 2123 2543 2187 καὶ
2593 2122 2736 2204 πρὸς

348 2231 589 2304 εἰδότας
637 2232 741 2296 καὶ
793 2240 1012 2296 nPoc
1053 2228 1669 2309 παρεσκευασμένους
1712 2229 1852 2301 τοὺς
1889 2230 2224 2306 πολεμίους
2260 2231 2365 2295 οὐκ
2407 2227 2483 2294 ἂν
2524 2229 2738 2307 ὁμοίως

353 2338 759 2426 [ἐπιτηδείως]
831 2336 1350 2419 προσηνέχθησαν.
1454 2335 1610 2423 Leg.
1676 2338 2053 2412 πολεμητέον
2118 2336 2228 2401 εἷΗ
2300 2343 2364 2402 et
2426 2341 2740 2422 expuncto

351 2448 459 2511 καί
520 2445 723 2511 scribe
783 2444 889 2509 καὶ
950 2441 1632 2521 ΠΡΟεσκευασμένους.
1727 2442 1971 2508 Deinde
2019 2464 2312 2531 expungo
2358 2443 2734 2516 ἐπιτηδείως.

352 2552 497 2617 Non
560 2550 1015 2638 intelligebant
1080 2548 1375 2615 Graeculi
1439 2549 1591 2633 quid
1643 2554 1805 2614 esset
1854 2551 1958 2613 οὐκ
2009 2548 2085 2614 ἂν
2133 2549 2346 2626 ὁμοίως
2399 2550 2737 2630 προσηνέχ-

353 2659 564 2732 θησαν.

442 2890 570 2955 Dlo
618 2886 914 2954 CASSIUS.
963 2887 1106 2954 Lib.
1156 2885 1263 2952 49.
1315 2883 1376 2951 6.
1427 2887 1488 2951 4.
1541 2888 1592 2952 εἲ
1642 2885 1768 2967 γάρ
1816 2910 1932 2952 που
1979 2888 2086 2953 καὶ
2138 2888 2545 2967 έποὶξειοὶν
2585 2914 2743 2957 τισιν

354 2996 601 3077 ἔτρεπον
648 2994 896 3067 αὐτούς.
989 2992 1142 3059 Noli
1191 2995 1473 3082 cogitare
1518 2993 1594 3059 de
1643 2994 1836 3061 verbo
1885 2992 2145 3072 ἐπάγειν
2166 3045 2185 3070 ,
2234 3016 2382 3061 nam
2430 2996 2556 3061 Dio
2603 2999 2742 3083 qui-

352 3104 499 3169 dem
548 3103 825 3168 abstinet
870 3101 1095 3165 formis
1143 3101 1579 3165 vitiosissimis
1630 3094 1786 3176 ἦξα,
1831 3099 2059 3178 ἕπῆξα,
2107 3100 2358 3181 ἔλειψα,
2408 3101 2742 3182 ἧμαρτησα

352 3208 837 3292 similibusque,
892 3204 1001 3272 sed
1052 3203 1352 3289 ἐπᾴξειαν
1402 3226 1631 3290 repone
1680 3212 1745 3271 et
1794 3206 1893 3269 ἐπ’
1938 3206 2127 3271 αὐτὸν
2175 3205 2315 3288 ᾖξεν
2364 3206 2469 3272 48.
2525 3207 2634 3276 47.
2678 3208 2743 3274 3.

351 3315 718 3399 similiaque
772 3314 872 3378 his
921 3312 1095 3378 alibi.
1193 3312 1461 3378 Codioes
1511 3315 1711 3378 nostri
1759 3310 1972 3378 ἄττειν
2019 3314 2166 3380 dare
2213 3314 2417 3381 solent
2464 3320 2528 3381 et
2576 3315 2745 3383 διατ-

353 3446 480 3485 τειν
520 3428 678 3487 oaet.
723 3419 827 3484 sed
871 3439 1094 3486 verum
1137 3422 1450 3483 monstrat
1488 3417 1903 3485 Homericum
1950 3421 2174 3493 ἀΐσσω,
2202 3422 2425 3507 ἀΐξας,
2454 3421 2746 3500 ἐπαΐξας.

354 3528 849 3611 Nonnumquam
903 3526 1214 3609 conti-aiio
1265 3544 1469 3590 errore
1511 3531 1810 3610 peccatur
1857 3532 1922 3591 et
1962 3527 2162 3594 forma
2199 3528 2398 3613 Epioa
2435 3531 2504 3594 in
2539 3530 2747 3596 soluta

355 3636 636 3699 oratione
700 3632 943 3721 legitur
1000 3637 1075 3696 ut
1139 3633 1208 3695 in
1268 3630 1558 3697 Platonis
1629 3634 1938 3698 Theaeteto
1983 3654 2132 3722 pag.
2186 3632 2315 3701 190
2363 3660 2420 3701 α.
2470 3634 2744 3718 ὀξύτερον

356 3739 676 3817 ἐπαΐξασα
723 3758 837 3824 pro
886 3738 1221 3821 ἐπᾴξασα,
1275 3737 1441 3823 quod
1492 3741 1777 3804 restituit
1822 3739 2108 3805 Dindorf.
2157 3742 2234 3806 ad
2283 3740 2377 3806 St.
2427 3741 2547 3808 Th.

446 3984 572 4050 D10
634 3982 823 4049 ΟΔΒΕ.
891 3981 996 4047 51.
1052 3982 1120 4049 8.
1188 3982 1489 4048 Antonius
1535 3984 1759 4062 legatos
1805 3982 1969 4046 misit
2015 3984 2098 4046 ad
2148 3983 2460 4049 Gaesarem
2509 3981 2628 4051 ὅσα
2677 4011 2748 4051 τε

355 4088 817 4170 συνηράσθησοέν
882 4112 1032 4154 ποτε
1097 4090 1203 4153 καὶ
1271 4090 1386 4153 ὅσα
1434 4088 2005 4153 συνενεανιεύσαντο
2051 4090 2348 4162 ἀλλήλοις
2400 4089 2749 4172 ἐξαριθμού-

355 4220 554 4275 μενος.
648 4194 922 4260 Vertunt
985 4197 1287 4278 „ipsorum
1346 4203 1610 4259 mutuum
1669 4195 1961 4278 quondam
2025 4196 2308 4261 amorem’'
2374 4198 2481 4264 sed
2547 4222 2749 4286 neque

357 4323 663 4389 umquam
716 4307 984 4368 mutuus
1032 4303 1199 4366 inter
1248 4322 1353 4367 eos
1400 4322 1579 4367 amor
1630 4300 1754 4365 fuit
1799 4321 2002 4385 neque
2050 4301 2168 4368 hoo
2216 4308 2310 4368 est
2356 4305 2425 4369 in
2472 4304 2750 4373 Graecis.

362 4412 630 4491 Συνερᾶν
681 4409 798 4472 τινΙ
843 4413 939 4474 est
986 4409 1243 4494 aliquem
1291 4408 1359 4471 in
1405 4407 1703 4471 amoribus
1748 4411 1956 4472 iuvare
1993 4415 2059 4472 ut
2095 4407 2360 4491 potiatur
2395 4412 2554 4492 quod
2573 4425 2748 4479 amet.
