3192 5017
1114 298 1851 352 samsonomomoms.
2555 279 2682 350 171

301 475 723 562 singularium
785 478 1286 542 abnormitatum
1333 477 1401 539 in
1444 476 1628 541 brevi
1674 475 1955 541 carmine
2002 473 2256 558 copiam
2306 471 2647 557 suspitioni
2666 516 2683 547 ‚

302 586 372 644 ut
415 579 645 646 leniter
689 582 927 659 dicam,
981 581 1166 649 valde
1213 581 1553 647 obnoxiam
1604 602 1758 646 esse.

387 685 664 752 Verum·
696 686 1142 774 quodcumque
1198 687 1437 752 feretur
1497 686 1575 752 de
1639 687 1757 752 hac
1820 686 2079 752 licentia
2132 685 2448 751 iudicium
2474 731 2491 761 ,
2543 701 2683 748 rem

301 790 484 877 plane
545 791 796 883 conficit
859 813 963 859 me
1018 792 1228 858 iudice
1291 795 1635 870 sermonis,
1697 813 1821 878 quo
1882 801 2070 878 poeta
2115 812 2269 857 usus
2315 796 2411 857 est
2429 836 2446 868 ‚
2493 790 2676 855 ratio·

302 897 470 965 Nam
526 905 601 964 ut
659 898 1039 965 concedatur
1097 900 1188 976 ei,
1251 905 1563 984 quantum
1613 901 1827 984 ipsum
1875 898 2175 964 carminis
2220 902 2679 985 argumentum

303 1006 662 1090 requirebat
680 1055 696 1079 ‚
768 1004 1224 1071 vocabulorum
1292 1023 1418 1070 non
1485 1007 1810 1090 epicorum
1881 1026 2034 1070 usus
2051 1054 2068 1079 ‚
2136 1010 2213 1069 ut
2272 1023 2351 1069 ne
2420 1002 2684 1067 moleste

303 1110 561 1194 quidem
625 1110 907 1176 feramus
960 1111 1185 1197 (auget
1228 1110 1400 1176 enim
1448 1110 1743 1196 parodiae
1787 1109 2207 1176 festivitatem
2256 1128 2478 1174 eorum
2522 1127 2685 1193 quae

301 1215 720 1287 traducuntur
764 1216 1123 1282 similitudo
1171 1236 1365 1301 quam
1412 1217 1723 1301 maxima)
1770 1216 1940 1302 quod
1988 1217 2184 1281 etiam
2237 1234 2400 1300 quae
2444 1216 2687 1280 evitare

302 1326 594 1405 potuerat
658 1321 969 1387 vocabula
1036 1327 1101 1386 et
1168 1319 1407 1386 formas
1477 1322 1556 1387 ab
1627 1323 1804 1406 spico
1871 1340 2160 1386 sermone
2228 1319 2436 1386 aliena
2497 1338 2684 1403 saepe

303 1429 671 1512 usurpavit,
719 1426 901 1494 velut
944 1425 1350 1508 πορεύεσθαι,
1400 1426 1746 1508 ὀργίζεσθαι
1768 1477 1784 1499 ,
1837 1427 2204 1505 μιμεῖσθαι,
2250 1422 2643 1505 γαυροῦσθαι
2668 1470 2689 1499 ,

301 1531 497 1609 ἥλατο
568 1552 681 1619 pro
751 1531 907 1598 ἆλτο
977 1532 1138 1618 (223
1206 1541 1271 1598 et
1334 1530 1515 1616 246),
1586 1535 1888 1617 εὐχερής,
1953 1532 2156 1610 ἥλιος,
2215 1531 2379 1604 alia.
2440 1538 2509 1595 at
2572 1529 2691 1594 hoo

294 1644 521 1703 -tameu
583 1640 724 1703 iure
784 1645 1193 1724 expectamus
1216 1687 1231 1712 ‚
1300 1638 1468 1722 apud
1540 1645 1792 1722 poetam
1856 1643 1991 1703 tam
2053 1637 2393 1722 antiquum
2420 1685 2437 1715 ,
2496 1655 2691 1721 quam

303 1750 674 1827 personatus
733 1744 842 1808 hic
903 1743 1131 1831 Pigres
1194 1763 1327 1809 esse
1391 1742 1690 1827 creditur,
1754 1763 1878 1809 non
1929 1745 2189 1827 reperiri
2239 1749 2335 1808 tot
2384 1739 2696 1809 vocabula

305 1864 468 1932 quae
512 1850 580 1913 in
626 1846 807 1913 nullo
854 1854 1271 1915 monumento
1317 1850 1554 1933 scripto
1605 1854 1853 1913 exstent
1899 1852 2046 1913 ante
2082 1845 2433 1912 Alexandri
2470 1847 2697 1932 magui

306 1960 617 2031 aetatem,
665 1975 779 2020 nec
826 1952 1038 2020 deesse
1084 1974 1245 2040 quae
1291 1972 1415 2018 non
1460 1956 1589 2019 nisi
1628 1953 1797 2039 apud
1829 1955 2164 2038 scriptores
2204 1951 2390 2020 valde
2412 1953 2696 2018 novitios

306 2058 623 2146 legantur.
720 2057 844 2125 'Pot
900 2057 1211 2125 vocabula
1255 2060 1311 2123 si
1352 2058 1496 2125 dico
1514 2106 1531 2133 ‚
1578 2058 1699 2123 hoc
1745 2058 1946 2124 velim
1992 2063 2246 2143 reputes
2264 2104 2281 2135 ‚
2329 2077 2689 2124 sermonem

309 2162 729 2230 Homericum
789 2171 1138 2248 utcumque
1200 2166 1486 2228 imitanti
1530 2183 1739 2228 raram
1788 2163 1982 2228 fuisse
2027 2162 2178 2229 huic
2225 2169 2542 2248 poetastro
2588 2180 2696 2228 oc-

310 2270 630 2335 casionem
699 2269 1036 2355 prodendi,
1102 2290 1227 2354 quo
1284 2271 1593 2335 sermonis
1658 2289 1888 2356 genere
1947 2268 2082 2354 ipse
2130 2272 2229 2334 uti
2276 2269 2696 2335 consueverit.

310 2377 678 2459 Praeterea,
724 2377 780 2441 si
824 2374 929 2442 vel
974 2394 1102 2441 uno
1147 2375 1456 2442 vocabulo
1501 2377 1747 2441 novitio
1789 2395 1940 2441 eum
1989 2395 2181 2441 usum
2228 2395 2362 2441 esse
2407 2379 2696 2450 constet,

311 2485 442 2548 iam
509 2480 657 2545 inde
702 2481 940 2545 recenti
986 2499 1142 2547 aevo
1189 2483 1404 2565 ipsum
1451 2479 1686 2546 vixisse
1733 2482 1889 2545 satis
1934 2499 2250 2565 apparere.
2344 2479 2511 2545 Satis
2579 2499 2696 2544 au-

312 2595 482 2662 tem,
533 2595 609 2651 ut
653 2586 773 2651 hoc
820 2591 996 2669 utar,
1044 2588 1614 2673 grammaticorum
1666 2585 2032 2651 testimonio
2079 2590 2328 2652 constat
2372 2586 2699 2651 novitium

314 2715 451 2760 esse
514 2691 750 2767 ἦπητής
798 2711 910 2775 pro
955 2710 1029 2757 eo
1074 2691 1240 2776 quod
1285 2697 1383 2756 est
1428 2690 1680 2765 ἄκεςής.
1728 2691 1815 2755 At
1861 2693 2116 2775 scripsit
2161 2696 2374 2755 noster
2421 2710 2514 2756 vs.
2567 2687 2699 2754 184

1138 2797 1166 2862 ὃ
1216 2796 1271 2860 δ’
1321 2797 1558 2871 ›ivm-»ic
1605 2819 1710 2871 μοι
1758 2795 1986 2878 hicn,

315 2908 432 2973 ubi
478 2907 821 2990 quominus
865 2902 943 2969 de
989 2905 1351 2969 sinceritate
1396 2902 1686 2968 lectionis
1732 2901 2135 2978 dubitemus,
2184 2904 2436 2967 numeri
2490 2901 2700 2986 prohi-

315 3016 491 3080 bent.
584 3011 778 3077 Estne
837 3028 988 3077 vero
1044 3008 1472 3074 Alexandrina
1532 3008 1773 3091 forma,
1836 3027 1917 3073 an
1960 3027 2088 3073 non
2134 3012 2265 3091 est,
2315 3006 2539 3085 ἔοργαν
2586 3024 2699 3091 pro

314 3115 613 3202 &praeut
661 3115 759 3183 Cf.
808 3138 872 3182 v.
921 3135 975 3179 c.
1025 3113 1334 3196 πέφρικαν
1384 3112 1700 3199 Lycophr.
1752 3111 1903 3179 232.
1954 3111 2059 3180 Sic
2104 3119 2318 3179 tamen
2365 3113 2463 3178 bis
2505 3114 2703 3197 serip-

316 3226 403 3291 sit
446 3223 943 3310 Pseudo-pigros

866 3328 997 3392 ἐπεὶ
1042 3329 1215 3394 κακὰ
1258 3329 1491 3395 πολλοὶ·
1520 3328 1594 3408 μ’
1645 3329 1938 3411 ἔοργαν
1991 3327 2178 3416 (179)

320 3448 387 3507 et
1358 3430 1456 3500 οἶά
1503 3440 1573 3511 μ’
1624 3433 1920 3515 ἔοργαν
1967 3434 2179 3521 (181),

319 3565 709 3636 quamquam
760 3549 1039 3609 metrum
1088 3547 1357 3626 utroque
1405 3540 1543 3607 loco
1590 3542 2002 3627 permittebat
2048 3543 2107 3607 ei
2155 3544 2427 3610 scribere
2474 3543 2705 3627 ἔρεξαν.

320 3652 447 3719 Sed
522 3653 678 3718 vicit
692 3701 712 3726 ,
782 3658 857 3716 ut
930 3651 1203 3716 arbitror
1223 3698 1240 3733 ,
1312 3650 1546 3714 vitiosa
1613 3646 1913 3732 loquendi
1980 3650 2366 3716 consuetudo
2425 3652 2710 3720 hominis

322 3759 703 3826 doctrinam.
1408 3821 1416 3827 ,

414 3863 589 3931 Mihi
633 3863 894 3948 quidem
941 3862 1067 3928 duo
1114 3863 1270 3928 haec
1316 3860 1610 3947 exempla
1659 3863 1817 3927 satis
1863 3882 2176 3948 superque
2223 3863 2584 3949 sufficiunt,
2634 3872 2709 3931 ut

322 3970 1083 4055 Batrachomyomachiae
1145 3974 1469 4033 auctorem
1530 3973 1849 4033 recentem
1893 3975 2286 4053 poetastrum
2333 3969 2709 4038 Alexandri-

323 4098 520 4157 num,
559 4095 683 4141 non
723 4081 1007 4140 veterem
1048 4079 1263 4139 vatem
1303 4072 1849 4139 Halicarnassium
1874 4120 1891 4155 ,
1931 4071 2129 4139 fuisse
2169 4077 2572 4153 existimem,
2600 4077 2709 4143 sed

324 4182 778 4254 nihilominus.
841 4199 991 4244 cum
1036 4178 1277 4245 multos
1324 4186 1389 4245 et
1433 4179 1502 4244 in
1549 4178 1651 4244 his
1694 4181 2114 4266 gravissimae
2162 4183 2560 4248 auctoritatis
2607 4184 2710 4250 vi·-

327 4308 431 4354 ros
488 4288 799 4371 hodieque
859 4285 1149 4350 dubitare
1206 4284 1459 4351 videam
1478 4332 1494 4363 ,
1552 4285 1959 4369 multumque
2022 4287 2275 4352 intersit
2320 4285 2710 4355 Graecarum

329 4394 693 4460 litterarum
741 4393 1042 4457 historiae
1088 4396 1163 4455 ut
1210 4390 1465 4456 tandem
1512 4389 1886 4476 planissime
1923 4399 2174 4457 constet
2217 4413 2344 4459 non
2378 4414 2512 4460 esse
2548 4395 2710 4461 hanc
