3192 5017
1369 292 1731 339 nummu.
2666 274 2745 339 19

354 460 646 527 Verbum
709 460 1069 542 ἐξαλείφειν
1137 483 1263 529 non
1326 482 1552 527 sanum
1603 464 2015 547 praestabunt
2061 461 2184 527 loci
2232 484 2269 528 a
2316 462 2741 551 Wesselingio

360 566 610 633 collecti
657 568 737 632 ad
784 567 965 634 Diod.
1018 568 1141 634 Sic.
1195 568 1223 632 1
1260 590 1320 652 p.
1366 568 1519 632 207.
1567 567 2068 633 Valckenaerius
2107 577 2370 652 autem*
2403 586 2741 655 postquam

360 672 769 763 Wesselingii
816 675 1026 741 locum
1076 677 1414 745 indicavit,
1467 678 1560 739 ita
1600 679 1844 762 pergit:
1904 675 2440 759 „Frequentatum
2483 675 2740 741 Platoni

357 783 897 866 scriptoribusque
934 783 1195 866 optimis
1240 782 1507 847 verbum
1547 779 1878 857 ἐξαλεῖψαι
1923 783 2047 846 ista
2072 780 2472 868 significandi
2498 786 2738 847 virtute

358 887 562 951 rarius
608 886 1026 952 invenietur.''
1074 887 1361 952 Dixerim
1410 886 1703 970 equidem
1753 887 2019 951 verbum
2073 884 2410 961 ἐξαλεῖψαι
2461 889 2524 951 in
2575 886 2740 972 Hip-

361 993 582 1079 polyto
637 993 823 1078 plane
889 1013 1022 1058 esse
1081 993 1465 1065 absurdum;
1526 993 1681 1077 quid
1728 995 1896 1056 enim
1949 992 2202 1077 prodest
2246 991 2505 1059 laudare
2550 993 2736 1059 Euri-

359 1100 529 1185 pidis
574 1101 1010 1186 fragmentum
1065 1097 1271 1164 1028:

815 1213 1000 1285 κρινεῖ
1042 1229 1134 1277 τις
1186 1206 1370 1270 αὑτὸν
1417 1206 1657 1269 πώποτ’
1709 1202 2012 1283 ἄνθρωπον
2060 1205 2303 1280 μέγαν,

813 1307 875 1374 ὃν
924 1311 1361 1389 ἐξαλείφει
1412 1311 1723 1392 πρόφασις
1774 1314 1805 1384 ἧ
1856 1310 2115 1390 τυχοῦσ’
2167 1305 2338 1382 ὅλονς

362 1439 511 1483 cum
572 1421 1007 1502 unusquisque
1068 1420 1285 1482 statim
1349 1421 1614 1491 sentiat,
1667 1418 1819 1502 quid
1866 1412 2033 1482 inter
2078 1418 2245 1482 hunc
2293 1416 2503 1481 locum
2550 1426 2616 1482 et
2661 1418 2743 1481 il-

359 1522 497 1587 lum
549 1521 843 1588 intersit?
890 1523 1236 1610 Postquam
1288 1528 1796 1609 rescripserimus
1856 1524 2329 1606 ἐξαλείψει,
2377 1544 2522 1587 eum
2574 1530 2741 1588 certe

358 1628 573 1693 locum
636 1632 771 1696 sine
835 1631 1067 1697 damno
1124 1636 1381 1696 mittere
1427 1634 1799 1715 poterimus.
1895 1629 2013 1694 Sed
2063 1632 2200 1714 ipse
2248 1627 2741 1695 Valckenaerius

358 1737 694 1803 dubitabat
754 1747 1044 1824 possetne
1091 1741 1326 1804 servari
1375 1739 1463 1814 μή
1514 1740 1585 1815 μ’
1634 1737 2032 1816 ἐξαλείψητ’·
2083 1737 2232 1801 hinc
2278 1735 2455 1800 addit
2501 1739 2743 1800 coniec-

360 1853 608 1927 turam,
656 1865 781 1928 qua
826 1844 990 1910 nihil
1038 1843 1386 1930 proficitur:

814 1952 903 2030 μή
951 1953 1021 2029 μ’
1069 1949 1405 2030 ἐξαλείψῃς
1453 1946 1495 2013 ὦ
1543 1949 1775 2027 πατρὸς
1825 1948 2076 2013 τάλαιν’
2123 1950 2268 2024 ἄρα.

362 2051 660 2141 Cogitavi
708 2057 1004 2142 equidem
1056 2056 1167 2121 de:
1219 2057 1429 2131 uffa*
1477 2052 1927 2129 ἐξαλίσητ”.
1976 2054 2257 2119 Verbum
2306 2054 2640 2131 ἐξαλίνδειν
2689 2056 2742 2119 si

362 2160 527 2244 quod
591 2161 767 2226 aliud
828 2162 1174 2249 Hippolyti
1237 2164 1416 2246 equis
1480 2161 1666 2226 facile
1724 2161 2055 2227 intellectu
2105 2162 2325 2225 debuit
2371 2181 2524 2227 esse.
2618 2160 2740 2226 Vix

361 2287 521 2352 opus
565 2274 661 2332 est
709 2268 1062 2334 adscribere
1108 2268 1515 2352 Phidippidis
1564 2267 1789 2332 verba:

904 2372 1131 2452 ἄπαγε
1175 2373 1279 2438 τὸν
1324 2371 1510 2438 ἵππον
1557 2371 1859 2448 ἐξαλίσας
1907 2373 2133 2440 οἶκαδε.

365 2480 591 2545 deinde
638 2483 849 2565 pater:

724 2587 896 2662 ἀλλ’,
947 2583 988 2651 ὦ
1038 2586 1209 2665 μέλ’,
1262 2586 1553 2664 ἐξήλικας
1606 2583 1718 2661 ἐμέ
1766 2587 1833 2663 γ’
1883 2587 1950 2650 ἐκ
1998 2592 2115 2651 τῶν
2163 2570 2342 2665 ἐμῐᾶν.

452 3003 522 3068 In
568 3002 1013 3069 Andromache
1060 3007 1282 3070 statim
1330 3005 1608 3071 offendor
1654 3006 1734 3069 ad
1785 3025 1876 3068 vs.
1927 3003 2003 3067 8:

910 3107 1037 3183 ἥτις
1085 3111 1259 3175 πόσιν
1302 3112 1416 3188 μὲν
1460 3112 1707 3189 Ἕκτορ’
1758 3109 1827 3186 ἐξ
1875 3109 2224 3189 Ἀχιλλέως

907 3216 1140 3281 θανόντ’
1190 3216 1521 3282 ἐσεῖδον.

360 3320 612 3385 Dicitur
682 3322 799 3386 hoc
858 3323 984 3386 nisi
1041 3321 1262 3388 fallor:
1330 3323 1675 3387 ἐπεῖδον.
1745 3322 1940 3388 Recte
2003 3343 2253 3407 quoque
2317 3323 2597 3389 κατεῖδον
2645 3334 2742 3389 est

362 3426 673 3492 Androm.
725 3424 891 3491 400:

860 3532 991 3608 ἥτις
1040 3536 1310 3616 σφαγὰς
1360 3536 1472 3612 μὲν
1515 3535 1805 3613 Ἕκτορος
1854 3535 2277 3614 τροχηλατους

860 3640 1187 3724 κατεῖδον.,

363 3747 589 3811 itidem
637 3751 805 3813 recte
850 3747 1095 3835 legitur
1142 3750 1443 3815 Androm.
1499 3747 1669 3813 629:

862 3857 1012 3917 ἀλλ’
1060 3857 1132 3925 ὥς
1185 3854 1411 3921 ἐσεῖδες
1463 3856 1700 3938 μαςόν,
1750 3856 2034 3933 ἐκβαλὼν
2080 3854 2261 3930 ξίφος

864 3961 1097 4038 ΦΙλημ’
1145 3959 1368 4044 ἐδέξω,

364 4072 426 4131 et
475 4064 699 4131 Troad.
752 4064 873 4143 Q:

1484 4176 1561 4247 ὥς
1612 4174 1960 4254 δεκασπόρῳ
2007 4175 2200 4254 χρόνῳ

912 4280 1185 4359 ἀλόχους
1232 4304 1301 4343 τε
1351 4282 1454 4345 καὶ
1505 4282 1669 4345 τέκν’
1716 4281 2012 4348 εἰσίδωσιν
2060 4282 2335 4359 ἄσμενοι.

370 4385 491 4451 Sed
541 4388 768 4453 ἐπιδεῖν
814 4391 881 4451 in
927 4387 1152 4453 Medea
1198 4394 1293 4452 est
1339 4409 1434 4453 vs.
1487 4388 1689 4455 1025:
