3192 5017
606 254 693 323 62
1593 277 1991 328 monms.

604 446 841 533 quibus
900 449 1195 515 sanandis
1256 448 1549 518 studium
1608 453 1845 520 frustra
1905 453 2292 536 insumitur-3
2346 448 2458 517 sed
2500 448 2570 514 in
2612 452 2999 516 universum

606 555 762 640 quid
830 555 1184 643 Aeschylon
1246 557 1435 624 Musa
1495 562 1848 626 cantaverit
1864 610 1882 643 ,
1941 560 2098 626 satis
2159 558 2491 626 commode
2550 557 3000 643 perspicimus.

602 660 698 728 De
746 661 1017 750 singulis
1063 668 1280 728 autem
1328 665 1620 730 versibus
1663 687 1779 732 nec
1825 665 2040 732 minus
2077 665 2156 731 de
2192 663 2558 731 fabularum
2596 664 2989 738 oeconomia,

602 787 795 852 quam
842 770 1363 854 compositionem
1410 769 1673 836 fortasse
1720 771 1928 837 dIcere
1967 771 2221 855 licebit,
2256 790 2444 856 saepe
2481 767 2762 835 multum
2813 768 3002 833 abest

604 880 682 940 ut
727 881 868 942 tuto
904 874 1228 960 judicium
1275 876 1438 942 ferre
1484 875 1695 943 liceat.

689 979 821 1048 Hic
866 983 1309 1047 testimonium
1355 982 1527 1048 dicat
1569 981 1938 1050 Dindorfins
1955 1032 1972 1061 ,
2023 986 2144 1070 qui·
2178 984 2424 1071 ingenii
2471 979 2791 1068 praeclaro
2840 999 2998 1047 acu-

597 1090 772 1153 mine
815 1106 1049 1172 paucos
1098 1108 1276 1172 pares
1320 1087 1516 1154 habet
1532 1138 1552 1174 ,
1600 1092 1990 1175 superiorem
2036 1096 2253 1155 autem
2289 1090 2638 1155 neminem.
2683 1086 2748 1152 Is
2784 1086 2999 1176 igitur

596 1199 937 1280 postquam
997 1192 1135 1277 ipse
1194 1192 1466 1260 infinitis
1510 1195 1669 1263 locis
1716 1196 2022 1283 Aeschyli
2070 1201 2323 1263 textum
2369 1194 2739 1261 felicissime
2787 1196 2998 1258 tenta·

598 1302 696 1365 vit
715 1347 732 1377 ,
795 1319 946 1364 vere
1007 1297 1174 1363 dixit
1232 1302 1301 1365 in
1364 1300 1656 1367 Mediceo
1703 1299 1934 1368 Codice
1975 1301 2278 1368 lectiones
2323 1321 2508 1386 saepe
2552 1300 2737 1364 miris
2782 1297 2999 1364 modis

597 1411 860 1472 vexatas
907 1410 972 1469 et
1018 1405 1433 1492 interpolatas
1478 1428 1616 1473 esse
1632 1456 1650 1486 ‚
1699 1408 1853 1474 adeo
1900 1413 1977 1473 ut
2038 1428 2267 1493 parum
2328 1404 2696 1492 proficiatur
2750 1405 2833 1468 iis
2888 1423 2998 1468 re-

599 1511 863 1588 mediis,
940 1510 1173 1595 quibus
1220 1512 1518 1601 vulgares
1563 1513 1970 1579 librariorum
2016 1533 2254 1579 errores
2298 1511 2717 1579 emendantur
2761 1515 2827 1575 et
2872 1507 2998 1574 tol·

596 1617 843 1684 luntur.
939 1613 1162 1702 Itaque
1216 1625 1359 1704 post
1402 1618 1798 1685 Boeckhium
1818 1666 1836 1696 ,
1884 1640 2069 1705 quem
2121 1619 2378 1685 honoris
2422 1637 2650 1683 causae
2691 1617 2992 1697 nomino,

598 1723 770 1790 haud
815 1723 1083 1789 absurde
1129 1745 1427 1810 quaerere
1470 1727 1679 1811 coepit
1724 1728 1932 1792 sintne
1978 1731 2223 1812 septem
2275 1723 2579 1811 Aeschyli
2624 1721 2996 1810 tragoediae

597 1832 754 1897 satis
820 1831 1070 1918 integre
1131 1832 1210 1897 ad
1268 1844 1483 1899 nostra
1541 1841 1670 1898 tem
1679 1853 1830 1919 pora
1872 1840 2258 1920 propagatae
2301 1852 2384 1898 an
2427 1831 2690 1897 fortasse
2733 1826 2992 1894 refictae

599 1958 748 2004 cnm
811 1941 891 2005 ab
946 1941 1037 2004 im
1045 1940 1405 2025 posteribus
1451 1938 1900 2006 Alexandrinis
1945 1945 2086 2004 tum
2137 1940 2216 2005 ab
2264 1936 2682 2004 histrionibus
2728 1934 2956 2001 aliisve
2971 1981 2992 2010 ,

597 2047 710 2130 qni
769 2051 917 2111 ante
976 2045 1263 2133 Lycurgi
1325 2045 1607 2111 nobilem
1668 2044 1882 2133 legem
1939 2044 2103 2110 nihil
2150 2046 2272 2110 sibi
2319 2061 2445 2110 non
2492 2042 2875 2131 arrogabant
2920 2043 2994 2105 in

594 2150 989 2217 immortalia
1034 2171 1223 2237 opera
1243 2199 1261 2235 ‚
1310 2171 1473 2237 quae
1519 2151 1847 2217 licentiam
1892 2154 2065 2217 nacti
2104 2150 2512 2236 impudenter
2558 2147 2994 2215 rescribebant

598 2263 664 2324 et
709 2257 1196 2343 interpolabant.
1291 2255 1448 2336 Quis
1492 2256 1683 2322 hodie
1728 2276 1961 2344 negare
1983 2258 2178 2331 ,ausit
2196 2306 2215 2340 ,
2264 2254 2420 2322 olim
2470 2257 2810 2342 insigniter
2853 2273 2992 2318 sae·

592 2365 807 2432 vitum
868 2363 1067 2429 fuisse
1122 2362 1189 2427 in
1235 2361 1597 2450 tragoedias
1644 2370 1710 2433 et
1753 2362 2144 2439 comoedias,
2191 2382 2348 2449 quas
2392 2362 2734 2428 histriones
2778 2363 2991 2425 muta-

592 2472 749 2536 bant
794 2473 860 2536 et
905 2467 1296 2534 mutilabant
1341 2473 1406 2534 et
1449 2471 1600 2534 novi
1645 2474 1869 2553 poetae
1919 2469 2232 2534 arbitratu
2269 2487 2385 2534 suo
2425 2461 2990 2533 contaminabant?

593 2575 689 2643 De
748 2574 1066 2661 Aeschylo
1111 2580 1282 2640 certe
1325 2595 1427 2639 res
1474 2580 1738 2660 apparet
1754 2622 1771 2652 ‚
1820 2581 2157 2660 postquam
2200 2572 2591 2640 Bitschelins
2635 2592 2750 2638 suo
2810 2590 2989 2636 more

592 2683 659 2748 h.
685 2703 740 2748 e.
806 2689 940 2747 tam
999 2680 1181 2746 docte
1241 2701 1434 2767 quam
1496 2686 1683 2746 acute
1745 2681 2060 2754 ostendit,
2117 2700 2313 2765 quam
2359 2681 2598 2746 severis
2643 2699 2720 2744 ac
2764 2696 2989 2762 prope-

592 2788 860 2854 modum
926 2785 1321 2852 Procrusteis
1377 2786 1634 2874 legibus
1698 2789 2049 2871 composita
2105 2786 2301 2851 fuerit
2346 2784 2566 2851 fabula
2610 2784 2689 2849 de
2735 2788 2984 2869 septem

593 2894 868 2960 ducibus
907 2892 1210 2958 adversus
1249 2890 1521 2958 Thebas.
1567 2890 1781 2958 Multa
1814 2912 1977 2978 quae
2017 2912 2091 2958 eo
2129 2894 2449 2977 pertinent
2465 2938 2484 2968 ,
2525 2890 2989 2956 demonstravit

592 2997 959 3065 Dindorfius
1002 3001 1142 3084 ipse
1164 3047 1180 3072 ,
1229 3001 1339 3083 qui
1392 3004 1612 3064 tamen
1656 2997 1979 3064 interdum
2028 2998 2175 3084 plus
2222 3018 2414 3085 qnam
2463 2997 2796 3073 debuerat,
2841 3015 2987 3062 oon-

593 3104 735 3171 fidit
793 3106 1053 3192 ingenio
1070 3153 1087 3183 ‚
1150 3125 1275 3189 quo
1320 3106 1645 3190 imprimis
1691 3103 1983 3182 excellit3
2032 3103 2241 3171 multa
2289 3104 2402 3170 alii
2449 3105 2755 3189 suspicati
2799 3107 2949 3168 sunt
2963 3119 2984 3180 ς

592 3211 804 3279 multa
847 3216 997 3277 sunt
1042 3212 1122 3277 de
1167 3211 1400 3296 quibus
1444 3231 1585 3296 spes
1634 3217 1731 3277 est
1776 3211 1908 3277 fore
1955 3224 2030 3277 ut
2074 3213 2142 3276 in
2197 3217 2523 3297 posterum
2572 3213 2808 3275 certius
2860 3206 2981 3274 ali-

592 3317 746 3404 quid
782 3319 1194 3403 pronunciare
1233 3319 1585 3403 possimus,
1622 3319 1877 3382 etiamsi
1912 3315 2226 3405 Hesychii
2262 3337 2420 3404 gaza
2437 3367 2455 3401 ,
2490 3336 2652 3403 quae
2677 3321 2775 3381 tot
2797 3335 2979 3402 egre-

591 3426 734 3512 gias
802 3423 1105 3490 lectiones
1172 3422 1607 3508 suppeditavit
1623 3470 1642 3506 ,
1703 3425 1840 3509 Jam
1911 3423 2219 3488 exhausta
2275 3424 2404 3489 fere
2470 3423 2762 3490 videatur
2823 3440 2977 3486 esse.

591 3529 691 3612 De
750 3528 1059 3615 Euripide
1115 3533 1334 3594 antem
1383 3548 1455 3593 ac
1503 3528 1873 3612 praesertim
1923 3529 2001 3594 de
2045 3529 2473 3615 Aristophane
2517 3549 2675 3595 num
2726 3527 2978 3595 fabulae

592 3638 749 3701 satis
797 3638 1086 3723 integrae
1132 3634 1211 3699 ad
1261 3654 1375 3700 nos
1419 3637 1823 3719 pervenerint
1839 3681 1856 3713 ,
1903 3636 1972 3701 in
2016 3635 2232 3701 animo
2275 3643 2372 3702 est
2417 3636 2782 3722 propediem
2829 3655 2976 3702 enm

592 3762 746 3808 cura
812 3740 1127 3807 declarare
1188 3739 1341 3825 qnid
1404 3741 1709 3817 sentiam3
1777 3739 1856 3806 de
1916 3740 2236 3828 Aeschylo
2281 3747 2346 3807 et
2390 3740 2730 3826 Sophocle,
2777 3760 2972 3826 quum

593 3850 880 3935 quaestio
928 3844 1310 3912 difficillima
1353 3848 1440 3910 sit
1484 3865 1558 3911 ac
1605 3866 1797 3931 supra
1844 3867 2020 3912 meas
2068 3849 2271 3932 vires,
2318 3853 2526 3913 tacere
2573 3845 2746 3913 malo
2782 3867 2973 3932 qnam

588 3957 881 4041 ineptire.
974 3951 1180 4019 Video
1238 3951 1412 4017 haud
1474 3973 1615 4019 raro
1672 3952 1915 4039 aliquid
1966 3974 2098 4020 esse
2145 3953 2503 4020 audendum
2551 3960 2618 4020 et
2663 3956 2815 4020 novi
2858 3953 2972 4019 for·

590 4066 812 4127 tunam
886 4079 992 4126 eos
1060 4062 1310 4144 juvare,
1382 4060 1494 4144 qui
1564 4058 1808 4145 aliquid
1879 4080 1995 4125 suo
2058 4066 2343 4146 tempore
2400 4061 2709 4139 audeant;
2761 4065 2971 4126 tamen

588 4167 753 4232 mihi
813 4168 884 4231 in
942 4165 1063 4231 hoc
1121 4183 1350 4252 genere
1410 4164 1679 4231 minime
1746 4164 2063 4232 satisfacio
2122 4170 2189 4231 et
2233 4168 2289 4232 si
2335 4166 2492 4251 quid
2536 4167 2851 4251 proferam
2896 4165 2972 4233 de

588 4271 892 4359 Aeschyli
939 4277 1122 4338 textu
1158 4270 1550 4337 emendando
1571 4319 1588 4348 ‚
1629 4271 1697 4336 id
1738 4291 1925 4337 omne
1963 4273 2309 4357 pertinebit
2345 4272 2426 4338 ad
2465 4271 2707 4339 leviora
2744 4272 2971 4339 menda

592 4378 890 4457 tollenda,
937 4378 1187 4463 reliqua
1228 4398 1308 4443 ne
1354 4376 1563 4466 digito
1609 4377 1870 4464 quidem
1920 4382 2259 4468 attingam.
2312 4377 2439 4444 Ubi
2486 4377 2740 4446 lenibus
2774 4399 2969 4447 reme-
