3192 5017
1189 277 1685 326 interorumns.
2497 256 2626 321 359

337 446 505 511 Mira
549 454 644 512 est
689 449 966 513 nominis
1012 448 1212 513 forma
1260 450 1688 524 Λακρατείδης
1738 471 1835 516 vs,
1898 446 2066 515 220:

603 558 704 619 νῦν
751 551 807 617 δ’
858 554 1067 629 ἐπειδὴ
1113 555 1313 632 eappan
1359 554 1466 631 ἤδη
1517 554 1741 632 τούμὸν
1788 553 2214 630 ἀντικνήμιον,

604 658 710 724 καὶ
760 662 1080 739 παλαιῷ
1129 660 1524 742 Λακρατείδῃ
1569 660 1639 725 τὸ
1688 662 1903 730 σκέλος
1952 660 2332 743 βαρύνεται,

246 784 356 830 neo
414 765 685 830 scribam
753 786 900 831 sane
961 787 1110 831 eum
1174 765 1502 853 Elmsleyo
1568 767 1932 849 Λακρατίδῃ
1978 791 2055 845 γε
2106 765 2207 833 vel
2255 765 2619 844 Λακρατίδῃ

244 870 311 946 δή
372 891 521 936 eum
584 870 729 936 aliis
788 878 853 938 et
908 877 1185 957 praestat
1230 873 1494 939 fortasse
1540 874 1855 939 abstinere
1904 893 2163 948 manus,
2216 871 2412 937 donee
2462 891 2610 936 vera

243 979 550 1061 scriptura
594 975 851 1044 aliunde
895 978 1189 1062 prodeat,
1237 979 1345 1043 sed
1392 985 1717 1063 praeterea
1761 977 2123 1065 intelligere
2183 977 2344 1041 mihi
2401 976 2620 1043 videor

243 1081 414 1147 aliud
458 1082 654 1148 latere
701 1081 1007 1171 mendum
1055 1090 1120 1150 et
1164 1084 1577 1150 commendo:

512 1187 617 1251 καὶ
667 1186 930 1252 παλαι
978 1190 1076 1267 τῷ
1123 1189 1531 1270 Λακρατείδῃ
1578 1188 1650 1254 τὸ
1697 1188 1911 1262 σκέλος
1959 1188 2326 1271 βαρύνεται.

330 1398 513 1479 Quod
560 1400 716 1465 dicit
762 1399 1160 1485 Dieaeopolis
1208 1423 1298 1468 vs.
1353 1400 1521 1467 416:

647 1506 743 1571 δεῖ
784 1505 912 1587 γάρ
958 1530 1040 1582 με
1091 1505 1272 1582 λέξαι
1318 1510 1417 1588 τῷ
1467 1507 1676 1590 ’χορῷ
1725 1512 1890 1590 ῥῆσιν
1938 1506 2224 1586 μακράν,

239 1611 303 1676 id
365 1610 705 1697 Euripides
766 1632 889 1677 non
951 1614 1161 1697 potuit
1208 1612 1606 1701 intelligere,
1657 1616 1808 1699 quia
1854 1616 2104 1701 ignorat
2151 1611 2306 1697 quid
2351 1611 2605 1679 Dicaeo-

238 1717 397 1801 polis
442 1738 595 1783 cum
642 1718 1056 1804 popularibus
1103 1721 1235 1784 suis
1282 1722 1506 1807 egerit.
1556 1719 1849 1786 Proclive
1895 1726 1991 1785 est
2038 1719 2408 1785 restituere:

692 1824 788 1889 δεῖ
826 1823 952 1904 γάρ
998 1848 1080 1901 με
1130 1825 1309 1903 λέξαι
1358 1829 1713 1907 τήμερον
1758 1829 1920 1906 ῥῆσιν
1965 1825 2238 1905 μακράν.

237 1928 391 1997 Vide
438 1931 632 1997 modo
684 1952 777 1997 vs.
829 1930 979 1996 440.

322 2144 463 2211 Hoc
530 2145 765 2210 habeut
835 2150 1078 2210 veteres
1124 2146 1534 2229 interpretes.
1585 2162 1744 2227 quos
1793 2145 1990 2208 etiam
2039 2142 2228 2208 hodie
2272 2144 2398 2208 viri
2444 2141 2613 2208 docti

232 2251 555 2317 interdum
604 2251 1040 2336 imprudentes
1086 2255 1471 2335 sequuntur,
1517 2256 1592 2314 ut
1640 2250 1923 2316 obscuris
1971 2255 2035 2314 et
2080 2248 2409 2334 impeditis
2455 2247 2614 2314 locis

233 2356 395 2440 apud
442 2355 931 2441 Aristophanem
983 2375 1232 2440 semper
1276 2375 1535 2440 spurcos
1580 2359 1752 2422 iocos
1797 2356 2178 2441 eosdemque
2237 2354 2614 2441 plerumque

231 2463 683 2551 frigidissimos
727 2461 924 2527 latere
971 2463 1359 2527 existiment.
1425 2460 1628 2528 Veluti
1675 2484 1768 2529 vs.
1818 2459 1951 2527 994
1990 2459 2236 2528 Chorus
2270 2463 2380 2536 τὴν
2417 2471 2611 2528 Διαλ-

233 2571 435 2649 λαγὴν
486 2571 580 2634 ita
624 2568 1003 2653 alloquitur:

509 2673 684 2739 α’λλοὶ
733 2698 801 2737 σε
850 2673 1066 2752 λαβὼν
1111 2671 1252 2753 τρία
1299 2671 1445 2736 δοκῶ
1491 2673 1559 2749 γ’
1610 2669 1686 2736 ἂν
1733 2671 1824 2737 ἔτι
1871 2673 2406 2751 προσβαλεῖν.

233 2781 692 2867 Interpretatur
752 2778 1142 2845 Scholiasta:
1208 2779 1257 2842 εί
1324 2777 1428 2842 καὶ
1493 2776 1756 2858 γέροντά
1818 2802 1899 2856 με
1966 2780 2158 2851 δοκεῖς
2225 2780 2364 2859 ὁρᾶν
2381 2826 2399 2857 ,
2448 2777 2609 2857 ὅμως

234 2886 449 2964 λαβών
513 2910 611 2962 σε,
679 2884 918 2965 ἱσχύσω
980 2884 1394 2963 συγγενέσθαι
1461 2904 1550 2948 σοι
1608 2883 1734 2963 τρὶς
1799 2883 1902 2948 καὶ
1966 2883 2297 2958 πολλάκις.
2393 2884 2608 2951 Etiam

232 2993 538 3061 Albertus
599 2990 912 3057 Mullerus
956 2991 1076 3056 hoe
1125 2991 1387 3076 probare
1433 2988 1724 3066 videtur3
1773 2989 1998 3055 deinde
2043 2995 2288 3057 veteres
2336 2989 2608 3056 Theolo-

232 3123 344 3190 gos
389 3102 720 3177 imitatus,
769 3100 878 3182 qui
926 3098 1160 3181 ubique
1205 3096 1492 3179 dupbicem
1530 3118 1761 3160 semum
1799 3096 2240 3180 odorabantur,
2275 3104 2608 3179 praeterea,

230 3210 437 3294 inquit
463 3256 477 3279 ,
547 3206 892 3288 eiymflcant
959 3204 1103 3266 haec
1168 3208 1379 3266 verba.-
1425 3200 1622 3287 Spero
1683 3203 1815 3267 fore
1877 3207 1954 3267 ut
2015 3201 2180 3268 bello
2241 3201 2421 3268 finito
2486 3206 2607 3268 tria

233 3314 436 3378 adhue
500 3309 842 3397 perficiam.
930 3307 1323 3387 Προσβαλεῖν
1387 3313 1605 3372 autem
1668 3308 1774 3374 hio
1820 3307 1993 3374 idem
2042 3310 2201 3392 erit,
2249 3308 2416 3393 quod
2462 3331 2611 3373 oom-

221 3425 510 3501 primere,
558 3418 614 3481 si
661 3415 920 3500 quidem
968 3413 1294 3500 Hesychio
1342 3411 1495 3478 fides
1539 3419 1667 3491 est,
1722 3415 1828 3479 eui
1875 3414 2243 3493 προσβαλὼν
2290 3421 2387 3480 est
2425 3439 2611 3494 προσ-

233 3525 415 3589 ελθὼν
464 3527 528 3587 et
572 3519 930 3601 πρόσβαλον
947 3517 1026 3605 (Ῡ)
1072 3525 1170 3585 est
1216 3519 1807 3600 προσκατακλίθητι.
1855 3517 2063 3600 Quam
2111 3540 2217 3586 me
2266 3520 2476 3588 taedet
2521 3522 2605 3588 il-

236 3628 444 3695 larum
494 3628 910 3713 ineptiarum:
960 3627 1197 3691 scribe:

505 3731 685 3798 ἄλλα
729 3756 799 3797 σε
847 3731 1063 3810 λαβὼν
1108 3732 1249 3811 τρία
1296 3730 1443 3796 δοκῶ
1490 3733 1558 3808 γ’
1608 3730 1685 3796 ἂν
1731 3729 1821 3795 ἔτι
1871 3732 2418 3818 προσλαβεῖν,

506 3841 720 3920 πρῶτα
768 3840 880 3915 μὲν
926 3837 1003 3903 ἂν
1049 3838 1393 3914 ἀμπελίδος
1440 3836 1616 3918 ὄρχον
1663 3836 1891 3902 ἐλάσαι
1937 3840 2197 3919 μακρόν,

509 3942 648 4012 εἷτα
697 3944 871 4024 παρὰ
921 3944 1091 4009 τόνδε
1141 3943 1247 4008 νέα
1294 3945 1599 4024 μοσχίδια
1647 3944 1901 4009 συκίδων
1941 4018 1946 4023 ,

511 4048 617 4116 καὶ
667 4053 735 4118 τὸ
782 4051 978 4129 τρίτον
1024 4050 1300 4130 ἡμερίδος
1348 4048 1563 4135 ὄρχον,
1613 4050 1642 4114 ὅ
1688 4047 1879 4129 γέρων
1932 4049 2042 4114 ὁδί.

240 4158 377 4224 Iam
425 4158 658 4224 dixeris
705 4158 857 4222 haee
904 4157 1099 4222 verba
1144 4157 1299 4221 satis
1346 4162 1562 4241 aperta
1608 4176 1762 4221 esse.
1816 4155 2050 4233 Λαβὼν
2097 4155 2207 4229 τὴν
2256 4156 2611 4236 διαλλαγὴν

240 4286 426 4331 senex
495 4269 813 4351 praeterea
881 4265 1004 4327 tria
1070 4263 1235 4328 bona
1304 4260 1770 4341 προσλήψεται·
1848 4262 2046 4327 vitem
2111 4267 2305 4341 seret,
2379 4262 2611 4336 ficum.

241 4370 504 4437 olivam:
560 4369 722 4435 nihil
770 4375 980 4454 potest
1026 4390 1160 4433 esse
1206 4368 1583 4453 simplicius.
1679 4366 1802 4433 Sed
1849 4367 2019 4433 docti
2070 4368 2442 4455 interpretes
2487 4392 2609 4435 nou
