3192 5017
1293 307 1537 360 muzus.
2481 291 2607 357 391

229 479 785 558 ἀμφισβητεῖσθαι
849 481 1152 564 ποιήσεις,
1203 479 1274 545 εἰ
1317 505 1409 554 τις
1460 481 1650 553 αὐτὸς
1699 480 1812 561 ζῶν
1861 482 1965 546 καὶ
2017 476 2085 546 εὖ
2132 486 2359 564 Φρονῶν
2409 485 2609 562 ε’ποιῆ·

229 611 399 651 σατο.
453 587 579 652 Pro
625 588 689 652 εἰ
711 635 727 664 ,
777 587 942 671 quod
992 607 1197 652 errore
1243 587 1369 652 huc
1419 589 1749 652 invectum
1790 588 2048 653 videtur
2086 609 2125 653 e
2162 593 2609 674 sequentibus:

229 690 380 758 ἀλλ’
444 692 519 759 εἰ
561 718 680 766 τις
735 732 817 743 -
867 691 1104 759 διέθετο
1157 731 1240 742 -
1290 696 1401 765 τὴν
1451 694 1663 758 οὐσίαν
1710 696 1934 779 utique
1980 695 2426 782 corrigendum
2475 697 2610 777 ἅς,

230 801 396 885 quod
442 822 638 885 quum
685 801 1117 886 praecedentis
1163 799 1459 866 vocabuli
1509 802 1953 866 terminatione
1999 801 2370 886 absorptum
2409 811 2574 869 esset
2593 853 2609 880 ‚

230 928 266 973 a
309 913 653 973 correctore
698 909 748 973 εἰ
798 905 1168 991 suppletum
1216 926 1352 972 esse
1397 909 1700 991 suspicor.
1769 925 1773 936 ·

316 1013 470 1079 Post
537 1033 741 1099 pauca
809 1012 1051 1100 legitur
1113 1011 1218 1076 καί
1283 1013 1469 1077 ταῦτ’
1532 1013 1592 1076 ἐν
1651 1011 1990 1091 γράμμασι
2056 1011 2345 1080 κατέθετο
2395 1017 2608 1099 παρά

228 1143 392 1186 τισι
438 1118 891 1197 σημηνάμενος.
941 1118 1316 1206 Legendum
1365 1123 1522 1204 puto
1571 1118 1793 1197 παρα
1843 1142 2043 1196 τινι,
2090 1141 2217 1186 non
2263 1123 2433 1187 enim
2474 1144 2611 1208 per·

229 1227 428 1292 sunsit
487 1227 654 1291 mihi
717 1224 1009 1292 Naberus
1055 1226 1382 1312 ingeniose
1429 1227 1787 1310 suspicatus
1834 1233 2181 1310 σφραγῖσι,
2232 1228 2398 1313 qnod
2446 1232 2609 1296 otio-

228 1352 370 1397 sum
416 1332 583 1398 foret
625 1353 726 1398 me
771 1331 1003 1397 iudice.

320 1440 358 1523 5
421 1438 463 1503 2
534 1438 961 1525 supplendum
1033 1438 1341 1503 arbitror:
1415 1435 1568 1503 ἔοικε
1636 1437 1694 1504 δ’
1759 1437 1922 1504 οὐδὲν
1990 1441 2287 1521 προύργου
2350 1442 2609 1517 <οὐδὲ>

234 1550 406 1612 τοῦτο
454 1541 632 1611 εἶναι.

317 1653 356 1737 5
419 1650 458 1718 ’7
531 1653 672 1733 ὀρῶν
742 1651 928 1715 αὐτὸν
997 1648 1247 1716 πάντων
1327 1650 1990 1729 οἰποςερούμενον
2059 1660 2176 1719 τῶν
2245 1654 2608 1735 χρημάτων.

229 1758 552 1825 Sententia
618 1758 900 1843 postulat
955 1755 1594 1834 ἄποςερόμενον,
1665 1757 1707 1822 i.
1735 1778 1785 1824 e.
1855 1759 2331 1838 ἄπεςερημένον.
2424 1762 2608 1828 Idem

230 1866 460 1931 vitium
507 1865 672 1930 infra
718 1865 987 1934 recurrit
1032 1864 1069 1947 5
1120 1861 1252 1928 389
1611 1857 1615 1861 ’

314 1974 352 2056 5
402 1969 486 2037 13
549 1991 675 2037 non
736 1971 1165 2055 praestiterim
1215 1976 1383 2036 recte
1431 1970 1625 2036 scribi
1673 1970 1776 2035 καὶ
1825 1974 1911 2042 εἰς
1958 1971 2098 2043 τοὺς
2147 1973 2454 2050 γεννήτας
2501 1975 2607 2038 καὶ

228 2081 337 2151 εἰς
402 2076 589 2149 τοὺς
649 2074 967 2158 Φρατερας
1015 2075 1357 2156 ἐνέγραψε,
1410 2078 1590 2161 quasi
1638 2077 1801 2143 duae
1848 2080 1971 2143 sint
2017 2080 2459 2165 inscriptiones
2503 2102 2613 2166 pe·

227 2188 395 2251 nitus
442 2184 749 2251 diversae.
808 2183 1056 2268 Nempe
1100 2202 1226 2248 non
1272 2191 1636 2268 separatum
1685 2183 1942 2270 aliquod
1988 2186 2341 2271 gentilibus
2387 2185 2609 2253 album

223 2293 412 2358 fuisse
482 2291 768 2366 videtur,
833 2288 942 2354 sed
1002 2288 1071 2352 τὸ
1136 2289 1322 2354 κοινὸν
1384 2300 1825 2371 γραμματεῖον
1887 2294 1955 2356 in
2024 2299 2118 2357 tot
2165 2297 2409 2379 capita,
2457 2299 2614 2378 quot

227 2398 542 2483 phratriae
589 2401 812 2484 gentes
861 2401 1074 2473 erant,
1127 2395 1502 2480 discriptum
1553 2398 1746 2464 fuisse
1795 2398 2193 2464 crediderim.
2243 2400 2413 2466 Hinc
2461 2401 2613 2485 515

229 2507 458 2571 rectius
516 2502 825 2588 scriptum
872 2501 1122 2567 videbis
1170 2504 1253 2574 εἰς
1302 2502 1443 2573 τοὺς
1493 2504 1795 2581 γεννήτας
1851 2527 1921 2568 τε
1967 2505 2072 2569 καὶ
2122 2504 2464 2587 φράτερας.
2510 2506 2644 2592 Οἳ.-

226 2611 261 2695 5
317 2609 424 2686 17,
472 2607 583 2686 26,
633 2606 742 2684 2¹7,
794 2606 902 2685 43,
951 2606 1033 2673 al.

315 2718 352 2801 5
405 2713 488 2780 16
536 2713 627 2784 ἔτι
677 2713 729 2777 δ’
779 2716 988 2785 αὐτοῖς
1037 2712 1212 2790 νόμος
1260 2713 1288 2778 ὃ
1338 2712 1563 2797 αὐτός,
1614 2713 1722 2778 ἐάν
1768 2713 1837 2778 τέ
1883 2738 2022 2780 τινα
2069 2717 2257 2797 Φύσει
2299 2716 2609 2796 γεγονότα

226 2821 450 2903 εἰσιίγη
509 2844 607 2890 τις
670 2817 776 2884 ἐάν
836 2843 906 2884 τε
969 2817 1251 2898 ποιητόν,
1318 2818 1666 2884 ἐπιτιθέναι
1730 2820 1924 2886 πάλιν
1973 2821 2145 2886 κατὰ
2191 2830 2308 2888 τῶν
2356 2825 2520 2902 ἱερῶν
2572 2821 2608 2899 ἦ

227 2930 347 3006 μὴν
393 2926 462 3003 ἐξ
508 2931 666 3002 cis-31⁶4·
728 2926 1160 3012 (inserendum
1222 2931 1337 2991 aut
1402 2925 1507 2990 καὶ
1573 2926 1890 3005 ἐγγυητῆς
1955 2934 2067 2992 aut
2125 2929 2230 2992 καὶ
2289 2930 2610 3017 γαμετῆς)

226 3035 498 3114 εἰσάγειν
572 3034 677 3098 καὶ
750 3029 1051 3110 γεγονόνα
1113 3029 1324 3112 ὀρθῶς.
1394 3031 1551 3112 Quis
1613 3041 1759 3117 post
1802 3033 1957 3098 haec
2005 3033 2165 3099 ferat
2213 3055 2373 3119 quae
2419 3037 2613 3102 verba

224 3145 290 3206 in
335 3141 520 3207 libris
565 3140 821 3224 scriptis
867 3142 932 3204 et
993 3138 1181 3203 editis
1242 3137 1594 3202 adduntur:
1662 3139 1766 3203 καὶ
1831 3139 1934 3204 τὸν
1996 3139 2364 3221 ὑπάρχοντα
2422 3143 2611 3221 Φύσει

226 3249 329 3313 καὶ
375 3250 478 3315 τὸν
524 3241 815 3319 ποιητόνί
862 3243 935 3309 In
980 3246 1138 3330 ipsis
1185 3245 1597 3329 sequentibus
1645 3245 2008 3319 ποιήσαντος
2064 3246 2126 3311 δὲ
2176 3253 2283 3312 τοῦ
2333 3247 2615 3326 εἰσάγον·

225 3378 323 3426 τος
394 3357 604 3419 ταῦτα
675 3350 862 3429 μηδὲν
927 3347 1102 3425 ἦττον
1166 3347 1653 3432 διαψηφίζεσθαι
1723 3349 1884 3437 [καὶ]
1947 3352 2085 3424 τοὺς
2150 3350 2380 3424 ἄλλους
2441 3354 2612 3422 male

228 3462 505 3527 abundat
549 3456 797 3543 copula.

318 3570 354 3650 5
399 3565 485 3634 27
534 3560 1059 3630 xoei‘BtexeMtieS'
1109 3559 1268 3635 ὅπως
1298 3603 1380 3613 —-
1409 3562 1790 3644 ἐγγράφωσί
1835 3588 1918 3642 με
1967 3564 2053 3637 εἰς
2103 3567 2171 3631 τὸ
2210 3564 2608 3650 ληξιαρχικὸν

227 3678 662 3752 γραμματεῖον
688 3708 773 3719 -
800 3672 903 3735 καὶ
953 3672 1043 3746 μη
1098 3670 1226 3757 [ὥς]
1284 3667 1491 3743 ἄλλως
1542 3670 1854 3746 ποιήσωσι.
1904 3671 2209 3738 Deleatur
2243 3674 2341 3745 ὥς.
2393 3674 2611 3741 Oratio

230 3787 396 3846 recta
454 3780 616 3845 foret
676 3777 782 3842 καὶ
845 3779 933 3853 μὴ
1000 3774 1209 3848 ἄλλως
1259 3778 1586 3852 ποιήσητε,
1641 3799 1801 3862 quae
1852 3785 1948 3844 est
1994 3778 2294 3844 solemnis
2341 3782 2612 3868 urg-endi

231 3885 520 3951 formula.
613 3882 875 3948 Frustra
921 3881 1328 3948 Schaeferus:
1377 3884 1480 3947 καὶ
1529 3886 1621 3954 ὥς
1668 3887 1773 3961 μὴ
1822 3883 2032 3956 ἄλλως
2081 3886 2426 3960 ποιήσωσιν.

317 3993 352 4074 5
413 3989 500 4057 29
571 3992 647 4062 ὥς
721 3987 776 4052 δ’
842 3987 964 4052 οὐδ’
1032 3988 1080 4051 εἰ
1151 3986 1477 4067 μηδέτερον
1538 3989 1768 4054 τούτων
1834 3991 2072 4071 ὑπῆρχε
2120 3975 2329 4075 ’[μῆτε
2402 3989 2610 4072 ἔχθρα

39 4125 42 4170 ι
234 4097 366 4173 πρὸς
431 4095 680 4167 τούτους
745 4094 905 4172 μήτε
967 4095 1158 4174 φιλία
1220 4096 1365 4175 πρὸς
1431 4097 1652 4179 huic}
1747 4094 2009 4161 Seclusa
2055 4096 2398 4163 reddantur
2444 4098 2612 4164 ludi·

236 4204 551 4290 magistro.

318 4308 352 4390 5
400 4307 487 4374 30
536 4310 688 4373 ἀλλ’
736 4305 871 4376 ἔται
926 4310 1112 4393 [τις]
1163 4307 1266 4373 καί
1317 4308 1345 4373 ὁ
1403 4309 1661 4387 ἕναγιῶν
1710 4308 1816 4373 καὶ
1861 4307 2077 4374 πάντα
2118 4309 2202 4373 τοὶ
2246 4311 2611 4391 νομιζόμενα

238 4414 429 4489 αὐτοῖς
520 4414 802 4490 ποιήσων.
897 4414 1280 4500 Suspectum
1364 4416 1432 4480 in
1509 4415 1627 4481 hac
1697 4416 2045 4482 sententiae
2115 4416 2609 4486 conformatione
