3192 5017
570 292 701 361 338
1381 276 1386 281 ²
1653 313 1878 361 PLATO.

570 486 1103 561 κατηγορήσαντος
1179 485 1480 569 pendere,
1555 485 1719 549 alter
1786 482 2047 559 ψέγουσι
2118 508 2187 546 π.
2236 509 2294 547 τ.
2348 510 2397 548 ν.
2473 485 2636 550 alter
2706 486 2934 561 λέγουσι

571 592 876 675 inseruit,
920 601 1137 678 postea
1182 594 1445 670 ψέγουσι
1493 593 1562 654 in
1610 591 1917 671 φεύγουσι
1968 598 2339 676 corruptum
2389 600 2499 656 est.

667 802 824 889 Pag.
873 801 1042 868 887:
1107 804 1173 868 ού
1238 802 1365 883 γάρ
1426 825 1487 866 τι
1552 800 1804 882 βραχὺς
1870 802 1898 865 ὃ
1947 801 2134 878 λόγος
2183 802 2461 875 ἐκταθεὶς
2509 804 2588 867 ἂν
2638 802 2944 881 γίγνοιτο,

573 910 624 972 εἰ
688 917 877 973 τοῖσιν
937 911 1325 987 ἐπιθυμοῦσιν
1390 909 1688 986 ἀσεβεῖν,
1740 909 1824 972 τὰ
1871 910 1985 985 μὲν
2030 908 2473 987 ἀποδείξαιμεν
2520 910 2781 990 μετρίως
2830 917 2947 978 τοῖς

573 1014 812 1093 λόγοις,
864 1012 939 1079 ὧν
984 1014 1246 1097 ἔφραζον
1297 1016 1418 1079 δεῖν
1468 1014 1599 1093 πέρι
1648 1013 1899 1091 λέγειν,
1948 1020 2065 1079 τῶν
2111 1015 2175 1080 δὲ
2221 1018 2307 1086 εἰς
2346 1017 2550 1094 Φόβον
2588 1017 2950 1096 τρέψαιμεν,

572 1123 656 1185 τὰ
705 1122 767 1185 δὲ
815 1121 1233 1204 δυσχεραίνειν
1280 1123 1681 1198 ποιήσαντες,
1729 1118 1847 1185 ὅσα
1898 1120 2112 1200 πρέπει
2163 1122 2332 1195 μετά
2379 1122 2564 1186 ταῦτ’
2618 1122 2733 1196 ἤδη
2795 1145 2954 1197 νομο-

570 1230 868 1301 θετοῖμεν.
936 1227 1286 1294 Deteriores
1331 1227 1482 1292 libri
1528 1229 1615 1290 τὰ
1662 1227 1725 1291 δὲ
1774 1228 1854 1298 εἷς
1906 1227 2145 1306 Φόβον,
2196 1228 2305 1292 sed
2357 1247 2577 1293 omnes
2626 1230 2949 1293 communi

569 1354 773 1399 errore
823 1337 1086 1399 tertium
1132 1334 1285 1399 τάδε
1336 1343 1482 1399 ante
1528 1334 1946 1414 δυσχεραίνειν
1995 1333 2316 1418 praebent.
2398 1332 2663 1399 Similia
2711 1333 2951 1418 supple·

571 1450 785 1505 menta
855 1442 1091 1524 passim
1160 1440 1479 1523 invenias,
1550 1450 1626 1505 ut
1686 1443 1753 1503 in
1820 1439 2019 1526 Legg.
2076 1439 2245 1516 710,
2294 1440 2408 1504 ubi
2457 1446 2803 1525 postquam
2857 1445 2954 1503 τοῦ
3102 1448 3103 1515 1

568 1550 655 1623 μὴ
704 1548 984 1625 ἀκρατῶς
1032 1545 1200 1626 ἔχειν
1247 1549 1315 1611 in
1359 1554 1486 1618 τοῖς
1536 1548 1650 1622 μὲν
1697 1548 1762 1609 α’.
1815 1543 1862 1608 ἔ.
1912 1550 2284 1630 corruptum
2332 1553 2505 1629 erat,
2557 1554 2693 1616 τοῖς
2748 1546 2811 1609 δὲ
2858 1547 2954 1622 ἐγ-

569 1654 805 1729 κρατῶς
868 1652 944 1717 de
1006 1673 1121 1718 suo
1168 1652 1375 1716 finxit.
1427 1651 1597 1716 Hinc
1642 1651 1988 1739 legendum
2038 1652 2108 1716 τὸ
2154 1652 2269 1728 μὲν
2319 1650 2813 1728 ἀποδείξαιμεν,
2864 1652 2957 1713 τὸν

567 1758 628 1822 δὲ
671 1760 753 1829 εἰς
795 1756 996 1838 Φόβον
1032 1760 1409 1839 τρέψαιμεν,
1453 1758 1870 1839 δυσχεραίνειν
1912 1757 2316 1832 ποιήσαντες,
2347 1755 2461 1822 ὅσα
2487 1758 2547 1822 δὲ
2577 1758 2804 1837 πρέπει
2834 1757 2953 1822 κτὲ.
3104 1798 3105 1855 1

659 1973 820 2037 [bid.
870 1973 1065 2052 εὐχήν
1110 1995 1212 2049 μοι
1260 1974 1427 2038 δοκεῖ
1470 1979 1861 2051 παρακαλεῖν
1910 1972 1937 2035 ὃ
1987 1970 2321 2049 λεγόμενος
2373 1972 2486 2037 ὑπὸ
2535 1978 2649 2036 σοῦ
2705 1978 2807 2037 νῦν
2862 1972 2953 2035 λό·

564 2103 709 2155 γος,
774 2078 979 2151 ἐπειδὴ
1043 2079 1356 2159 προθύμως
1419 2078 1768 2148 συντείνεις.
1834 2077 2315 2143 Praemittenda
2373 2083 2525 2143 sunt
2570 2100 2743 2162 qnae
2797 2100 2949 2153 nunc

560 2183 806 2250 Cliniae
853 2205 1209 2251 sermonem
1257 2184 1679 2261 concludunt,
1728 2184 1917 2259 μηδὲν
1963 2177 2061 2247 οὖν
2111 2183 2607 2264 δυσχεράναντες
2636 2234 2653 2261 ,
2710 2188 2948 2270 inquit,

561 2291 707 2368 μηδ’
759 2291 1144 2371 ἐπειχθέντες
1198 2287 1406 2365 ἥντινα
1455 2292 1592 2355 ποτ’
1644 2288 1873 2370 ἔχομεν
1923 2289 2183 2366 δύναμιν
2229 2290 2313 2361 εἷς
2363 2290 2541 2355 πειθὼ
2592 2296 2719 2355 τῶν
2766 2294 2948 2356 τοιού-

560 2421 678 2461 των
738 2397 976 2475 λόγων,
1041 2398 1226 2474 μηδὲν
1289 2399 1649 2473 ἀποθέμενοι
1697 2394 2096 2472 διεξέλθωμεν
2142 2398 2229 2467 εἰς
2279 2398 2348 2461 τὸ
2398 2397 2657 2461 δυνατὸν
2711 2399 2944 2468 ἱκανῶς.

561 2502 793 2568 Malim
857 2504 943 2574 εἷς
1003 2504 1186 2567 πειθὼ
1210 2552 1226 2580 ,
1275 2504 1379 2567 τὸν
1426 2508 1693 2567 τοιοῦτον
1739 2501 1924 2579 λόγον
1972 2501 2158 2578 μηδὲν
2208 2502 2595 2586 προθέμενοι,
2648 2503 2948 2580 διεξέλθω·

560 2635 675 2680 μεν
738 2610 867 2673 κτὲ.
932 2609 1012 2674 ad
1074 2609 1226 2674 haec
1288 2609 1749 2674 Atheniensem
1817 2608 1969 2692 quid
2034 2608 2408 2694 respondere
2470 2608 2698 2674 decet?
2750 2610 2945 2685 Quid,

561 2719 683 2781 nisi
745 2713 901 2780 hoc?
964 2714 1212 2780 Videris
1274 2714 1436 2779 mihi
1497 2715 1578 2780 ad
1626 2735 1763 2780 rem
1811 2713 2050 2778 hortari
2097 2714 2435 2799 optandam
2493 2717 2714 2799 potins
2762 2735 2944 2800 qnam

558 2822 953 2906 sperandam.
1049 2820 1200 2896 Sed,
1265 2823 1566 2905 quoniam
1613 2820 1678 2884 id
1726 2823 2012 2903 impense
2062 2820 2242 2904 cupis
2265 2866 2281 2894 ‚
2331 2840 2458 2884 non
2505 2828 2602 2885 est
2652 2828 2949 2886 cunctan-

560 2929 735 2992 dum.
831 2926 1002 3014 Ergo
1040 2925 1386 3014 legendum
1424 2946 1676 2992 censeo:
1725 2926 1824 2990 ἐπ’
1871 2926 2063 3004 εὐχήν
2113 2949 2214 3002 μοι
2265 2925 2432 2990 δοκεῖ
2473 2935 2873 3004 παρακαλεῖν
2916 2926 2939 2987 ὁ

560 3036 893 3110 λεγόμενος
943 3034 1057 3097 ὑπὸ
1104 3037 1210 3096 σοῦ
1258 3037 1357 3095 νῦν
1407 3032 1625 3110 λόγος·
1676 3032 1881 3105 ἐπειδὴ
1923 3031 1986 3095 δὲ
2028 3032 2340 3109 προθύμως
2382 3031 2746 3105 συντείνεις,
2796 3032 2939 3108 μέλ·

565 3155 692 3203 λειν
739 3138 939 3203 οὐκέτι
989 3139 1261 3217 ἐγχωρεῖ
1302 3136 1533 3216 λέγειν.

651 3350 843 3438 Piget
903 3350 1163 3438 longam
1225 3350 1558 3436 pericopen
1620 3348 1967 3413 describere
2028 3348 2094 3411 in
2143 3367 2269 3432 qua
2313 3346 2697 3413 adolescenti
2746 3351 2937 3434 ipsius

558 3456 856 3542 religiosa
905 3456 1241 3540 disciplina
1287 3456 1716 3540 exprobratur.
1815 3453 2051 3519 Laxior
2095 3460 2192 3519 est
2238 3458 2591 3531 structure,
2622 3461 2717 3519 'ut
2771 3455 2938 3519 decet

557 3561 816 3647 singula
860 3582 1008 3625 cum
1057 3560 1267 3626 multa
1311 3560 1748 3648 indignatione
1793 3568 2242 3625 recensentem.
2338 3558 2496 3637 Sed,
2535 3580 2615 3625 ne
2656 3561 2939 3646 syntaxis

560 3670 814 3754 penitus
875 3672 1118 3751 pereat,
1178 3665 1500 3731 nonnullis
1561 3667 2053 3731 correctionibus
2116 3685 2274 3750 opus
2319 3672 2433 3730 est.
2492 3668 2558 3730 οὐ
2610 3668 2936 3743 πειθόμενοι

562 3782 687 3843 τοῖς
751 3773 994 3856 μύθοις,
1044 3769 1140 3843 οὓς
1189 3773 1258 3836 ἐκ
1305 3773 1445 3837 νέων
1494 3772 1724 3836 παίδων
1774 3820 1789 3836 .
1818 3820 1831 3835 .
1865 3820 1882 3837 .
1932 3773 2168 3852 τροΦῶν
2215 3796 2286 3835 τε
2336 3773 2543 3846 ἤκουον
2592 3773 2695 3837 καὶ
2745 3773 2929 3849 μητέ-

558 3904 697 3957 ρων,
763 3875 877 3944 οἶον
935 3881 995 3943 ἐν
1042 3877 1310 3957 ἐπῳδαῖς
1357 3878 1526 3954 μετά
1574 3903 1645 3942 τε
1695 3877 1947 3947 παιδιᾶς
2000 3876 2105 3941 καὶ
2154 3881 2323 3953 μετὰ
2372 3877 2638 3950 σπουδῆς
2684 3876 2934 3955 λεγομέ·

562 4010 703 4061 νων,
783 3986 888 4049 καὶ
951 3987 1122 4063 μετὰ
1188 3986 1396 4048 θυσιῶν
1453 3986 1513 4049 έν
1578 3985 1802 4064 εὐχαῖς
1862 3983 2086 4055 αὐτοὺς
2136 3982 2458 4056 ἀκούοντές
2509 4007 2577 4048 τε
2627 3984 2729 4048 καὶ
2773 3984 2932 4061 ὄψεις

564 4092 808 4169 ὄρῶντες
875 4091 1178 4168 ἑπομένας
1239 4094 1449 4161 αὐτοῖς
1510 4086 1587 4161 ἃς
1639 4089 1818 4165 ἥδιςα
1867 4085 1904 4153 ὅ
1945 4114 2022 4166 γε
2073 4091 2196 4160 νέος
2244 4091 2351 4173 ὁρᾷ
2404 4091 2501 4175 [τε
2554 4092 2658 4154 καὶ
2713 4089 2927 4171 ἀκούει]

560 4196 995 4273 πραττομένας
1058 4196 1309 4261 θυόντων
1376 4197 1436 4259 ἐν
1501 4196 1736 4274 σπουδῇ
1800 4205 1876 4277 τῇ
1943 4197 2176 4277 μεγίςᾞ
2235 4195 2372 4268 τοὺς
2441 4198 2641 4261 αὐτῶν
2690 4195 2925 4274 γονέας,

560 4302 704 4377 ὑπὲρ
768 4301 965 4364 αὐτῶν
1025 4325 1094 4364 τε
1142 4303 1245 4366 καὶ
1296 4302 1532 4366 ἐκείνων
1581 4300 2067 4373 ἐσπουδακότας.
2161 4301 2395 4366 Malim
2453 4300 2604 4374 οἵους
2651 4304 2922 4380 λέγομεν.

554 4404 816 4491 Corrige
872 4407 933 4468 έν
978 4408 1204 4487 εὐχαῖς
1254 4403 1335 4471 αὖ
1381 4409 1522 4479 τοὺς
1575 4409 1821 4477 αὐτούς.
1918 4407 2117 4473 Plane
2164 4407 2513 4473 absurdum
2565 4416 2663 4475 est
2705 4408 2921 4473 ἀκούειν
