3192 5017
420 244 507 311 20
1433 265 1790 311 nummum.

963 434 1098 513 πρὶν
1145 436 1318 515 σφῷν
1366 433 1631 501 ὄνασθαι
1680 438 1961 504 κάπιδεῖν
2008 437 2378 518 εὐδαίμονας

416 550 482 608 et
526 541 774 608 Hecub.
828 540 992 606 152:

1050 647 1083 721 ἢ
1133 648 1227 711 δεῖ
1267 647 1329 712 σ’
1381 650 1604 714 ἐπιδεῖν
1653 651 1899 729 τύμβου
1949 658 2221 731 προπετῆ

1051 756 1512 835 φοινισσομένην
1559 754 1785 834 αἵματι
1835 756 2154 838 παρθένον.

503 972 883 1039 Hermiones
930 970 1121 1036 verba
1167 974 1316 1033 sunt
1361 971 1427 1033 in
1472 970 1784 1035 Androm.
1838 969 2002 1035 177:

871 1068 914 1141 ἃ
960 1080 1047 1154 μη
1098 1074 1248 1154 παρ’
1301 1078 1465 1151 ἡμᾶς
1517 1074 1811 1155 ἔσφερ’,
1860 1077 1991 1141 οὐδὲ
2041 1077 2168 1156 γὰρ
2215 1076 2407 1141 καλόν

867 1183 1025 1247 δυοῖν
1071 1189 1383 1260 γυναικοῖν
1430 1181 1591 1260 ἄνδρ’
1640 1180 1721 1246 ἕν’
1770 1183 1941 1258 ἡνίας
1993 1181 2181 1262 ἔχειν.

414 1278 578 1358 Quia
649 1280 861 1340 autem
931 1276 1249 1360 peregrini
1311 1294 1516 1338 mores
1581 1274 2069 1339 introducuntur
2130 1280 2192 1339 et
2257 1275 2616 1351 εἰσάγονται
2680 1295 2795 1338 neo

412 1386 703 1450 feruntur
771 1402 884 1444 neo
953 1385 1285 1464 portantur
1353 1401 1554 1464 neque
1625 1380 1779 1446 adeo
1838 1381 2129 1461 Φέρονται
2195 1380 2298 1446 vel
2371 1378 2791 1459 εἰσφέρονται,

412 1490 675 1555 malim:
740 1486 1040 1565 ἔσφρες
1107 1493 1171 1549 et
1230 1491 1375 1549 utar
1438 1486 1660 1550 eodem
1723 1488 2004 1552 remedio
2064 1507 2188 1572 quo
2237 1488 2621 1551 subventum
2669 1486 2796 1550 suit

411 1597 597 1679 Vesp.
650 1594 796 1658 162.
863 1592 959 1657 De
1004 1592 1123 1657 hoo
1174 1592 1363 1656 verbo
1410 1599 1587 1669 φρεῖν
1636 1591 1829 1656 multi
1878 1599 2181 1679 egerunt,
2229 1593 2337 1657 sed
2387 1614 2464 1656 ex
2512 1594 2594 1655 iis
2641 1612 2795 1676 quos

413 1702 670 1787 quidem
741 1701 890 1763 novi
954 1700 1242 1763 omnium
1307 1702 1668 1781 postremus
1729 1695 2007 1764 Cobetus
2069 1698 2314 1765 Mnem.
2363 1698 2485 1763 XI.
2535 1697 2664 1761 441
2729 1704 2796 1763 et

413 1809 559 1873 Var.
621 1807 792 1871 Leot.
860 1828 922 1891 p.
976 1804 1125 1869 575.
1183 1807 1463 1882 Ἔσφρες
1514 1810 1731 1867 autem
1780 1826 1904 1870 non
1951 1807 2168 1870 minus
2214 1807 2642 1870 necessarium
2689 1805 2794 1869 hio

411 1920 541 1997 est,
591 1935 780 1998 quam
829 1915 897 1976 in
944 1911 1167 1976 Troad.
1221 1910 1351 1977 647
1404 1909 1847 1991 εἰσεφρούμην,
1897 1912 1957 1974 h.
2011 1932 2064 1976 e.
2120 1911 2557 1990 εἰσεδεχόμην·

952 2016 1090 2079 εἵσω
1141 2041 1211 2079 τε
1260 2015 1591 2093 μελάθρων
1640 2017 1862 2097 κομψοὶ
1911 2014 2173 2091 θηλειῶν
2222 2015 2337 2090 ἔπη

953 2123 1058 2187 οὐκ
1107 2123 1536 2201 εἰσεφρούμην.

409 2231 587 2314 Quod
661 2228 953 2312 exempla
1023 2228 1375 2311 declarant,
1445 2249 1570 2292 non
1641 2234 1894 2294 tantum
1967 2230 2134 2315 apud
2201 2232 2611 2306 recentiores,
2682 2230 2794 2313 qui

406 2342 688 2423 priscum
738 2337 1005 2400 verbum
1051 2341 1457 2410 reeoxerunt,
1508 2335 1615 2399 sed
1666 2338 1858 2400 etiam
1910 2337 2077 2420 apud
2127 2344 2371 2402 veteres
2410 2339 2620 2421 ipsos,
2658 2356 2794 2402 ver-

410 2447 564 2510 bum
631 2449 805 2523 φρεῖν
882 2449 1225 2526 usurpatur
1286 2442 1411 2505 fero
1479 2442 1555 2506 de
1603 2444 1683 2506 iis
1730 2464 1890 2527 quae
1939 2445 2089 2506 clam
2136 2443 2318 2508 fiunt.
2413 2442 2486 2507 In
2535 2443 2787 2509 Hellen.

408 2551 523 2616 VI.
589 2551 650 2614 5.
716 2550 799 2613 43
858 2546 1309 2629 ἐπεισφρέσθαι
1373 2548 1535 2612 hano
1592 2547 2123 2636 significationem
2176 2549 2633 2634 propemodum
2682 2549 2788 2615 fla-

406 2661 596 2747 gitat.
644 2656 718 2722 In
765 2657 1198 2721 Phaethonte:

767 2763 919 2827 αλλ’
969 2760 1130 2827 ἓσιθ’
1180 2764 1240 2832 ές
1289 2756 1474 2837 οἶκον,
1527 2762 1616 2835 μή
1665 2764 1774 2825 τιν’
1825 2759 2140 2839 “Ηφαις·ος
2188 2762 2379 2841 χόλον
2457 2836 2472 2855 x

768 2868 968 2945 δόμοις
1020 2867 1369 2943 έπεισφρεὶς
1422 2865 1722 2945 μέλαθρα
1769 2866 2103 2948 συμφλέξη
2149 2870 2333 2947 πυρΙ.,

402 2999 525 3041 non
575 2984 670 3042 est
718 2976 845 3041 alia
889 2978 1052 3040 ratio
1100 2982 1162 3039 et
1210 2975 1337 3037 fere
1382 2974 1618 3058 ubique
1665 2976 1730 3037 id
1779 2996 2000 3040 verum
2049 2996 2182 3039 esse
2229 2978 2608 3060 comperies,
2665 2997 2787 3060 quo

398 3086 634 3147 certius
680 3090 894 3167 pateat
939 3084 1004 3144 in
1054 3080 1358 3145 Androm.
1408 3081 1634 3144 itidem
1686 3077 1906 3159 ἔσφρες
1960 3082 2390 3165 reponendum
2443 3102 2598 3146 esse.

490 3295 695 3375 Quam
743 3294 1008 3358 ridicule
1057 3314 1170 3358 suo
1219 3314 1282 3357 se
1334 3296 1586 3357 nomine
1634 3292 1846 3377 prodit
1893 3293 2219 3359 Menelaus
2261 3292 2568 3358 Androm.
2612 3292 2780 3359 313:

763 3402 829 3463 σὲ
877 3400 992 3476 μὲν
1038 3399 1164 3476 γὰρ
1212 3398 1426 3477 ηὔχεις
1474 3400 1617 3467 esic
1666 3398 1895 3477 βρέτας
1946 3403 2157 3465 σώσειν
2206 3400 2385 3477 τόδε,

759 3510 968 3569 τοῦτον
1018 3504 1078 3569 δὲ
1126 3507 1264 3573 τοὺς
1315 3502 1715 3582 κρύψαντας·
1770 3506 1918 3573 ἀλλ’
1972 3504 2315 3583 ἐφηυρέθης

764 3609 942 3687 ἧσσον
987 3615 1291 3690 φρονοῦσα
1338 3610 1511 3672 τοῦδε
1562 3610 1973 3689 Μενέλεω,
2025 3611 2229 3688 γύναι.

402 3717 615 3783 Multo
662 3717 919 3782 malim:
967 3716 1142 3780 τοῦδε
1189 3713 1556 3797 τάνδρός,
1609 3712 1649 3778 ὦ
1699 3716 1904 3793 γύναι.
1959 3715 2274 3783 Similiter
2325 3717 2552 3784 Troad.
2602 3717 2777 3783 862:

854 3820 895 3887 ὦ
947 3821 1387 3898 καλλιφεγγὲς
1440 3823 1608 3896 ἡλίου
1658 3823 1849 3893 σέλας
1901 3823 2075 3900 τόδε,

851 3932 910 3991 ὲν
957 3923 998 4007 ᾧ
1047 3927 1342 4005 δάμαρτα
1391 3932 1499 3999 την
1550 3929 1701 4003 έμὺν
1748 3931 2123 4008 χειρώσομαι

855 4032 1171 4118 [Ἑλένην
1221 4034 1247 4096 ὃ
1295 4036 1420 4111 γαρ
1469 4034 1539 4105 δη
1590 4035 1800 4098 πολλοὶ
1849 4037 2176 4114 μοχθήσας
2228 4039 2350 4114 ἐγώ

852 4140 1165 4204 Μενέλαος
1218 4140 1343 4213 εἰμὶ
1394 4141 1495 4201 καὶ
1546 4139 1847 4217 ςροὶτευμ’
1899 4142 2287 4227 ’Λχαιικόν].

395 4243 856 4309 Herwerdenus
920 4248 1271 4309 rectissime
1333 4244 1651 4309 intellexit
1711 4250 1958 4331 spurios
2008 4269 2139 4313 esse
2186 4249 2342 4314 duos
2390 4248 2733 4315 versiculos
2761 4297 2777 4326 ,

391 4372 547 4437 quos
597 4350 1300 4433 uncinis-circumdedi.
1353 4349 1655 4434 Sequitur
1703 4353 1943 4417 ibidem
1992 4376 2085 4420 vs.
2137 4354 2302 4420 869:
