3192 5017
1036 1108 1823 1203 ANTIPHONTEA.

1322 1378 1533 1416 seman·

777 1584 1217 1654 HENRICUS
1262 1585 1440 1653 VAN
1487 1586 2069 1653 HERWERDEN.

1186 1892 1649 1934 ..w-

333 2148 480 2216 Post
521 2152 900 2218 novissimas
939 2149 1162 2218 Cobeti
1199 2153 1264 2215 in
1304 2151 1426 2217 hac
1461 2150 1880 2239 Mnemosyne
1920 2171 2102 2217 ouras
2124 2153 2193 2216 in
2227 2152 2617 2238 Antiphonte

250 2257 599 2325 etiamnunc
646 2278 851 2345 pauca
894 2258 1208 2345 quaedam
1254 2262 1522 2334 restant,
1573 2278 1734 2343 quae
1781 2263 1892 2323 aut
1939 2260 2276 2324 emendare
2321 2264 2434 2324 aut
2491 2258 2619 2324 sal-

250 2367 375 2428 tem
418 2364 832 2450 probabiliter
873 2367 1121 2430 tentare
1167 2384 1349 2450 posse
1396 2364 1558 2429 mihi
1612 2364 1845 2430 videor.

330 2469 578 2557 Inepte,
626 2474 702 2536 ut
740 2471 891 2536 hino
931 2470 1174 2547 ordiar,
1212 2472 1573 2558 iunguntur
1611 2470 2038 2537 dissociabilia
2073 2492 2222 2561 pag.
2269 2471 2393 2538 111
2433 2477 2615 2558 extr„

250 2578 351 2644 ubi
397 2579 642 2645 editur:
693 2579 799 2644 ἐὰν
845 2575 1149 2655 ἀποδείξω
1198 2575 1267 2653 ἐξ
1313 2576 1648 2656 ἐπιβουλῆς
1697 2577 1802 2642 καὶ
1853 2579 2197 2659 προβουλῆς
2243 2580 2352 2653 την
2392 2580 2621 2645 τούτων

248 2685 477 2766 μητέρα
548 2684 746 2765 <poneba
815 2679 1002 2750 οὖσαν
1071 2688 1177 2749 τοῦ
1242 2683 1533 2763 ἡμετέρου
1600 2683 1832 2765 πατρὸς
1896 2683 2001 2748 καὶ
2062 2687 2150 2763 μη
2210 2682 2396 2761 ἅπαξ
2446 2685 2623 2751 ἀλλὰ

251 2790 549 2865 πολλάκις
613 2791 719 2868 ἤδη
786 2792 1258 2872 ληφθεῖσαν
1319 2790 1423 2855 τὸν
1486 2787 1761 2855 θάνατον
1806 2793 1910 2857 τὸν
1957 2791 2180 2857 ἐκείνου
2229 2789 2348 2855 ἐπ’
2400 2793 2628 2857 αὖτο-

251 2904 464 2982 φώρῳ
512 2897 986 2979 μηχανωμένην.
1035 2897 1375 2964 Manifesto
1423 2897 1962 2983 transponendum
2011 2903 2106 2964 est
2155 2900 2624 2980 ληφθεῖσαν

252 3004 353 3071 ἐπ’
418 3007 865 3086 αὐτοφώρῳ
927 3029 989 3070 τ.
1041 3007 1090 3068 θ.
1142 3029 1202 3070 τ.
1254 3004 1300 3067 ἐ.
1350 3030 1421 3081 μ.
1473 3000 1570 3069 Cf.
1619 3025 1680 3091 p.
1739 3003 1887 3090 112,
1937 3003 2024 3070 26
2074 3003 2250 3070 alibi.
2345 3005 2420 3070 In
2465 3007 2621 3092 ipsis

250 3111 648 3198 sequentibus
709 3118 1051 3191 τιμωρῆσαι
1099 3116 1329 3191 πρῶτον
1375 3109 1492 3189 μὲν
1536 3118 1663 3182 τοῖς
1711 3109 1910 3188 νόμοις
1960 3118 2086 3183 τοῖς
2139 3110 2448 3191 ὑμετέροις
2501 3150 2581 3160 -
2610 3159 2626 3191 ,

251 3217 511 3300 δεύτερον
562 3216 618 3281 δ’
670 3218 872 3299 ἐκείνῳ
919 3218 1018 3298 τῷ
1068 3215 1492 3292 τεθνηκότι
1542 3215 1647 3280 καὶ
1697 3213 1838 3291 ἅμα
1879 3217 2010 3293 ἐμοὶ
2049 3216 2210 3297 μόνῳ
2249 3219 2629 3296 ἀπολελειμ-

250 3326 398 3406 μένῳ
456 3324 755 3403 βοηθῆσαι
817 3323 1228 3391 vehementer
1290 3322 1455 3387 mihi
1502 3318 1794 3408 suspecta
1841 3329 1991 3389 sunt
2037 3324 2346 3392 voeabula
2391 3327 2472 3403 τῷ
2523 3349 2627 3390 τε-

252 3433 508 3510 θνηκότι,
573 3452 733 3517 quae
791 3434 845 3497 si
909 3432 1189 3519 genuina
1249 3432 1410 3504 sint,
1459 3434 1752 3515 expectes
1799 3428 2102 3497 similiter
2154 3430 2283 3509 ἐμοὶ
2334 3432 2417 3514 τῷ
2467 3432 2626 3514 μόνῳ

254 3538 774 3623 ἅπολελειμμένῳ,
818 3539 943 3603 nisi
989 3538 1149 3603 forte
1186 3535 1457 3617 δεύτερον
1497 3535 1550 3600 δ’
1589 3536 1792 3618 ἐκείνῳ
1832 3536 2064 3610 τεθνη
2093 3534 2267 3603 κότι
2314 3544 2629 3625 expuncto

250 3645 507 3714 articulo
550 3644 898 3733 legendum
950 3664 1083 3711 esse
1128 3647 1346 3730 putas3
1402 3642 1570 3729 quod
1619 3643 1892 3710 fortasse
1937 3647 2239 3729 praestat.

333 3752 488 3841 Pag.
558 3750 708 3829 112,
770 3750 855 3816 41
931 3750 1095 3828 ὑμᾶς
1164 3749 1280 3828 μὲν
1351 3749 1630 3832 ζητοῦσιν
1693 3749 2000 3815 αἰτεῖσθαι
2065 3744 2225 3824 ὅπως
2290 3750 2476 3816 αὐτὸν
2538 3751 2628 3829 μη

252 3866 522 3939 zara-,tr
542 3886 576 3934 η
597 3859 692 3939 cp!
707 3881 745 3921 ο·
767 3858 972 3934 ησθε.
1078 3856 1248 3938 Quin
1316 3859 1595 3923 rectius*
1634 3854 1832 3924 Cobet
1899 3855 2213 3923 librorum
2282 3855 2630 3923 lectionem

252 3967 760 4050 καταψηφίσεσθε
807 3968 875 4030 in
923 3965 1430 4047 καταψηφιεῖσθε
1478 3967 1828 4032 mutaverit
1874 3967 2134 4030 omnino
2177 3985 2298 4030 non
2362 3964 2588 4029 dubito
2610 4011 2627 4043 ‚

253 4077 393 4163 quia
431 4076 499 4139 in
544 4073 855 4160 precando
902 4079 967 4138 et
1013 4071 1344 4138 invitando
1392 4071 1723 4138 sollemnis
1769 4077 1865 4137 est
1910 4076 2055 4156 post
2102 4065 2262 4142 ὅπως
2307 4066 2489 4159 (ὅπως
2516 4068 2631 4153 μὴ)

254 4183 444 4249 futuri
507 4180 810 4266 temporis
852 4201 1024 4245 usus.
1120 4178 1181 4245 N
1184 4199 1264 4245 on
1312 4185 1528 4244 tamen
1575 4178 1809 4244 ideireo
1854 4180 1995 4244 viro
2041 4176 2360 4263 praeclaro
2409 4197 2634 4244 eonce-

255 4292 389 4356 dere
448 4296 663 4374 potero
709 4287 803 4374 (id
850 4286 1017 4374 quod
1062 4306 1176 4372 per
1222 4287 1490 4374 triginta
1536 4304 1730 4351 annos
1776 4284 2130 4350 identidem
2180 4304 2327 4349 eum
2380 4291 2632 4351 eonten-

256 4397 390 4462 dere
434 4393 647 4481 video)
694 4391 852 4466 ὅπως
904 4400 968 4460 et
1016 4390 1175 4466 ὅπως
1215 4391 1338 4471 μή.
1380 4391 1718 4458 undeunde
1754 4410 2056 4478 suspensa
2097 4391 2258 4469 sint,
2283 4394 2633 4458 necessario
