3192 5017
1324 297 1632 353 ostanus.
2541 282 2669 349 183

374 469 653 536 Galenus
701 492 1182 555 nonnumquam
1230 470 1608 535 Iudaeorum
1660 476 1723 533 et
1770 468 2280 535 Christianorum
2341 475 2666 558 opiniones

286 578 610 663 redarguit
650 598 994 662 eorumque
1042 578 1427 642 obstinatam
1474 577 1893 661 pertinaciam
1940 579 2184 661 earpit,
2233 576 2435 642 veluti
2482 578 2663 643 Tom.

286 681 459 746 VIII.
516 703 664 770 pag.
717 682 884 750 657:
933 685 1154 747 θάττον
1201 683 1326 760 γὰρ
1374 680 1450 746 ἄν
1499 706 1592 753 τις
1642 683 1780 752 τοὺς
1824 681 1947 745 άπὸ
1989 684 2256 747 Μωΰσοῦ
2296 684 2400 747 καὶ
2446 688 2661 763 Χριςοῢ

283 788 748 866 μεταδιδάξειεν
821 790 854 865 ἢ
925 790 1064 860 τοὺς
1138 797 1277 859 ταῖς
1354 788 1623 867 αἱρέσεσι
1693 789 2188 866 προστετηκότας
2233 780 2526 870 ’ίατρούς.
2599 796 2665 856 et

283 893 466 960 Tom.
518 896 686 962 VIII.
737 917 885 983 pag.
938 894 1106 963 579:
1172 896 1427 961 κάλλιον
1490 896 1544 960 δ’
1596 894 1672 959 ἂν
1719 889 1786 966 ἦν
1832 897 2043 975 πολλῷ
2093 897 2439 975 προσθεῖναί
2485 920 2662 973 τινα,

281 1004 333 1066 εἰ
396 1003 499 1065 καὶ
564 1006 652 1079 μη
713 1002 994 1080 βεβαίαν
1058 1000 1406 1078 ἀπόδειξιν,
1457 1002 1858 1079 παραμυθίαν
1905 1006 2055 1079 γοῦν
2102 1005 2317 1074 ἱκανὴν
2363 1004 2446 1084 τῷ
2496 1002 2663 1084 λόγῳ

282 1145 369 1157 -
418 1106 517 1173 ἵνα
565 1109 655 1185 μή
702 1133 796 1179 τις
845 1108 1020 1177 εὐθὺς
1070 1105 1219 1171 κατ’
1273 1109 1482 1187 άρχάς
1535 1108 1611 1177 ὦς
1665 1108 1749 1177 εἷς
1796 1110 2065 1172 Μωϋσοῦ
2114 1109 2218 1172 καὶ
2270 1113 2489 1188 Χριςοῢ
2538 1110 2668 1173 δια-

279 1216 495 1293 τριβὴν
542 1214 893 1296 ἀφιγμένος
946 1214 1139 1291 νόμων
1185 1213 1644 1278 ἀναποδείκτων
1691 1213 1898 1293 άκούη.
1996 1213 2329 1300 Imprimis
2366 1215 2493 1280 huo
2530 1237 2666 1300 per·

278 1322 440 1385 tinet
506 1321 684 1386 loeus
745 1319 927 1386 Tom.
993 1320 1118 1385 111.
1184 1341 1329 1408 pag.
1397 1319 1529 1384 901
1597 1340 1729 1404 sqq.
1798 1320 2144 1405 Postquam
2209 1321 2409 1386 dixit:
2458 1316 2550 1386 ὅτι
2598 1323 2666 1387 αἱ

278 1428 449 1491 κατά
517 1428 656 1498 τοὺς
716 1428 1078 1508 ὀφθαλμοὺς
1129 1427 1234 1491 καὶ
1284 1428 1400 1496 τὰς
1452 1428 1641 1508 ὀφρῦς
1692 1427 1902 1506 τρίχες
1952 1426 2075 1492 ἴσον
2125 1428 2221 1492 άεὶ
2271 1431 2666 1508 φυλάττουσι

275 1533 346 1598 τὸ
409 1534 712 1613 μέγεθος,
781 1538 875 1599 et:
950 1533 1075 1597 εἴτε
1140 1532 1451 1614 προσθείης
1520 1531 1635 1595 εἴτ’
1700 1534 1958 1613 άφέλοις
2024 1557 2085 1597 τι
2135 1534 2498 1614 διαφθείρεις
2557 1540 2666 1609 τὴν

275 1642 531 1719 χρείαν,
584 1643 678 1706 ita
725 1641 1004 1725 quaerit:
1054 1636 1151 1718 ἄρ’
1200 1636 1296 1705 οὖν
1344 1637 1687 1719 προσέταξε
1735 1641 1999 1712 ταύταις
2046 1641 2262 1718 μόναις
2302 1651 2444 1714 ταῖς
2484 1643 2666 1725 θριξὶν

274 1746 302 1810 ό
342 1746 707 1828 δημιουργὸς
761 1749 927 1824 ἡμῶν
976 1744 1104 1811 ἴσον
1150 1745 1250 1810 άεὶ
1303 1744 1657 1823 φυλάττειν
1706 1745 1775 1809 τὸ
1823 1747 2106 1825 μέγεθος,
2157 1749 2223 1812 αἱ
2273 1748 2337 1813 δὲ
2386 1749 2513 1825 ἤτοι
2564 1750 2662 1815 δε·

272 1850 534 1918 δοικυῖαι
583 1852 693 1927 την
741 1852 1024 1931 ἐπίταξιν
1073 1857 1107 1929 ἢ
1159 1851 1516 1929 αἱδούμεναι
1565 1851 1668 1916 τὸν
1717 1853 2157 1933 προστάξαντα
2204 1855 2329 1919 θεὸν
2377 1854 2411 1930 ἢ
2472 1858 2663 1922 αὐταὶ

274 1958 699 2035 πεπεισμέναι
763 1957 1013 2036 βέλτιον
1061 1954 1214 2023 εἶναι
1264 1958 1409 2036 δρᾶν
1455 1962 1637 2022 τοῦτο
1684 1957 2211 2039 διαφυλάττουσιν
2255 1963 2332 2035 ὥς
2383 1963 2665 2029 ἕκελεύσ·

277 2071 476 2141 θησαν
496 2087 513 2144 ;
562 2065 827 2131 Deridet
873 2066 1029 2131 haee
1077 2067 1288 2130 omnia
1336 2070 1667 2150 tamquam
1719 2064 1906 2150 plane
1954 2066 2226 2132 absurda
2273 2073 2337 2132 et
2383 2071 2478 2134 ita
2522 2090 2667 2155 per-

268 2177 405 2261 git:
486 2174 520 2249 ἢ
594 2166 824 2248 Μωσῆς
895 2174 1010 2249 μὲν
1079 2171 1266 2244 οὕτως
1332 2172 1727 2252 ἐφυσιολόγει
1787 2172 1890 2236 καὶ
1955 2172 2206 2249 βέλτιον
2269 2172 2453 2245 οὕτως
2505 2179 2538 2251 ἦ
2585 2179 2663 2248 ὥς

265 2282 661 2357 Ἐπίκουρος;
730 2276 933 2360 ἄριςον
996 2278 1200 2355 μέντοι
1252 2278 1593 2357 μηδετέρως
1643 2279 1822 2343 άλλα
1870 2281 1979 2352 τὴν
2029 2280 2095 2343 ἐκ
2143 2284 2251 2344 τοῦ
2300 2280 2663 2361 δημιουργοῦ

267 2388 721 2466 φυλάττοντας
788 2388 987 2465 άρχην
1047 2387 1338 2462 γενέσεως
1406 2387 1465 2449 ἐν
1530 2382 1736 2450 ἅπασι
1797 2394 1922 2457 τοῖς
1974 2389 2398 2466 γενησομένοις
2446 2389 2660 2465 ὁμοίως

268 2501 497 2557 Μωσεῖ
556 2493 666 2565 την
732 2491 799 2554 ἐκ
861 2500 972 2566 τῆς
1038 2488 1188 2565 ὕλης
1254 2493 1414 2572 αὐτῇ
1465 2491 1860 2569 προστιθέναι.
1916 2500 1980 2556 et
2026 2499 2168 2577 post
2214 2513 2442 2577 panca:
2494 2498 2660 2560 τοῦτ’

265 2596 356 2667 ἔςι
401 2600 542 2663 καθ’
587 2589 614 2659 ὃ
660 2604 771 2671 τῆς
820 2596 1091 2668 Μωσέως
1138 2595 1315 2671 δόξης
1366 2596 1402 2673 η’
1450 2597 1498 2659 θ’
1551 2598 1822 2674 ἡμετέρα
1869 2596 1975 2661 καὶ
2020 2599 2053 2673 ἦ
2095 2600 2420 2670 Πλάτωνος
2469 2603 2574 2665 καὶ
2626 2604 2661 2676 ἦ

262 2712 380 2769 τῶν
447 2702 660 2768 ἄλλων
726 2708 843 2767 τῶν
906 2703 1054 2781 παρ’
1097 2702 1399 2775 Ἕλλησιν
1450 2702 1624 2780 ὀρθῶς
1672 2704 2287 2782 μεταχειρισαμένων
2334 2708 2473 2777 τοὺς
2523 2708 2656 2785 περὶ

262 2814 516 2891 φύσεως
590 2810 813 2887 λόγους
884 2806 1181 2889 διαφέρει.
1254 2808 1339 2888 τῷ
1408 2814 1522 2884 μὲν
1581 2810 1708 2887 γάρ
1772 2809 1951 2888 άρκεῖ
2002 2808 2070 2871 τὸ
2133 2809 2506 2886 βουληθῆναι
2552 2814 2657 2877 τὸν

262 2918 392 2982 θεὸν
469 2922 779 2994 κοσμῆσαι
848 2917 957 2990 τὴν
1030 2911 1212 2991 ὅλην,
1286 2915 1318 2986 ἦ
1386 2913 1441 2977 δ’
1500 2913 1673 2985 εὐθὺς
1722 2913 2105 2991 κεκόσμηται
2153 2915 2553 2998 (obversatur
2598 2920 2659 2983 ei

263 3023 663 3089 celebratum
725 3020 924 3087 illud:
992 3020 1302 3098 γενηθήτω
1365 3025 1498 3101 φῶς
1564 3020 1668 3084 καὶ
1732 3026 1866 3101 φῶς
1914 3018 2216 3106 ἐγενηθη).
2267 3020 2478 3086 πάντα
2528 3023 2656 3101 γάρ

263 3124 422 3195 εἶναι
476 3131 558 3209 τῷ
607 3130 715 3209 θεῷ
766 3127 1001 3193 δυνατά
1052 3126 1277 3206 νομίζει
1326 3124 1443 3190 κᾶν
1493 3127 1544 3190 εἲ
1594 3128 1705 3201 την
1753 3127 1988 3208 τέφραν
2035 3126 2220 3191 ἵππον
2265 3126 2297 3201 ἢ
2342 3127 2492 3204 βοῦν
2538 3128 2657 3193 ἐθέ-

262 3251 361 3301 λει
426 3242 640 3300 ποιεῖν.
708 3237 885 3311 ἡμεῖς
954 3234 1016 3298 δὲ
1081 3235 1201 3313 οὐχ
1265 3231 1417 3297 οὕτω
1471 3234 1897 3311 γιγνώσκομεν
1946 3233 2096 3297 ἀλλ’
2145 3228 2296 3298 εἶναι
2345 3233 2471 3314 γάρ
2516 3258 2656 3299 τινα

262 3341 541 3420 λέγομεν
586 3340 872 3406 άδύνατα
920 3339 1110 3419 φύσει
1159 3337 1262 3401 καὶ
1313 3338 1547 3410 τούτοις
1600 3337 1748 3415 μηδ’
1801 3339 2131 3419 ἐπιχειρεῖν
2181 3336 2331 3412 ὅλως
2382 3340 2484 3403 τὸν
2532 3342 2658 3407 θεὸν

262 3449 421 3513 ἀλλ’
470 3448 538 3511 ἐκ
585 3454 701 3511 τῶν
748 3447 1018 3511 δυνατῶν
1065 3442 1350 3522 γενέσθαι
1400 3444 1470 3510 τὸ
1517 3444 1767 3521 βέλτιον
1815 3445 2131 3526 αἱρεῖσθαι.
2194 3444 2402 3525 Quam
2449 3447 2660 3513 multa

264 3553 542 3620 absurda
611 3559 974 3618 commenta
1036 3550 1422 3616 insanientes
1486 3549 1772 3637 theolog-i
1834 3552 2371 3637 compendifacere
2416 3557 2659 3639 potuis-

263 3666 410 3726 sent
460 3661 515 3723 si
563 3659 723 3724 hane
770 3661 1086 3725 rationem
1136 3662 1345 3723 essent
1393 3659 1617 3722 secuti.
1713 3654 2053 3724 Concludit
2099 3660 2268 3724 hune
2313 3659 2529 3726 locum
2570 3662 2660 3726 sic

261 3785 418 3852 pag.
484 3762 655 3829 906:
726 3764 1096 3845 άμφοτέρων
1161 3758 1261 3828 οὖν
1324 3765 1426 3828 τὸν
1490 3763 1620 3828 θεὸν
1680 3765 1874 3830 αἴτιον
1937 3760 2099 3830 εἶναί
2158 3771 2376 3846 φαμεν
2424 3774 2533 3841 τῆς
2588 3792 2659 3831 τε

263 3871 585 3951 βελτίονος
647 3872 706 3935 ἐν
766 3874 974 3943 αὐτοῖς
1037 3879 1163 3943 τοῖς
1232 3869 1802 3950 δημιουργουμένοις
1871 3872 2153 3951 αἱρέσεως
2211 3872 2313 3937 καὶ
2365 3880 2474 3948 τῆς
2522 3873 2655 3954 περὶ

263 3981 379 4054 τὴν
433 3974 582 4053 ὅλην
632 3977 946 4054 ἔκλέξεως.

365 4186 547 4253 Tom.
608 4187 719 4253 IV.
788 4208 935 4276 pag.
1001 4187 1132 4254 348
1197 4188 1511 4273 descripto
1575 4187 1929 4273 elephantis
1991 4189 2360 4273 proboscide
2405 4191 2585 4258 addit
2631 4195 2658 4259 ὂ

267 4294 511 4376 ἐλέφας
578 4293 778 4375 ἐκείνῳ
843 4296 928 4373 τῷ
990 4294 1171 4375 μορίῳ
1236 4294 1407 4359 κατά
1470 4293 1541 4358 τὸ
1607 4293 1797 4371 πέρας
1844 4288 2103 4360 ἅπαντα
2147 4296 2661 4379 μεταχειρίζεται

267 4400 814 4481 περιπτυσσομένῳ
879 4406 1008 4474 τοῖς
1068 4398 1574 4479 λαμβανομένοις
1625 4397 1777 4482 άχρι
1824 4406 1939 4466 τῶν
1988 4401 2410 4484 σμικροτάτων
2458 4428 2663 4483 νομισ-
