3192 5017
1281 311 1516 360 comm.
2504 284 2592 351 93

200 487 312 552 ἐὰν
382 486 445 550 δὲ
509 485 738 555 παῖδες
802 484 890 557 μὴ
959 477 1064 548 ὦσι
1128 484 1395 560 γνήσιοι,
1461 491 1588 554 τοῖς
1653 479 1992 559 ἐγγυτάτω
2052 478 2263 555 γένους
2311 484 2592 555 μετεῖναι

200 600 321 659 τῶν
391 591 751 671 χρημάτων.
848 586 1058 653 Teneo
1130 589 1295 673 quod
1368 589 1522 653 olim
1596 589 1815 653 monui
1902 583 2373 669 interpolatoris
2457 604 2593 649 esse

197 701 400 766 verba
465 697 738 778 seclusa,
825 693 994 758 Nam
1058 697 1193 760 sive
1256 703 1444 770 sunt,
1508 698 1643 759 sive
1690 714 1813 757 non
1864 701 2013 757 sunt
2058 690 2243 755 liberi
2291 692 2594 776 genuini,

200 809 440 894 spuriis
485 824 841 889 numquam
889 810 987 868 est
1033 803 1350 883 ἀγχιςεία
1402 805 1546 866 iure
1591 803 1820 867 Attico.

301 1023 420 1089 AV.
468 1018 640 1087 1677
735 1016 964 1083 καλάνι
1017 1017 1280 1095 κόραυνα
1330 1019 1434 1083 καὶ
1483 1015 1754 1094 μεγαλα
1800 1015 2141 1091 βασιλιναῦ

735 1124 993 1205 ὄρνιτο
1042 1124 1452 1205 παραδίδωμι.

301 1234 620 1299 Kockius:
692 1232 737 1296 i.
787 1253 839 1296 e.
906 1234 1014 1305 τὴν
1077 1232 1276 1303 καλὴν
1335 1232 1506 1311 κόρην
1566 1231 1671 1294 καὶ
1734 1231 1844 1302 τὴν
1905 1227 2200 1304 μεγάλην
2260 1226 2595 1305 βασίλειαν

201 1349 336 1411 τοῖς
405 1339 580 1419 ὄρνισι
655 1338 1062 1416 παραδίδωμι.
1165 1336 1304 1403 Hoc
1376 1358 1595 1403 revera
1661 1334 1987 1401 Triballus
2052 1334 2257 1398 dicere
2318 1334 2593 1398 videtur.

201 1447 515 1512 Attamen
587 1445 751 1509 nihil
822 1445 1068 1509 dictum
1140 1450 1253 1509 aut
1313 1444 1556 1509 factum
1622 1449 1759 1508 erat
1821 1445 1887 1506 in
1951 1441 2369 1527 praegressis,
2432 1438 2598 1523 quod

204 1551 640 1618 Triballorum
705 1552 894 1616 deum
963 1572 1218 1617 movere
1280 1553 1590 1634 potuerit,
1660 1553 1736 1613 ut
1781 1549 2162 1613 seutentiam
2209 1568 2425 1630 suam,
2474 1565 2601 1610 non

205 1659 376 1724 tradi
423 1665 707 1743 oportere
755 1658 980 1722 avibus
1025 1661 1405 1741 imperium,
1452 1661 1709 1741 repente
1757 1659 2057 1719 mutaret.
2142 1653 2225 1718 Et
2283 1672 2407 1738 quo
2454 1657 2594 1717 tan-

205 1765 357 1829 dem
406 1770 588 1849 pacto
636 1763 1063 1850 intellegenda
1111 1765 1395 1847 Neptuni
1443 1763 1827 1827 exclamatio
1875 1784 1966 1827 vs.
2024 1758 2197 1825 1680

488 1871 585 1947 μα
631 1870 733 1934 τὸν
786 1868 915 1953 Δι’,
966 1873 1115 1948 οὐχ
1166 1866 1335 1940 οὗτός
1386 1894 1463 1948 γε
1512 1867 2025 1946 παραδοῦναι
2073 1867 2285 1950 λέγει,

206 1976 525 2062 praefacte
587 1978 880 2063 negantis
942 1980 1130 2040 istam
1190 1976 1384 2040 fuisse
1431 1976 1684 2040 barbari
1736 1971 2052 2039 mentem?
2102 1973 2339 2048 Quidni
2386 1973 2600 2057 potius

208 2104 364 2148 cum
411 2082 860 2169 Dicaeopolide
908 2085 973 2146 in
1023 2083 1533 2148 Acharnensibus
1579 2081 1766 2167 (105)
1816 2082 2199 2147 exclamavit

895 2188 1048 2265 οἴμοι
1100 2189 1493 2265 κακοδαίμων
1542 2191 1618 2259 ὡς
1668 2184 1933 2267 &accpi-34?

209 2297 358 2363 Nisi
403 2295 615 2372 fallor,
670 2317 768 2360 res
814 2295 905 2360 sic
953 2301 1049 2359 est
1095 2295 1497 2380 explicanda,
1541 2301 1617 2359 ut
1656 2295 1943 2359 dicamus
1984 2294 2355 2380 Neptunum
2382 2293 2602 2359 audire

210 2406 340 2469 sibi
386 2404 595 2468 visum
644 2423 811 2467 esse:
863 2402 1099 2480 ἔρωτ’
1150 2404 1178 2464 ὅ
1234 2405 1302 2486 (ἰ.
1354 2423 1402 2467 e.
1459 2405 1551 2488 οὐ)
1601 2402 2008 2478 παραδίδωμι.
2082 2401 2271 2465 Hunc
2316 2402 2603 2486 neg-atio-

204 2512 310 2574 nis
395 2529 623 2573 sonum
708 2528 1157 2592 saepenumero
1227 2507 1643 2574 Athenienses
1714 2509 2055 2573 audiebant
2141 2529 2289 2572 cum
2373 2507 2603 2572 vicinis

205 2618 343 2681 suis
388 2614 669 2680 Boeotiis
715 2614 1160 2698 colloquentes.
1215 2611 1314 2678 Of.
1367 2614 1639 2678 Photius
1686 2617 1751 2678 in
1800 2613 2030 2680 lexico:
2074 2617 2103 2678 ὀ
2153 2617 2243 2679 πί
2259 2636 2600 2689 ττομαι·

206 2724 276 2786 οὐ
326 2717 652 2796 πείθομαι.
703 2720 807 2783 καὶ
860 2717 1045 2790 οὕτως
1095 2720 1375 2783 Βοιώτιοι.
1420 2718 1898 2782 Pronuntiando
1940 2719 2140 2783 bonus
2166 2724 2340 2783 actor
2363 2717 2605 2783 efficere

203 2831 489 2913 poterat,
564 2833 637 2890 ut
697 2830 1077 2910 spectatores
1123 2824 1294 2889 haud
1343 2823 1572 2889 lateret
1618 2823 2001 2888 Triballicae
2049 2826 2353 2890 orationis
2402 2824 2606 2888 ambi·

215 2936 455 3021 guitas.

305 3142 432 3210 AV.
489 3142 660 3211 1700
843 3143 1153 3222 βάρβαροι
1204 3144 1258 3207 δ’
1311 3145 1462 3209 εἰσὶν
1514 3144 1690 3222 γένος

855 3252 1105 3330 Γοργίαι
1155 3276 1226 3315 τε
1275 3252 1376 3315 καὶ
1431 3251 1764 3329 Φίλιπποι,

859 3359 1021 3423 κοὶπὸ
1071 3364 1185 3422 τῶν
1235 3356 1726 3436 ἐγγλωτογαςό-

855 3488 963 3544 ρων
1011 3464 1247 3529 ἐκείνων
1299 3465 1444 3549 [τῶν
1495 3464 1848 3547 Φιλίππων]

857 3575 1195 3650 πανταχοῦ
1245 3578 1355 3644 τῆς
1407 3571 1705 3643 Ἀττικῆς
1758 3574 1791 3645 ἧ

860 3686 1126 3756 γλῶττα
1175 3678 1362 3758 χωρὶς
1411 3677 1727 3752 τέμνεται.

218 3786 529 3851 Deleatur
575 3783 982 3849 manifestum
1032 3784 1384 3872 glossema,
1435 3784 1600 3868 quod
1648 3786 1957 3869 genuina,
2014 3785 2148 3849 sive
2195 3788 2311 3847 τῶν
2356 3782 2616 3848 ἀναιδῶν

225 3894 365 3956 sive
428 3889 636 3966 aliud,
703 3890 971 3974 expulit.
1067 3877 1296 3954 Simile
1355 3889 1677 3976 glossema
1740 3911 1931 3973 supra
1996 3912 2083 3956 vs.
2156 3888 2289 3954 388
2356 3889 2614 3955 videtur

225 3997 332 4060 τὸν
412 3995 757 4072 ὀβελίσκον.
842 3995 949 4061 Vs.
1022 3993 1197 4061 1724
1269 4001 1374 4060 τοῦ
1449 3993 1717 4065 κάλλους
1787 3997 1919 4059 iam
1996 3995 2234 4060 delevit
2304 3993 2612 4060 Bothius:

218 4102 557 4166 Praeterea
604 4106 971 4185 suspectum
1019 4101 1220 4166 habeo
1267 4122 1501 4168 nomen
1549 4102 1878 4184 proprium
1929 4099 2384 4184 Thesmophor.
2436 4095 2566 4163 427

686 4210 785 4270 νῦν
831 4205 886 4270 δ’
939 4202 1109 4276 οὗτος
1158 4206 1380 4277 αὐτοὺς
1431 4206 1784 4286 ᾡκότριψ
1832 4205 2162 4285 Εὐριπίδης

682 4310 923 4386 ἐδίδαξε
972 4309 1294 4388 θριπήδες’
1348 4311 1514 4391 ἔχειν
1566 4313 1959 4391 σφραγίδια,

223 4421 338 4485 ubi
385 4418 557 4484 haud
606 4417 938 4502 displiceat
984 4418 1528 4499 οὑπίτριπτος
1579 4415 1979 4499 οἰκότριψ.
