3192 5017
1267 318 1509 381 oronam
2443 306 2576 381 257

240 505 460 571 biorum
502 502 831 570 localium.
923 502 1079 566 Inde
1140 501 1226 565 ibi
1284 501 1411 567 fuit
1473 505 1578 586 qui
1642 500 1734 565 sic
1793 501 2340 582 interpretaretur:
2394 501 2580 578 „inde

238 618 374 677 statt
416 631 489 675 ex
530 608 645 674 illo
691 608 924 683 fundo:
968 608 1055 671 ibi
1101 612 1180 673 st.
1228 609 1297 671 in
1344 627 1418 672 eo
1463 606 1604 672 loco
1626 654 1641 682 ‚
1687 607 1756 670 in
1803 624 1927 689 quo
1973 625 2141 669 nunc
2176 607 2573 672 versamur.”

236 714 457 782 Sicine?
499 714 676 780 locus
722 716 792 778 in
837 732 963 798 quo
1007 735 1115 777 noe
1152 709 1517 778 versamur?
1555 711 1924 776 Nimirum:
1971 711 2077 786 „in
2116 711 2579 797 gerichtlichen

235 821 499 888 Formeln
558 842 670 886 zur
723 824 1053 907 grosseren
1110 817 1551 884 Deutlichkeit
1606 815 1891 904 gesagt.”
1980 814 2152 902 Ergo
2214 820 2287 880 ut
2333 820 2577 903 perspi-

237 947 333 993 cue
372 927 707 1012 loquantur
751 924 1067 1008 homines,
1116 923 1322 990 solent
1367 924 1706 989 verborum
1753 925 1889 988 vim
1934 919 2322 988 immutare?
2403 922 2581 989 Han-

237 1032 359 1097 dius
420 1033 499 1098 ad
566 1031 756 1097 Ture.
817 1029 931 1095 ΙΙΙ.
994 1050 1059 1115 p.
1126 1027 1290 1095 164:
1361 1030 1559 1106 „Inde
1603 1029 1691 1093 ibi
1736 1048 1855 1094 non
1906 1032 2114 1114 potest
2160 1048 2294 1093 esse
2339 1028 2406 1090 in
2451 1052 2580 1093 eum

236 1137 417 1216 locum,
465 1144 538 1204 ut
578 1136 786 1205 voluit
822 1133 1139 1203 Graevius
1181 1135 1480 1218 [absurda
1519 1155 1668 1200 sane
1709 1133 2016 1220 opinatio]
2037 1183 2051 1207 ‚
2094 1154 2297 1218 neque
2324 1134 2584 1199 indidem

234 1349 326 1414 sed
380 1351 512 1414 inde
574 1369 726 1414 cum
790 1347 876 1411 ibi
937 1349 1028 1411 sic
1074 1366 1199 1411 non
1246 1345 1503 1412 videtur
1547 1366 1728 1431 posse
1775 1345 2113 1432 copulariJ.
2211 1345 2366 1410 Inde
2411 1348 2583 1410 enim

233 1454 524 1542 significat
570 1456 649 1520 ob
697 1474 841 1520 eam
882 1472 1175 1527 causam,
1226 1452 1313 1515 ibi
1359 1457 1456 1516 est
1502 1451 1668 1527 ilico,
1719 1454 1899 1536 quasi
1947 1453 2090 1536 quis
2135 1452 2302 1516 dicat
2343 1452 2584 1516 dechalb

231 1561 361 1625 ohne
419 1558 748 1625 Weiteresss’
840 1557 916 1623 Id
975 1558 1271 1643 probavit
1317 1555 1677 1641 Zumptius.
1772 1554 1894 1621 Sed
1944 1554 2024 1621 ad
2069 1556 2233 1621 hanc
2280 1559 2587 1643 interpre-

231 1664 513 1731 tationem
569 1663 1073 1751 redarguendam
1135 1661 1369 1728 sufficit
1430 1661 1954 1728 animadvertisse
2009 1665 2294 1747 proxime
2340 1683 2588 1747 praece-

231 1770 392 1838 dere:
455 1792 646 1859 ¹,ager
706 1770 978 1836 Sabinus
1037 1789 1222 1834 meus
1280 1766 1450 1844 est”;
1510 1788 1662 1832 nam
1724 1772 1868 1852 post
1929 1767 2081 1832 haec
2146 1788 2307 1852 quae
2360 1772 2583 1835 statim

230 1882 558 1961 sequuntur
593 1876 808 1962 (‚,inde
840 1874 992 1956 ibi”)
1035 1894 1162 1939 non
1200 1879 1463 1959 possunt
1501 1892 1626 1938 non
1664 1892 1738 1938 eo
1783 1872 1855 1957 (i.
1882 1892 1937 1937 e.
1984 1872 2063 1938 ad
2108 1872 2350 1958 locum)
2395 1878 2589 1953 respi-

231 1996 376 2048 cere.
460 1980 534 2047 In
595 1980 1007 2067 sequentibus
1060 1981 1254 2044 etiam
1303 1980 1461 2043 unde
1501 1985 1570 2043 tu
1615 2000 1705 2041 me
1753 2014 1834 2025 —
1886 1977 2027 2042 inde
2072 1997 2296 2044 causae
2342 1980 2589 2068 signifi-

231 2090 380 2155 catio
422 2087 600 2155 nulla
655 2094 770 2153 est.
818 2085 941 2152 Sed
982 2085 1176 2152 verba
1220 2084 1476 2172 singula
1523 2103 1708 2150 suam
1753 2082 1989 2149 habent
2042 2085 2360 2169 propriam
2407 2088 2545 2152 vim
2565 2137 2585 2173 ,

231 2194 400 2260 modo
441 2196 790 2281 iungamus
835 2192 975 2255 inde
1016 2212 1254 2254 manum
1298 2201 1644 2254 consertum.
1743 2187 2054 2266 „Manum
2103 2208 2426 2256 conserere
2471 2191 2587 2257 ali-

230 2298 453 2365 cunde''
514 2300 760 2364 dictum
823 2303 921 2363 est
982 2313 1130 2381 pro:
1191 2293 1385 2383 gleba
1430 2299 1680 2379 arrepta
1724 2292 2017 2360 alicunde
2063 2314 2328 2360 manum
2377 2317 2587 2363 conse-

232 2423 376 2483 rere,
428 2406 563 2471 sive
610 2403 689 2470 de
734 2402 950 2487 aliqua
993 2421 1061 2466 re
1107 2400 1499 2465 contendere.
1551 2399 1653 2463 132·
1696 2404 1792 2464 est
1834 2401 1902 2464 in
1941 2401 2080 2484 ipso
2118 2399 2271 2465 loco.
2317 2401 2582 2468 Revoca:

231 2511 490 2575 vicissim
537 2529 694 2576 voco
715 2555 731 2586 ,
780 2527 1053 2592 nempe:
1102 2506 1249 2571 inde
1287 2504 1380 2570 ibi
1420 2524 1687 2569 manum
1723 2509 2103 2570 consertum.
2151 2504 2429 2572 Recedat
2466 2508 2585 2574 hoc

229 2633 359 2679 sane
400 2634 439 2679 a
485 2619 648 2680 tersa
691 2611 1048 2689 latinitate,
1095 2610 1204 2676 sed
1250 2630 1376 2676 non
1420 2611 1620 2674 nimis
1666 2616 1762 2675 est
1808 2610 2058 2674 durum.

305 2717 492 2785 Plura
561 2719 640 2785 de
706 2738 896 2784 causa
957 2713 1333 2782 Gaeciniana
1396 2715 1514 2780 hoc
1573 2713 1714 2780 loco
1776 2714 1992 2780 afferre
2048 2715 2213 2780 nihil
2259 2736 2418 2801 opus
2464 2724 2582 2786 est.

228 2822 561 2910 Sequantur
619 2827 824 2914 igitur
884 2823 963 2889 de
1020 2842 1147 2888 uno
1210 2821 1533 2906 alteroque
1594 2820 1734 2887 loco
1792 2823 2231 2888 constituendo
2287 2829 2585 2891 annotata

230 2931 537 3014 quaedam.

308 3142 530 3210 Omnes
585 3143 783 3209 libros
829 3140 1240 3209 Caecinianae
1287 3161 1363 3207 ex
1413 3161 1539 3206 uno
1582 3140 1756 3206 fonte
1802 3141 2026 3206 ductos
2072 3161 2239 3219 esse,
2288 3164 2367 3208 ex
2414 3164 2583 3210 com-

228 3249 507 3315 munibus
567 3249 848 3326 lacunis,
926 3247 1408 3322 omissionibus,
1482 3248 1662 3313 vitiis
1731 3251 2012 3331 apparet.
2106 3244 2324 3313 Veluti
2372 3251 2409 3334 ξ
2456 3248 2581 3316 46:

233 3358 455 3429 „omnis
513 3357 685 3421 enim
750 3354 851 3421 vis
917 3359 1050 3436 est,
1110 3375 1261 3438 quae
1308 3353 1583 3435 periculo
1631 3357 1743 3417 aut
1790 3351 2087 3417 decedere
2132 3372 2245 3418 nos
2291 3354 2585 3422 alicunde

229 3462 379 3547 cogit
421 3469 533 3527 aut
580 3460 874 3546 prohibet
920 3458 1256 3525 accedere’'
1305 3476 1525 3524 omnes
1572 3457 1847 3533 codices,
1889 3478 2160 3542 quorum
2201 3458 2431 3526 diserte
2463 3459 2587 3527 lec-

230 3568 305 3631 tio
345 3573 569 3632 testata
609 3571 706 3631 est
747 3566 1027 3650 corrupti
1068 3570 1245 3640 sunt,
1288 3564 1397 3629 sed
1440 3569 1512 3628 ut
1553 3584 1632 3628 ex
1657 3582 1784 3626 una
1806 3561 2079 3628 lectione
2103 3562 2587 3652 'Peg-emseensis

228 3678 496 3756 appareat
556 3692 749 3737 causa
809 3671 1264 3755 corruptionis3
1310 3668 1503 3733 habet
1549 3669 1724 3733 enim
1771 3684 2148 3742 enimcum.
2241 3670 2393 3736 Inde
2439 3672 2587 3737 reli·

228 3778 321 3858 qui
382 3801 527 3863 qaae
593 3776 885 3852 ridicula,
946 3794 1141 3859 quam
1202 3773 1416 3859 inepte
1480 3774 1750 3857 quisque
1796 3772 1994 3839 videt.
2035 3808 2058 3833 ι
2090 3773 2473 3842 Exciderant
2516 3776 2584 3841 in

227 3881 543 3969 archetypo
590 3882 753 3948 duae
796 3880 1087 3947 litterae:
1133 3897 1257 3954 Qun
1307 3927 1366 3943 ..
1416 3895 1669 3944 mcum.
1770 3880 1865 3944 Ac
1913 3878 2177 3946 fortasse
2238 3883 2293 3944 si
2355 3879 2584 3966 palim-

228 3993 449 4067 psestus
509 3986 919 4053 'l'aurinensis
964 3985 1127 4051 hanc
1173 3984 1643 4073 paragraphum
1689 3984 1986 4060 haberet,
2037 3984 2115 4049 ad
2161 3984 2323 4051 hanc
2367 4007 2583 4052 neces-

227 4094 435 4157 sariam
483 4092 990 4159 emendationem
1041 4093 1272 4156 veteris
1320 4090 1552 4155 codicis
1601 4088 1923 4155 accederet
1969 4092 2332 4155 auctoritas.
2417 4091 2584 4157 Nam

227 4196 274 4259 is
311 4197 466 4264 liber
512 4198 775 4283 reliquis
822 4196 1062 4262 melior.
1115 4197 1152 4280 ξ
1200 4194 1321 4261 39;
1378 4207 1486 4279 „ut
1535 4196 1653 4259 ista
1699 4218 1767 4260 re
1811 4195 2051 4280 aliquid
2092 4202 2200 4259 aut
2245 4195 2459 4281 aliqua
2505 4219 2582 4263 ex

229 4310 385 4383 parte
446 4304 692 4371 differre
756 4302 1085 4379 videatur,
1152 4307 1408 4378 utrum,
1477 4301 1703 4386 pedem
1769 4321 1919 4366 cum
1959 4299 2235 4365 intulero
2283 4307 2472 4387 atque
2518 4305 2585 4369 in

234 4411 593 4489 possessione
640 4410 993 4496 vestigium
1041 4407 1278 4486 fecero,
1328 4412 1472 4473 tum
1521 4405 1802 4492 expellar
1848 4425 1920 4472 ac
1957 4397 2212 4492 deiciat,
2251 4428 2332 4472 an
2372 4410 2594 4477 eadem

2273 4526 2336 4580 1‘1
