3192 5017
1237 288 1595 339 nummum.
2481 267 2609 335 281

777 460 925 542 ὥρα
973 462 1026 527 δ’
1076 462 1344 527 ἔπεισι
1395 460 1755 541 τριγλύφων
1802 456 1935 524 ὅποι
1985 457 2150 525 κενόν

776 567 971 645 δέμας
1020 565 1333 633 καθεῖναι.

239 675 474 741 Rerum
546 674 696 740 ordo
766 676 1155 740 immutatus
1224 680 1352 750 est,
1418 694 1568 739 nam
1625 675 1802 759 prius
1864 694 2088 759 corpus
2142 690 2223 739 ex
2274 672 2622 762 triglyphis

239 782 577 847 demittent
617 801 810 866 quam
859 783 1117 868 signum
1164 800 1382 865 rapere
1428 785 1745 865 poterunt.
1786 776 2038 860 ’Τςερον
2076 778 2356 861 πρότερον
2395 785 2493 846 est
2531 782 2625 845 ita

242 886 475 953 dicere:

781 990 1121 1070 τολμητέον
1165 1016 1253 1056 τοι
1303 991 1478 1071 ξεςὸν
1526 993 1594 1057 ἐκ
1645 996 1789 1057 ναοῦ
1837 992 2065 1072 λαβεῖν

786 1097 1069 1178 ἄγαλμα
1119 1101 1334 1170 πάσας
1383 1099 1790 1180 προσφέροντε
1834 1098 2160 1180 μηχανάς,

783 1202 906 1285 ὥρα
956 1205 1010 1269 δ’
1059 1204 1253 1270 ἔπεισι
1300 1206 1663 1288 τριγλύφων
1710 1202 1842 1270 ὅποι
1888 1205 2054 1271 κενὸν

790 1311 985 1389 δέμας
1036 1309 1343 1377 καθεῖναι.

248 1418 353 1484 sed
417 1419 701 1503 primum
765 1417 884 1484 hoe
930 1418 1440 1494 incommodum,
1498 1420 1552 1483 si
1601 1419 2079 1484 incommodum
2132 1424 2262 1495 est,
2315 1419 2630 1487 declinare

249 1545 370 1591 non
432 1525 701 1610 poteris,
769 1544 1237 1609 quamcumque
1300 1524 1525 1589 horum
1589 1546 1890 1590 versuum
1940 1525 2275 1592 lectionem
2328 1530 2630 1613 sequaris.

251 1630 491 1696 Deinde
549 1629 722 1696 haud
785 1632 876 1694 ita
922 1651 1062 1696 raro
1107 1629 1443 1714 Euripides
1490 1631 1582 1695 sic
1631 1629 1813 1695 dixit.
1865 1630 2293 1698 Luculentum
2347 1639 2442 1698 est
2486 1632 2629 1718 Iph.

251 1735 400 1802 Aul.
451 1734 616 1801 110:

706 1845 769 1917 ἐς
816 1844 994 1919 τήνδε
1038 1842 1284 1927 δέλτον,
1335 1833 1401 1915 ἣν
1447 1842 1594 1908 κατ’
1641 1843 1936 1925 εὐφρόνης
1985 1845 2164 1910 σκιάν

705 1949 1009 2015 λύοντα
1057 1949 1163 2015 καὶ
1211 1947 1658 2027 ξυνδοῦντοὶ
1706 1950 1772 2027 μ’
1816 1950 2085 2024 εἶςεῒδες.

255 2055 555 2123 Ueterum
602 2058 657 2121 si
702 2055 808 2121 hic
855 2056 1016 2122 forte
1061 2075 1350 2122 erravero
1367 2102 1384 2133 ,
1434 2075 1559 2121 non
1605 2054 1777 2122 solus
1823 2062 1993 2123 certe
2038 2077 2346 2125 erravero.

347 2272 461 2339 Vs.
511 2271 637 2341 471
665 2293 682 2337 ε

712 2384 855 2444 ναοῦ
903 2380 957 2445 δ’
1007 2377 1120 2445 ἔσω
1168 2381 1484 2471 ςείχοντες
1535 2379 1921 2462 εὐτρεπίζετε

711 2481 755 2550 ἃ
804 2487 922 2564 xpi,
971 2487 1063 2551 ’πὶ
1112 2494 1237 2558 τοῖς
1286 2491 1541 2565 παροῦσι
1590 2488 1720 2553 καὶ
1770 2485 2104 2567 νομίζεται.

260 2592 527 2659 Malimt
575 2601 701 2666 τοῖς
750 2596 1038 2673 παροῦσιν
1086 2594 1174 2664 ὦς
1224 2593 1559 2674 νομίζεται.

352 2805 457 2873 Vt.
507 2803 678 2871 592:

622 2913 699 2978 σὺ
749 2911 801 2975 δ’
850 2907 911 2977 εἷ
949 2910 1100 2991 γάρ,
1155 2913 1231 2983 ὦς
1281 2909 1519 2991 ἔοικας,
1569 2911 1711 2977 οὔτε
1759 2910 2057 2991 δυσγενὴς

623 3018 728 3084 καὶ
780 3020 895 3088 τοὶς
943 3018 1242 3091 Μυκήνας
1293 3013 1477 3083 οἶσθα
1524 3016 1679 3098 χοῦς
1727 3016 1904 3096 κάγὼ
1954 3014 2191 3082 θέλω.

261 3124 609 3191 Infeliciter
671 3124 1020 3212 Bergkius:
1085 3124 1201 3195 τας
1238 3123 1573 3204 ,Μυκήνας
1623 3118 1883 3207 οἶσθας,
1930 3126 2008 3195 ὥς
2058 3124 2235 3202 κάγὼ
2285 3119 2489 3201 θέλω,
2541 3122 2651 3188 sed

261 3231 733 3298 concedendum
780 3237 875 3295 est
920 3229 1026 3294 hic
1072 3229 1270 3296 latere
1319 3232 1554 3297 vitium
1574 3279 1592 3314 ,
1642 3230 1809 3315 quod
1850 3228 2075 3295 tollere
2112 3229 2375 3295 fortasse
2411 3231 2649 3314 poteris

263 3337 695 3404 rescribendo:
743 3334 897 3418 χοῦς
949 3338 1125 3415 κάγὼ
1172 3342 1404 3417 φιλῶ.
1499 3335 1604 3401 Sic
1652 3334 1831 3423 Cycl.
1881 3333 2057 3400 269:

677 3445 728 3509 οί
779 3445 1000 3517 παῖδες
1049 3440 1401 3528 οξπόλοινθ’,
1451 3439 1547 3514 οὓς
1595 3441 1818 3521 adme-⁹
1866 3442 1987 3520 ἐγὼ
2036 3448 2229 3525 φιλῶ.

359 3662 590 3728 Itidem
653 3663 1005 3729 multorum
1074 3664 1534 3730 tentaminibus
1584 3664 1845 3730 infamis
1893 3669 1989 3729 est
2039 3685 2131 3732 vs.
2180 3662 2348 3729 813:
2401 3672 2657 3754 rogarat

263 3770 520 3836 Orestes
577 3776 866 3836 nossetne
931 3790 1103 3837 soror
1164 3769 1426 3837 fatalem
1492 3771 1874 3837 discordiam
1936 3772 2118 3836 Atrei
2181 3777 2247 3836 et
2316 3769 2617 3858 Thyestis
2639 3822 2654 3848 ,

266 3878 372 3944 cui
421 3897 628 3942 soror:
810 3892 814 3896 ’

768 3983 1032 4060 ἤκουσα,
1082 3992 1316 4063 χρυσῆς
1366 3985 1535 4063 ἀρνὸς
1587 3984 1788 4059 ἡνίκ’
1838 3981 1919 4058 ἦν
1970 3982 2128 4064 πέρι.

267 4091 510 4157 Scribit
577 4088 951 4155 Bai-nesius:
1013 4086 1203 4155 οὕνεκ’
1268 4084 1333 4164 ἦν
1398 4092 1562 4170 πέρι,
1635 4089 2088 4156 Marklandus:
2151 4085 2219 4159 ἣν
2265 4084 2433 4169 εἶχον
2484 4088 2654 4170 πέρι,

267 4198 590 4263 Porsonus
636 4194 765 4269 ἥτις
813 4191 880 4266 ἦν
927 4194 1078 4274 πέρι.
1130 4194 1480 4281 Aliquanto
1526 4196 1779 4262 facilius
1826 4197 2097 4282 poteris:

819 4303 1088 4379 ἤκουσα·
1134 4311 1365 4381 χρυσῆς
1416 4304 1587 4384 ἀρνὸς
1640 4298 1676 4377 ἦ
1693 4328 1722 4367 ν
1770 4303 1945 4377 δίκη
1985 4300 2152 4383 πέρι.
