3192 5017
589 290 716 357 126
1601 315 1962 364 numenius.

997 486 1024 550 ὃ
1073 487 1152 566 δ’,
1202 490 1269 554 οὗ
1318 485 1520 553 θέλων
1565 511 1638 552 τε
1685 488 1790 552 καὶ
1841 485 2074 564 θέλων,
2127 484 2339 568 θηκτῷ
2388 487 2563 567 κόρης

993 592 1202 672 τέμνει
1251 593 1463 676 σιδήρῳ
1512 596 1869 673 πνεύματος
1919 595 2218 677 διαρροάς.

676 800 849 866 Vitio
911 807 1045 868 tam
1107 807 1324 888 aperto
1385 822 1578 888 quam
1639 803 1717 868 ad
1766 802 2234 870 emendandum
2282 802 2457 869 facili
2502 801 2756 869 laborat
2803 801 2973 869 locus

582 908 650 971 in
701 905 1056 996 Hippolyto
1108 908 1282 974 1345

1222 1010 1337 1081 οἷον
1386 1013 1652 1096 ἐκράνθη
1702 1015 1948 1095 δίδυμον
1993 1014 2339 1097 μελάθροις

1221 1119 1445 1193 πένθος
1491 1119 1715 1189 θεόθεν
1764 1121 2212 1199 καταληπτόν,

583 1227 697 1293 ubi
756 1248 881 1294 non
934 1227 1118 1294 credo
1181 1227 1409 1295 multis
1456 1230 1670 1297 verbis
1716 1250 1875 1315 opus
1924 1250 2060 1296 esse
2078 1275 2097 1308 ,
2147 1234 2223 1295 ut
2273 1229 2706 1296 demonstrem
2754 1227 2970 1316 leg-en·
3094 1269 3095 1272 =

584 1334 740 1399 dum
790 1353 957 1402 esse:

1313 1440 1537 1514 πένθος
1586 1439 1811 1509 θεόθεν
1859 1449 2283 1510 zaran-farne.

675 1655 1200 1741 Frequentissimi
1245 1660 1312 1722 in
1359 1658 1686 1744 Euripidis
1730 1657 2055 1724 codicibus
2101 1659 2250 1724 vitii
2295 1655 2459 1722 mihi
2505 1654 2726 1723 videor
2764 1676 2972 1721 exem·
3096 1669 3097 1678 ¹

582 1759 764 1847 plum
813 1762 1176 1830 observasse
1220 1766 1288 1829 in
1335 1766 1749 1830 Andromache
1793 1785 1890 1830 vs.
1940 1762 2093 1842 248,
2144 1764 2257 1829 ubi
2312 1762 2707 1828 Hermionen
2764 1761 2969 1826 dieen-

583 1875 752 1933 tem:
800 1868 1023 1936 Thetis
1068 1873 1343 1957 patriam
1389 1879 1570 1939 tuam
1619 1872 1755 1938 odit
1801 1871 1881 1937 ob
1928 1869 2208 1937 Achillis
2252 1875 2527 1936 mortem
2546 1916 2563 1947 ,
2605 1870 2698 1934 sic
2735 1868 2971 1934 refutat

584 1974 1058 2043 Andromache:

1038 2085 1251 2160 Ἑλένη
1300 2109 1385 2149 νιν
1429 2083 1639 2161 ὤλεο·’,
1693 2085 1799 2150 οὐκ
1847 2085 2008 2162 ἐγώ,
2057 2086 2258 2160 μήτηρ
2307 2083 2371 2148 δὲ
2417 2083 2516 2158 σή.

584 2188 741 2270 Quis
790 2190 989 2257 semel
1033 2190 1399 2258 admonitus
1444 2211 1569 2256 non
1618 2190 1891 2257 offendat
1935 2191 2003 2255 in
2041 2189 2294 2256 inficeta
2335 2187 2714 2274 repetitione
2751 2189 2966 2260 Ἑλένη

583 2332 673 2346 -
719 2300 921 2377 μήτηρ
984 2297 1047 2363 δὲ
1110 2297 1227 2373 cni?
1291 2296 1460 2364 Nam
1527 2304 1606 2363 ut
1666 2297 1885 2363 acerbe
1946 2296 2192 2361 dictum
2243 2302 2339 2361 est
2385 2294 2602 2370 Ἑλένη
2655 2318 2741 2360 νιν
2788 2292 2966 2359 ὤλεσ’

582 2405 686 2469 οὐκ
735 2404 895 2482 ἐγώ,
944 2407 1038 2469 ita
1083 2403 1324 2489 duplici
1372 2405 1498 2469 ista
1544 2403 1817 2469 Helenes
1856 2405 2176 2468 mentione
2217 2407 2389 2466 totus
2425 2421 2645 2467 versus
2683 2400 2967 2489 languet.

581 2506 785 2576 Credo
849 2510 1219 2595 Euripidem
1286 2510 1643 2597 scripsisse:
1706 2509 1934 2590 Κύπρις
1999 2534 2081 2574 νιν
2148 2507 2346 2585 (ἕλκ’,
2405 2509 2514 2572 οὐκ
2558 2507 2724 2591 ἐγώ,
2771 2509 2968 2584 μήτηρ

579 2639 650 2680 τε
698 2616 811 2700 σή,
860 2615 1087 2681 deinde
1132 2616 1212 2682 ab
1258 2615 1454 2682 sciolo
1501 2617 2005 2702 suprascriptum
2055 2613 2272 2688 Ἑλένη
2322 2616 2391 2678 in
2439 2612 2716 2680 alienam
2757 2613 2965 2679 sedem

576 2723 931 2807 irrepsisse,
983 2727 1047 2787 et
1093 2746 1199 2798 τε,
1249 2724 1563 2788 sententia
1611 2720 2008 2808 postulante,
2056 2723 2123 2784 in
2170 2720 2231 2786 δὲ
2282 2725 2609 2785 mutatum
2659 2739 2816 2784 esse.

669 2827 1287 2913 Frequentissimum
1328 2828 1445 2894 hoc
1484 2849 1620 2894 esse
1665 2831 1902 2893 vitium
1944 2827 2269 2904 dicebam;
2314 2846 2499 2911 saepe
2539 2827 2713 2890 enim
2738 2846 2960 2890 nomen

578 2936 908 3021 proprium
972 2933 1230 3020 aliquod
1277 2936 1782 3020 suprascriptum
1833 2932 2010 2999 aliud
2055 2954 2285 2999 nomen
2333 2931 2438 2998 vel
2484 2935 2815 3017 proprium
2865 2930 2962 2997 vel

576 3039 1037 3126 appellativum
1096 3040 1365 3125 expulit.
1458 3041 1698 3116 Nem0‚
1748 3060 1854 3105 me
1893 3039 2149 3125 judice,
2197 3037 2429 3103 melius
2477 3059 2732 3104 vorsum
2784 3036 2963 3103 Euri·

578 3147 839 3234 pideum
906 3146 1025 3212 hoe
1085 3148 1307 3212 morbo
1388 3149 1639 3213 sanavit
1713 3166 1905 3231 quam
1976 3143 2347 3211 Maximinus
2398 3140 2449 3230 ¹)
2473 3190 2489 3222 ‚
2552 3147 2665 3228 qui
2711 3164 2962 3209 versum

574 3273 759 3339 saepe
806 3259 1124 3318 tentatum
1172 3251 1350 3337 (Hel.
1403 3251 1560 3338 587)

939 3365 1065 3432 πῶς
1115 3354 1212 3423 οὖν
1259 3358 1335 3423 ἂν
1383 3356 1594 3425 ἐνθάδ’
1645 3353 1791 3432 ἦσθ’
1844 3356 1922 3421 ἂν
1969 3359 2030 3421 ἐν
2077 3355 2268 3440 Τροίᾳ
2317 3353 2384 3420 θ’
2435 3350 2615 3434 ὅμως

573 3467 829 3534 tandem
880 3465 1220 3551 aliquando
1266 3467 1360 3531 ita
1407 3467 1715 3532 correxit:

940 3578 1067 3646 πῶς
1116 3569 1212 3639 οὖν
1262 3570 1379 3651 ἅμ’
1428 3570 1645 3637 ἐνθάδ’
1693 3567 1837 3646 ἦσθ’
1886 3571 1946 3634 ἐν
2000 3567 2162 3650 Ἰλίῳ
2211 3567 2276 3635 θ’
2328 3568 2504 3648 οἴμας

571 3679 707 3747 Nec
751 3679 997 3745 minore
1034 3680 1179 3765 jure
1226 3678 1566 3745 Poasonus
1616 3678 1829 3744 versui
1876 3675 2122 3756 ἀμέτρῳ
2171 3678 2239 3741 in
2298 3676 2502 3741 Oreste
2553 3674 2759 3741 1535:

766 3781 1073 3862 σύγγονόν
1119 3789 1178 3848 τ’
1228 3784 1380 3863 ἐμὴν
1428 3783 1729 3859 Πυλάδην
1776 3806 1845 3847 τε
1893 3781 1996 3846 τὸν
2043 3782 2197 3847 τάδε
2245 3779 2588 3863 ξυνδρῶντά
2636 3806 2741 3861 μοι

571 3892 665 3958 ita
702 3893 957 3978 justum
1004 3898 1290 3956 metrum
1338 3889 1653 3957 reddidit:
1704 3912 1765 3958 ο.
1813 3914 1874 3956 τ.
1923 3890 1973 3954 ἐ.
2021 3891 2218 3971 τρίτον
2268 3913 2339 3954 τε
2389 3889 2542 3969 xri„
2592 3889 2707 3955 ubi
2752 3897 2967 3956 tamen

571 3996 801 4064 malim
850 3997 1036 4078 Φίλον
1084 4021 1176 4062 τε.

664 4103 910 4171 Eodem
958 4103 1149 4171 modo
1193 4105 1260 4168 in
1309 4103 1662 4168 Heraclidis
1708 4123 1803 4169 vs.
1854 4100 2022 4169 990:

1035 4209 1192 4276 ἄλλ’
1243 4209 1357 4275 εἴτ’
1407 4208 1657 4292 ἔχρῃζον
1707 4208 1832 4274 εἴτε
1880 4210 2008 4287 μή,
2057 4207 2200 4283 θεὸς
2250 4209 2375 4291 γὰρ
2427 4206 2525 4286 ἦν,

644 4442 699 4508 1)
734 4440 1008 4506 Euripidem.
1044 4438 1395 4488 Textkritische
1428 4438 1628 4488 Studien
1662 4454 1754 4488 von
1782 4438 2017 4503 Siegfried
2048 4437 2256 4488 Mekler.
2282 4437 2433 4486 Wien.
2466 4438 2519 4487 C.
2557 4438 2799 4503 Konegcn.
2820 4437 2961 4489 1879.
