3192 5017
1432 284 1730 345 mmmm.
2667 264 2797 333 443

1206 458 1447 523 Dianae
1490 481 1692 523 eumue
1736 464 1802 522 in
1830 459 1968 540 fide
1985 505 2001 536 ,

416 565 508 628 sic
554 562 682 629 dici
728 570 1001 649 poterat:

1191 671 1482 734 Toiteu'ai
1526 692 1727 734 summ
1771 674 1836 732 in
1867 670 2022 753 fide.

504 773 744 840 Reiicit
811 775 975 841 hanc
1043 778 1577 861 comparationem
1650 774 1895 841 lemm-
1911 821 1927 852 ,
1992 777 2102 859 qui
2166 775 2373 840 adhuc
2437 776 2669 840 frustm
2728 799 2794 843 se

415 900 712 962 quaerere
769 881 925 946 dicit
982 881 1368 948 vocabulum
1432 879 1799 968 significans
1861 886 1974 945 aut
2024 881 2408 957 „Schiitzerin
2453 884 2560 946 der
2604 882 2793 964 Junq-

404 985 602 1071 fraff
651 992 764 1051 aut
814 987 1165 1063 „Edeba-in
1207 988 1534 1068 anzeitiqer
1578 986 1949 1050 Manlicker
1994 986 2346 1067 Beyierde.‘’
2439 987 2594 1052 Erat
2638 987 2792 1053 haec

415 1090 625 1157 hercle
691 1092 1144 1177 intempestiva
1203 1092 1406 1158 libido
1465 1095 1534 1156 in
1600 1113 1773 1157 sacro
1832 1090 2220 1157 novemdiali
2278 1113 2489 1158 coram
2536 1091 2686 1159 Iove
2732 1098 2798 1158 et

415 1194 707 1262 Saturno.

508 1302 809 1389 Legitur:

1139 1427 2058 1476 nonnosmnrnonnmmou.

414 1519 479 1579 et
542 1516 868 1598 quaeritur
929 1516 1082 1600 quid
1127 1518 1212 1581 sit
1258 1533 1589 1585 namon.
1686 1516 1857 1585 Fieri
1902 1537 2026 1581 non
2074 1535 2253 1600 posse
2300 1522 2375 1580 ut
2419 1517 2505 1581 sit
2550 1518 2633 1590 εἰς
2684 1519 2793 1593 τὴν

414 1627 602 1701 χεῖρα
665 1623 1069 1686 consentiunt
1116 1642 1353 1687 omnes.
1450 1620 1619 1701 Quid
1667 1629 1764 1685 est
1807 1618 2051 1708 igitur?
2099 1622 2194 1686 Ex
2243 1623 2520 1689 carmine
2566 1622 2791 1689 Saliari

414 1725 679 1791 affertur
742 1748 952 1790 mmm
994 1751 1075 1787 :-
1117 1728 1317 1791 bonu-³.
1393 1726 1637 1793 Ioanni
1700 1729 1904 1813 igitur
1963 1729 2322 1810 suspicatur
2385 1751 2610 1793 mamm
2658 1750 2791 1794 esse

412 1833 704 1897 neutrius
764 1834 1017 1918 generis
1079 1832 1359 1910 τάγαθόν
1418 1834 1570 1909 „dae
1622 1832 1821 1897 δίαιθ’
1871 1837 1935 1896 et
1981 1834 2070 1896 sic
2116 1834 2412 1911 εὐφήμως
2463 1841 2528 1897 et
2584 1835 2792 1897 Orcum

413 1942 478 2002 et
516 1937 776 2024 inferias
813 1936 1191 2025 significare.
1235 1937 1545 2015 „Manum
1591 1939 1752 2002 kann
1779 1975 1862 1984 -
1890 1939 2332 2020 euphemistiech
2376 1939 2529 2015 „das
2553 1937 2791 2018 Gute'’,

412 2044 521 2107 das
570 2043 957 2108 Todtenreich
1002 2046 1133 2109 und
1180 2044 1584 2131 Todtenopfer
1632 2045 1910 2108 bede-ude!
1954 2042 2208 2107 haben.”

504 2148 576 2212 In
637 2169 710 2213 eo
772 2169 1026 2233 peccare
1083 2149 1286 2214 solent
1333 2156 1407 2214 ut
1452 2150 1561 2214 ubi
1612 2151 1698 2213 sit
1744 2150 2119 2214 tenuissima
2164 2148 2612 2217 similitudinis
2657 2172 2794 2237 spe-

413 2256 539 2319 cies
584 2254 691 2319 vel
737 2255 966 2319 umbra
1011 2257 1219 2319 inanis
1263 2253 1438 2320 illico
1488 2254 1674 2339 plane
1725 2256 1896 2320 idem
1945 2276 2078 2319 esse
2124 2259 2189 2319 et
2237 2259 2593 2339 promiscue
2640 2260 2789 2341 poni

412 2382 593 2445 posse
657 2361 1057 2426 arbitrentur.
1156 2360 1261 2427 Sic
1322 2361 1601 2439 τάγαθόν
1664 2362 1836 2431 idem
1886 2370 1983 2426 est
2027 2361 2196 2446 quod
2254 2361 2439 2425 Orcus
2483 2369 2548 2426 et
2593 2362 2789 2428 simul

412 2467 583 2533 idem
636 2471 733 2531 est
776 2466 942 2551 quod
989 2468 1287 2551 inferiae:
1333 2470 1548 2552 itaque
1594 2485 1906 2533 Rumon
1941 2474 2035 2533 est
2065 2469 2216 2554 fiere
2261 2467 2673 2554 Todtenopfer.
2707 2508 2780 2517 —
2815 2498 2830 2507 ·

412 2573 599 2636 Danu
646 2574 757 2655 ist,
806 2574 993 2638 denke
1035 2574 1166 2652 ich,
1214 2576 1368 2638 alles
1413 2575 1480 2637 in
1538 2573 1892 2655 Ordnun9.''
1989 2573 2225 2639 Omnia
2271 2574 2427 2638 haec
2461 2577 2793 2640 arbitraria

411 2686 561 2743 sunt
613 2686 678 2744 et
724 2685 1013 2766 pugnant
1060 2700 1207 2747 cum
1258 2679 1554 2766 analogia
1600 2694 1665 2744 et
1711 2680 1952 2745 ratione
1999 2687 2065 2744 et
2109 2700 2230 2744 usu
2276 2678 2613 2765 loquendi,
2669 2701 2790 2745 non

411 2787 628 2850 minus
690 2805 882 2871 quam
949 2793 1107 2850 stare
1153 2787 1486 2852 transitive
1533 2788 1817 2870 positum
1864 2805 1977 2870 pro
2023 2786 2235 2849 sistere
2254 2834 2268 2856 ‚
2322 2786 2435 2849 ubi
2483 2787 2798 2853 sententia

412 2894 679 2978 requirit
711 2915 957 2975 ponere.

499 2998 574 3063 In
637 2998 792 3063 haec
839 3002 1052 3064 omnia
1101 2999 1371 3083 quadrat
1417 3000 1661 3065 dictum
1711 2997 1958 3064 Comici
2006 2995 2277 3080 Gallici,
2325 3018 2449 3082 quo
2497 3017 2683 3062 nemo
2730 3003 2794 3061 et

409 3102 671 3169 facetior
714 3108 780 3169 et
826 3106 1037 3169 sanior
1082 3107 1147 3169 in
1196 3106 1383 3170 terris
1426 3104 1586 3180 fuit,
1637 3125 1763 3169 uno
1809 3102 2119 3169 vocabulo
2168 3109 2458 3169 mutato:

823 3210 1144 3293 Comparer
1190 3208 1327 3275 c’est
1373 3208 1635 3293 l'emploi
1681 3211 1756 3273 de
1798 3217 1960 3274 toute
2003 3231 2098 3271 ma
2144 3213 2367 3272 maison

816 3322 872 3380 et
918 3316 984 3378 la
1029 3316 1431 3398 comparaison
1479 3338 1550 3380 en
1599 3321 1807 3379 haunit
1854 3317 1918 3380 la
1963 3320 2179 3379 raison.

498 3523 642 3591 Non
690 3546 976 3610 premam
1029 3527 1299 3612 denique
1347 3529 1771 3612 suspicionem
1792 3576 1810 3600 ,
1859 3547 2020 3611 quae
2059 3526 2225 3591 mihi
2267 3525 2609 3614 diligenter
2644 3528 2798 3593 haec

409 3633 625 3697 omnia
686 3633 1108 3699 consideranti
1171 3635 1444 3699 subnata
1500 3640 1614 3699 est.
1712 3632 1976 3718 Saepius
2021 3637 2088 3698 in
2135 3633 2323 3700 Italia
2367 3640 2432 3699 et
2476 3655 2795 3699 nonnum-

326 3810 339 3820 ,
409 3755 603 3820 quam
665 3739 863 3803 etiam
928 3745 1105 3805 extra
1163 3738 1424 3804 Italiam
1487 3740 1728 3805 factum
1778 3743 1874 3803 est
1920 3746 1995 3805 ut
2038 3741 2478 3825 inscriptiones
2524 3744 2796 3805 circum-

409 3841 724 3906 ferrentur
792 3846 1043 3928 spuriae
1112 3850 1226 3911 aut
1299 3865 1410 3929 per
1482 3847 1696 3910 iocum
1768 3849 1881 3909 aut
1941 3847 2020 3910 ab
2081 3845 2535 3930 impostoribus
2592 3843 2795 3911 fictae.

414 3945 581 4012 Ante
630 3946 744 4012 hos
789 3968 1023 4032 paucos
1070 3969 1262 4014 annos
1309 3952 1377 4013 in
1426 3952 1633 4034 patria
1679 3954 1896 4017 nostra
1940 3970 2158 4015 scurra
2203 3938 2604 4035 nescioquis
2650 3970 2797 4035 pro-

412 4052 567 4117 tulit
652 4055 1128 4138 inscriptionem
1216 4056 1450 4120 litteris
1517 4054 1788 4119 Runicis
1858 4062 2225 4140 conceptam
2248 4106 2266 4129 ,
2340 4058 2522 4119 cuius
2591 4055 2801 4139 prima

413 4159 606 4224 verba
651 4166 831 4224 erant
878 4178 1001 4225 om
1047 4165 1111 4225 et
1155 4176 1348 4225 nomn
1394 4166 1507 4224 aut
1552 4178 1771 4226 somn.
1870 4159 2026 4240 Quis
2074 4163 2450 4226 nostratium
2500 4181 2623 4225 non
2665 4182 2798 4227 me·

413 4266 608 4329 minit
652 4264 863 4330 ridens
909 4270 1216 4350 quantum
1256 4268 1646 4351 ineptiarum
1695 4265 1811 4331 illa
1857 4268 2186 4350 inscriptio
2232 4269 2561 4351 pepererit,
2604 4268 2800 4332 donec

417 4370 671 4436 tandem
736 4371 925 4436 KBRN
988 4380 1198 4437 noster
1243 4371 1685 4437 sollertissime
1735 4372 2021 4437 fraudem
2072 4372 2526 4457 deprehendit?
2619 4375 2801 4439 Idem
