3192 5017
570 276 701 343 140
1589 298 1951 347 nuan’mm.

1113 469 1350 549 Θρῄκης
1397 447 1630 534 ἄνακτι,
1670 470 1840 535 τόνδε
1886 471 2229 549 βουλεῦσαι
2278 473 2479 554 φόνον.

653 677 954 745 Narrabit
1012 680 1422 767 Polymestor
1469 683 1788 767 quomodo
1836 683 2038 749 oculis
2086 687 2378 770 privatus
2426 688 2512 751 sit
2558 688 2639 752 ab
2686 688 2942 752 circum·

559 786 876 851 stantibus
923 790 1233 853 matronis
1278 786 1605 874 ‘ProJanis‚
1656 810 1752 854 vs.
1808 790 2020 855 1155:

926 895 1160 961 πολλαὶ
1211 895 1276 959 δὲ
1318 897 1523 976 χειρὸς
1574 897 1642 959 αἱ
1689 897 1802 972 μὲν
1854 894 1923 972 ἐξ
1968 899 2253 977 ἀριςερᾶς
2278 946 2296 974 ,

925 1001 993 1066 αἱ
1042 1002 1094 1066 δ’
1142 999 1352 1086 ἔνθεν,
1401 1005 1480 1071 ὥς
1528 1002 1600 1075 δὴ
1647 1003 1821 1081 παρὰ
1869 1003 2071 1084 Φίλῳ,
2117 1003 2333 1082 Τρώων
2380 1004 2548 1085 κόραι

925 1105 1142 1180 θάκους
1188 1108 1488 1193 ἔχουσαι,
1536 1109 1762 1190 κερκίδ’
1810 1110 2074 1182 Ἠδωνῆς
2121 1111 2303 1191 χερός

926 1215 1132 1297 ᾔνουν,
1184 1214 1288 1280 ὑπ’
1335 1216 1548 1293 αὐγὰς
1593 1214 1801 1287 τούςδε
1855 1217 2225 1282 λεύσσουσαι
2276 1219 2588 1290 πέπλους·

922 1319 1124 1387 ἄλλαι
1171 1322 1235 1387 δὲ
1284 1323 1633 1398 κάμακα
1681 1324 2041 1404 Θρῃκίαν
2089 1326 2382 1400 θεώμεναι

921 1427 1158 1506 γυμνόν
1204 1428 1276 1505 μ’
1324 1426 1559 1503 ἔθηκαν
1609 1427 1918 1509 διπτύχου
1965 1429 2365 1508 ςολιό·ματος.

560 1532 859 1618 Primum
921 1533 1222 1600 mulieres
1285 1534 1774 1600 admirationem
1825 1533 2204 1600 simulantes
2252 1534 2502 1613 ἱμάτιον
2550 1558 2931 1623 purpureum

560 1646 625 1705 et
671 1638 895 1727 figuris
942 1638 1276 1707 artificiose
1323 1642 1648 1706 intextum
1696 1647 2116 1725 suspexerunt,
2166 1662 2314 1707 nam
2367 1642 2646 1709 Romani
2691 1645 2761 1710 id
2808 1665 2938 1730 pro·

558 1748 698 1832 prio
752 1745 1062 1813 vocabulo
1121 1749 1438 1832 suspicere
1482 1746 1843 1831 appellant,
1892 1750 1948 1811 si
1993 1747 2252 1833 singula
2297 1748 2479 1815 velut
2525 1750 2605 1815 ad
2651 1750 2807 1816 solis
2851 1771 2938 1817 ra·

558 1853 696 1918 dios
735 1853 1025 1938 opposita
1063 1853 1378 1938 expendas
1420 1859 1485 1918 et
1518 1874 1668 1918 vere
1714 1853 2040 1936 suspicias,
2089 1854 2256 1938 quod
2297 1852 2533 1920 Graece
2575 1856 2815 1921 dicitur
2839 1856 2937 1922 ὑπ’

559 1959 772 2037 αὐγὰς
821 1962 1196 2024 ἀνασκοπεῖν
1243 1958 1347 2025 vel
1392 1956 1711 2036 θεᾶσθαι,
1762 1960 1841 2025 de
1888 1980 2013 2044 qua
2058 1958 2378 2025 locutione
2416 1959 2942 2029 Hemsterhusius

560 2070 626 2130 et
679 2064 1104 2132 Ruhnkenius
1166 2072 1435 2153 egerunt
1500 2067 1580 2130 ad
1628 2065 1965 2130 Timaeum
2017 2087 2079 2151 p.
2121 2064 2275 2129 265.
2370 2066 2618 2133 Deinde
2664 2067 2944 2155 legimus

556 2191 663 2237 eas
725 2170 1069 2239 admiratae
1133 2171 1328 2237 fuisse
1385 2171 1762 2236 Thracicam
1811 2172 2076 2254 hastam,
2125 2171 2291 2255 quod
2343 2172 2750 2239 barbarorum
2810 2174 2943 2261 regi

558 2281 936 2364 suspicionis
996 2278 1257 2365 plenum
1325 2277 1549 2343 debuit
1610 2278 1848 2353 videri,
1913 2298 2062 2343 nam
2123 2279 2242 2342 hae
2307 2299 2546 2344 merces
2592 2279 2953 2345 mulierum.

557 2387 803 2451 animos
862 2405 983 2451 non
1037 2389 1332 2471 tangunt.
1426 2383 1763 2448 Praeterea
1811 2404 2108 2468 quaerere
2145 2386 2334 2469 juvat
2378 2406 2492 2450 cur
2541 2384 2943 2473 Polymestor

555 2492 839 2558 nondum
901 2492 1250 2577 quidquam
1312 2491 1466 2554 mali
1531 2491 1857 2574 suspicans
1917 2511 2068 2556 cum
2126 2489 2310 2555 hasta
2354 2492 2699 2556 tentorium
2750 2495 2941 2558 intra·

553 2600 742 2664 verit.
834 2597 959 2663 Fac
1028 2601 1245 2661 autem
1317 2617 1461 2661 eum
1534 2596 1832 2661 habuisse
1900 2596 2187 2674 hastam,
2261 2616 2374 2661 cur
2437 2597 2739 2662 mulieres
2800 2599 2940 2664 dolo

557 2703 758 2769 telum
806 2703 1289 2779 subduxissent,
1338 2722 1463 2787 quo
1509 2709 1725 2767 tamen
1767 2722 1902 2766 sese
1940 2705 2006 2766 in
2049 2703 2237 2767 turba
2277 2705 2474 2768 tutari
2513 2724 2636 2769 non
2671 2711 2936 2790 poterat,

553 2809 862 2896 quamdiu
933 2808 1164 2873 Furiae
1234 2808 1386 2874 illae
1449 2829 1643 2893 prope
1705 2808 1784 2872 ad
1849 2805 2020 2873 latus
2087 2811 2226 2873 eius
2271 2807 2649 2874 adstabant?
2697 2809 2937 2886 Quodsi

556 2923 773 2982 autem
836 2917 1089 2981 hastam
1150 2913 1412 2991 habuit,
1475 2914 1706 2979 habuit
1768 2933 2018 2998 quoque
2074 2913 2407 3001 gladium,
2458 2937 2605 2982 nam
2656 2926 2938 2983 armatus

553 3022 742 3089 miles
796 3023 974 3107 prius
1036 3028 1228 3107 ponet
1286 3020 1536 3086 hastam
1597 3042 1788 3105 quam
1857 3041 2054 3086 manu
2119 3027 2327 3098 tenet,
2392 3042 2581 3106 quam
2643 3022 2932 3110 gladium

555 3149 680 3215 quo
743 3128 987 3194 cinctus
1053 3132 1169 3192 est.
1262 3126 1368 3191 Fit
1432 3132 1641 3192 tamen
1692 3125 1895 3214 gladii
1944 3125 2124 3191 nulla
2169 3128 2444 3212 menti03
2493 3149 2608 3194 nec
2658 3132 2932 3206 mirum,

553 3255 755 3321 quum
825 3235 1090 3299 inermis
1158 3232 1459 3299 Hecubae
1528 3254 1641 3298 rex
1703 3255 1768 3299 se
1826 3235 2257 3311 commiserit,
2324 3234 2490 3318 quod
2551 3238 2686 3320 ipse
2748 3257 2935 3322 supra

554 3344 710 3409 satis
769 3341 1080 3406 indicavit
1139 3342 1425 3426 rogitans
1469 3361 1567 3406 vs.
1625 3338 1836 3406 1017:
1886 3339 2103 3404 τᾶνδον
2149 3339 2212 3403 δὲ
2259 3341 2416 3408 orte-02
2466 3340 2765 3420 κῶρσένων
2810 3344 2933 3422 {pn-

555 3446 710 3532 μίας
759 3446 972 3513 Etiam
1022 3448 1225 3511 maior
1272 3445 1615 3512 difficultas
1663 3454 1757 3511 est
1802 3449 1868 3510 in
1909 3467 1999 3510 vs.
2046 3444 2241 3522 1156,
2284 3467 2433 3511 nam
2474 3448 2655 3513 hasta
2689 3455 2935 3534 arrepta

554 3552 857 3620 mulieres
901 3553 1231 3617 hominem
1283 3552 1692 3619 reddiderunt
1741 3553 1973 3631 γυμνὸν
2022 3553 2325 3634 διπτύχου
2367 3555 2782 3633 :aalma-roc,
2828 3555 2931 3621 sed

554 3661 631 3728 de
676 3658 921 3746 duplici
966 3661 1351 3725 vestimento
1397 3659 1679 3724 nondum
1722 3660 2068 3744 quidquam
2111 3660 2499 3726 audivimus.
2593 3660 2759 3727 Mihi
2800 3666 2934 3747 qui·

555 3766 700 3834 dem
766 3770 1165 3850 compertum
1213 3771 1309 3830 est
1356 3785 1478 3830 non
1527 3766 1779 3831 hastam
1821 3765 2284 3852 Polymestoris
2332 3766 2438 3831 sed
2488 3768 2783 3845 tunicam,
2832 3793 2930 3851 χι·

553 3882 749 3959 τῶνα,
793 3871 1097 3938 mulieres
1144 3873 1543 3958 corripuisse;
1600 3876 1791 3957 atque
1839 3874 1930 3937 sic
1970 3873 2176 3937 factus
2212 3878 2307 3937 est
2347 3875 2581 3951 γυμνὸς
2626 3873 2929 3955 διπτύχου

553 3981 954 4058 ςολίσματος.
1006 3977 1100 4043 De
1148 3979 1285 4063 ipsa
1333 3999 1398 4042 re
1445 3977 1616 4044 haud
1664 3978 1851 4044 facile
1898 3981 2040 4063 quis
2089 3979 2408 4066 ambigat3
2454 3980 2522 4044 id
2562 3980 2928 4063 videndum,

552 4088 785 4175 quibus
830 4085 1043 4152 verbis
1090 4091 1276 4169 poeta
1322 4105 1475 4150 usus
1522 4088 1997 4162 enunciaverit,
2045 4084 2211 4170 quod
2261 4106 2413 4151 sana
2458 4089 2622 4151 ratio
2663 4086 2929 4174 flagitat.

550 4193 976 4262 Barbarorum
1040 4196 1133 4256 est
1178 4193 1495 4257 manicata
1543 4195 1795 4261 tunica.
1849 4211 2041 4276 quam
2092 4190 2312 4255 κάνδυν
2359 4191 2699 4276 appellant.
2794 4191 2930 4257 Suf-

551 4301 684 4368 ficit
745 4320 943 4364 unum
1000 4297 1209 4363 locum
1263 4287 1507 4372 afferre,
1561 4301 1625 4361 in
1680 4319 1803 4381 quo
1852 4300 2007 4360 satis
2056 4305 2151 4362 est
2198 4298 2495 4382 praesidii
2542 4298 2624 4362 ad
2672 4300 2930 4382 proban·

552 4409 708 4476 dum
757 4405 820 4470 id
869 4403 1034 4489 quod
1081 4402 1247 4469 volo.
1346 4404 1418 4466 ln
1466 4401 1861 4489 Cyropaedia
1907 4402 2082 4468 V111.
2137 4403 2197 4467 3.
2254 4404 2337 4467 10
2381 4425 2681 4489 pompam
2728 4405 2929 4469 Xeno·
