3192 5017
1214 296 1608 346 nsono‘rus.
2478 280 2556 343 41
2572 278 2605 343 1

209 468 401 533 illam
448 468 651 552 ipsam
702 489 834 534 esse
882 468 1188 537 Herodoti
1238 491 1499 535 manum
1526 518 1542 545 ,
1591 469 1700 534 sed
1742 468 1895 553 quid
1928 468 2201 554 impedit
2244 489 2368 552 quo
2393 471 2610 535 minus

210 575 663 638 existimemus
728 575 1088 640 Bentleium
1144 576 1335 642 illum
1377 574 2152 659 Constantinopolitanum
2193 577 2302 660 qui
2349 578 2612 652 „oratio-

212 682 316 743 nis
378 680 753 744 Ilerodoteae
799 684 1200 766 proprietates
1266 689 1331 745 in
1372 683 1586 764 paucis
1633 683 1884 745 callebat
1929 682 2227 765 multaque
2274 705 2346 745 ea·
2393 683 2608 746 intima

213 789 348 851 eius
406 789 607 851 indole
667 790 971 853 subtiliter
1036 789 1399 853 observavi?
1461 787 1671 873 (Stein
1723 809 1867 874 pag.
1917 787 2180 873 XXIX)
2228 791 2295 852 in
2344 788 2610 854 eandem

212 896 641 978 suspicionem
706 893 1037 961 incidisse?
1109 885 1385 961 Tantum
1450 895 1659 960 abfuit
1705 895 1896 958 homo
1945 895 2023 958 ab
2072 893 2185 959 illa
2234 896 2610 961 observandi

212 999 612 1083 subtilitate,
660 1009 733 1065 ut
779 1003 843 1064 in
894 1001 1109 1067 eodem
1164 1000 1302 1067 loco
1349 1003 1601 1088 insigne
1646 1002 1938 1065 inscitiae
1977 1002 2294 1084 specimen
2339 1002 2611 1067 ediderit

213 1125 290 1171 ac
340 1105 555 1190 palam·
602 1107 819 1172 fecerit
868 1129 933 1173 se
982 1108 1274 1171 orationis
1320 1100 1694 1171 Herodoteae
1728 1106 2128 1188 proprietates
2178 1108 2446 1171 minime
2488 1108 2609 1171 cal-

214 1213 360 1276 lere.
431 1212 601 1289 λαβὲ
661 1214 730 1277 τὸ
792 1212 1081 1291 βιβλίον,
1141 1216 1552 1298 inspiciamus
1616 1212 1868 1289 locum;
1918 1211 2215 1278 videmus
2263 1216 2330 1276 in
2379 1212 2437 1277 R
2483 1234 2608 1278 non

214 1339 354 1383 esse
400 1321 750 1402 scriptum:
794 1316 983 1383 αὗται
1026 1321 1109 1383 αἱ
1151 1323 1353 1384 πᾶσαι
1395 1319 1528 1382 οὐδὲ
1570 1315 1808 1398 ἕτεραι,
1853 1317 1961 1383 sed
2005 1313 2192 1381 αὗται
2236 1328 2345 1382 OT
2381 1322 2606 1384 πᾶσαι.

213 1423 535 1489 Tenemus
605 1424 1124 1509 interpolatorem
1193 1426 1638 1501 manifestum;
1714 1426 1768 1488 si
1842 1426 2142 1488 orationis
2214 1423 2611 1491 Herodoteae

213 1532 669 1614 proprietatem
716 1533 1108 1596 observasset
1156 1531 1340 1596 facile
1387 1531 1752 1617 collegisset
1798 1552 1832 1595 e
1878 1530 2070 1612 locis,
2119 1551 2276 1615 quos
2319 1534 2612 1617 apposui-

216 1657 396 1719 ωηο,
448 1635 845 1702 Herodotum
897 1659 1010 1722 pro
1055 1638 1192 1704 οὔτε
1246 1638 1470 1713 ἡμίονοι
1519 1637 1659 1702 οὔτε
1704 1636 1854 1714 ὄνοι,
1905 1637 2041 1702 οὔτε
2095 1638 2162 1701 ἐκ
2208 1640 2442 1711 ταύτης
2467 1638 2609 1703 οὔτε

208 1741 287 1819 ἐξ
326 1740 526 1816 ἄλλης
571 1742 777 1808 dicere
816 1742 1014 1809 solere
1041 1744 1266 1820 ἡμίονοι
1308 1742 1438 1807 οὐδὲ
1481 1742 1631 1827 ὄνοι,
1674 1744 1742 1807 ἐκ
1781 1744 2016 1817 ταύτης
2061 1745 2191 1808 οὐδὲ
2228 1744 2296 1822 ἐξ
2318 1743 2520 1819 ἄλλης
2545 1748 2640 1812 et'

212 1851 360 1912 sim.
404 1849 571 1932 quod
611 1870 811 1932 quum
857 1850 1244 1914 semidoctus
1270 1854 1579 1915 corrector
1604 1851 1872 1914 nesciret
1897 1851 1972 1915 de
1997 1870 2110 1915 suo
2135 1851 2201 1915 οὐ
2228 1851 2608 1935 interposuit

212 1955 620 2037 ineptissimo
669 1954 838 2020 loco:
887 1952 1076 2020 αὗται
1131 1965 1243 2021 OT
1294 1961 1496 2019 πᾶσαι
1545 1957 1665 2021 οὐδ’
1713 1952 1933 2035 ἕτεραι.
1987 1956 2145 2022 Post
2191 1957 2346 2023 haec
2393 1961 2610 2023 omnia

212 2059 499 2124 nondum
571 2060 693 2125 loci
757 2064 1113 2127 emendatio
1177 2064 1450 2147 perfecta
1517 2069 1630 2127 est.
1728 2065 1947 2147 Aequo
2011 2067 2223 2129 animo
2288 2065 2607 2152 legimus:

212 2162 411 2230 αὗται
485 2168 551 2230 αἱ
625 2173 829 2231 πᾶσαι
900 2168 1024 2235 οὐδ’
1088 2165 1289 2248 ἕτεραι
1356 2207 1440 2218 -
1483 2179 1630 2245 μιῆς
1697 2169 1882 2243 τῆσδε
1950 2180 2114 2235 OTK
2159 2170 2355 2248 ἄξιαι.
2448 2171 2610 2246 Quis

214 2276 587 2357 praesertim
639 2274 1005 2338 admonitus
1053 2295 1173 2341 non
1215 2279 1408 2340 sentit
1450 2278 1678 2340 vitiose
1717 2276 2057 2342 admodum
2100 2278 2205 2341 οὐκ
2245 2273 2605 2342 abundare?

214 2378 539 2443 Graecum
590 2390 685 2443 est
730 2379 867 2444 οὔτε
919 2382 1141 2457 ἡμίονοι
1190 2380 1330 2445 οὔτε
1378 2382 1489 2445 ὄνοι
1532 2382 1901 2461 ἀνέχονται,
1946 2403 2069 2447 non
2111 2385 2217 2448 οὐκ
2255 2383 2607 2467 ἀνέχονται,

213 2491 332 2548 aut
378 2482 517 2549 οὔτε
570 2486 636 2548 ἐκ
683 2489 915 2560 ταύτης
968 2488 1108 2552 οὔτε
1158 2487 1222 2562 ἐξ
1272 2487 1474 2561 ἄλλης
1526 2488 1747 2556 παῖδες
1798 2489 2108 2565 ἐγένοντο,
2157 2510 2278 2553 non
2323 2490 2430 2553 οὐκ
2473 2490 2610 2566 ἐγέ-

212 2612 418 2663 νοντο,
494 2594 708 2676 itaque
778 2593 997 2665 eodem
1060 2594 1249 2658 modo
1313 2594 1685 2659 dicendum:
1746 2594 1887 2658 οὔτε
1950 2591 2141 2658 αὗται
2207 2594 2343 2660 οὔτε
2405 2594 2605 2673 ἕτεραι

212 2703 364 2773 μιῆς
436 2698 623 2769 τῆσδε
692 2696 904 2776 ἄξιαι,
969 2720 1091 2763 nou
1157 2701 1263 2763 οὐκ
1325 2698 1519 2773 ἄξιαι.
1615 2700 1794 2764 Idem
1860 2719 2030 2764 error
2090 2702 2467 2764 commissus
2514 2708 2611 2764 est

213 2800 328 2864 IV.
399 2801 507 2866 28.
571 2804 682 2867 ubi
746 2804 920 2868 Stein
986 2805 1220 2870 edidit:
1287 2806 1514 2880 ἡμίονοι
1578 2805 1644 2870 δὲ
1711 2807 1840 2871 οὐδὲ
1889 2806 2000 2870 ὄνοι
2057 2815 2223 2871 OTK
2278 2807 2610 2885 ἀνέχονται

214 2909 460 2985 ἀρχήν,
532 2910 643 2973 ubi
718 2910 982 2975 delenda
1051 2922 1146 2976 est
1216 2915 1494 2999 negatio.
1590 2912 1883 2977 Tertium
1949 2912 2167 2978 eodem
2234 2913 2422 2977 modo
2468 2933 2610 2996 pec·

214 3020 435 3079 catum
486 3020 581 3079 est
631 3015 750 3079 IX.
800 3016 921 3080 39:
971 3019 1021 3081 οἱ
1068 3017 1296 3096 Πέρσαι
1345 3020 1645 3098 ἀφειδέως
1698 3019 1975 3097 ἐφόνευον
2027 3020 2202 3103 [OT]
2265 3018 2608 3098 Φειδόμενοι

216 3119 360 3185 οὔτε
425 3122 754 3201 ὑποζυγίου
821 3123 1050 3195 οὐδενὸς
1120 3126 1258 3189 οὔτε
1305 3126 1646 3203 ανθρώπου,
1705 3126 1817 3190 ubi
1868 3125 1925 3189 R
1972 3127 2036 3189 οὐ
2088 3127 2331 3191 omittit
2349 3146 2365 3202 ;
2417 3146 2609 3210 quam

215 3233 390 3292 recte
453 3228 521 3290 hi
586 3227 711 3293 loci
777 3229 1218 3295 declarabunt:
1271 3231 1559 3317 Thucyd.
1615 3231 1726 3295 111.
1782 3231 1905 3297 74:
1956 3232 2299 3311 φειδόμενοι
2350 3230 2480 3297 οὔτ’
2534 3233 2615 3297 οἶ-

218 3333 395 3404 κείας
462 3332 591 3399 οὔτ’
654 3336 1011 3413 ἀλλοτρίας.
1060 3335 1196 3401 VII.
1249 3333 1365 3401 29:
1416 3336 1762 3417 Φειδόμενοι
1812 3338 1951 3402 οὔτε
1999 3337 2422 3417 πρεσβυτέρας
2470 3338 2613 3406 οὔτε

218 3438 511 3518 νεωτέρας
581 3441 841 3514 ἡλικίας.
912 3442 1202 3527 Xenoph.
1269 3444 1508 3508 Hellen.
1563 3443 1698 3508 VII.
1754 3446 1811 3508 1.
1864 3443 1987 3509 46:
2053 3444 2191 3509 οὔτε
2253 3451 2369 3509 τῶν
2433 3445 2615 3523 δημο-

219 3546 365 3609 σίων
414 3547 755 3624 χρημοὶτων
803 3548 941 3612 οὔτε
992 3555 1107 3613 τῶν
1157 3550 1321 3628 ἱερῶν
1369 3550 1735 3629 Φειδόμενοι.

314 3757 492 3824 Haec
537 3781 704 3824 nunc
753 3762 1011 3846 quidem
1062 3763 1383 3842 γεύματος
1432 3763 1619 3845 χάριν
1666 3764 1999 3832 sufficiant.

316 3971 627 4038 Herodoti
690 3974 851 4038 liber
916 3979 1214 4059 quintus,
1281 3985 1354 4042 ut
1400 3980 1622 4044 scribit
1669 3978 1847 4043 Stein
1898 3999 2042 4066 pag.
2093 3979 2216 4045 XI.
2265 3983 2333 4046 in
2383 3979 2613 4049 Codice

220 4079 283 4143 R
336 4101 513 4155 „casu
580 4080 782 4163 aliquo
828 4082 1194 4147 mter-cidit?
1284 4084 1531 4151 Mirum
1596 4093 1812 4150 autem
1862 4092 1959 4150 est
2005 4106 2197 4169 quam
2246 4091 2331 4152 sit
2382 4091 2447 4153 in
2495 4091 2615 4155 hoc

222 4191 362 4272 ipso
429 4185 592 4250 libro
641 4185 949 4251 Herodoti
1000 4194 1214 4253 textus
1260 4193 1570 4277 integrior
1618 4197 1680 4255 et
1729 4192 2121 4256 emendatior
2168 4214 2359 4277 quam
2411 4198 2477 4259 in
2525 4217 2618 4262 re·

221 4293 443 4377 liquis.
540 4291 664 4372 Qui
711 4314 887 4357 more
937 4293 1413 4361 Hemsterhusii
1458 4300 1626 4362 inter
1673 4296 2015 4383 legendum
2072 4306 2306 4381 „omnia
2365 4304 2449 4364 ad
2493 4326 2617 4367 cer·

226 4411 345 4462 tam
406 4422 603 4463 rerum
664 4406 1055 4484 sermonisque
1100 4425 1359 4466 normam
1407 4406 1591 4484 eaeiyit
1613 4456 1627 4480 ,
1680 4405 1947 4487 dffcilic
1969 4456 1983 4483 ‚
2035 4408 2344 4490 auspicum,
2394 4432 2617 4493 semper
