3192 5017
1207 306 1564 354 nummum.
2445 286 2577 353 285

195 488 320 550 πῶς
384 477 462 543 ἄν
524 480 582 543 σ’
652 477 1047 557 ἐπαινέσαιμι
1115 481 1202 557 μὴ
1267 479 1409 543 λίαν
1473 477 1683 555 λόγοις
1747 478 1894 554 μηδ’
1962 479 2160 553 ἐνδεὴς
2211 478 2374 545 τοῦδ’
2425 480 2580 543 oin-0-

194 586 451 664 λέσαιμι
500 590 610 660 τὴν
657 586 878 666 χάριν·
928 587 1094 671 quod
1143 591 1320 652 extra
1368 592 1649 652 metrum
1691 585 1982 652 additum
2019 593 2116 652 est
2147 591 2344 671 φεῦ,
2386 607 2577 672 quam

195 693 426 760 vellem
498 696 692 758 etiam
765 698 943 759 extra
1014 698 1289 768 textum,
1364 694 1483 758 hoc
1554 698 1651 757 est
1720 694 1788 758 in
1847 694 2212 781 marginem
2273 692 2577 781 relegare.

191 798 358 865 Sunt
397 798 713 865 eiusmodi
757 798 881 864 loci
929 798 1138 865 multo
1184 798 1431 885 plures:
1482 800 1816 864 continebo
1864 820 1969 863 me
2015 801 2186 864 intra
2233 797 2577 865 Electram.

194 904 311 970 Vs.
352 903 486 970 262
536 904 755 971 laudat
802 904 1056 971 Orestes
1101 908 1412 971 maritum
1460 907 1719 971 sororis:
1774 910 2054 983 γενναῖον
2102 904 2267 986 ἄνδρ’
2319 902 2579 983 ἔλεξας,

194 1007 260 1076 εὖ
330 1035 403 1077 τε
473 1010 756 1096 δρας-ἔον,
819 1012 929 1078 sed
993 1032 1074 1077 ne
1135 1011 1635 1077 admirabundus
1695 1012 1956 1098 quidem
2003 1017 2173 1078 recte
2221 1012 2593 1078 exclamare.

196 1120 409 1204 potuit
455 1122 555 1199 φε
577 1123 630 1183 ὖ.
697 1118 927 1184 Paucis
975 1116 1308 1185 versiculis
1354 1123 1496 1204 post
1542 1116 1876 1204 profitetur
1922 1119 2146 1207 virago
2194 1139 2259 1185 se
2304 1124 2579 1184 matrem

195 1222 547 1291 interficere
618 1224 819 1301 velle,
893 1227 999 1290 cui
1069 1223 1353 1301 Orestes,
1426 1231 1527 1302 Φε
1552 1230 1624 1302 ῦ,
1700 1226 1947 1308 inquit,
2016 1221 2141 1289 εἴθ’
2209 1218 2276 1296 ἦν
2325 1222 2582 1304 ’Opis-nc

197 1332 456 1405 πλησίον
517 1332 717 1396 κλύων
763 1330 936 1395 τάδε.
1031 1330 1176 1396 Non
1223 1330 1437 1396 minus
1483 1333 1697 1416 inepte
1740 1352 1830 1397 νε.
1886 1329 2016 1398 367
2064 1330 2238 1396 idem
2288 1330 2583 1415 OresteS,

195 1445 524 1523 conspecto
586 1440 822 1503 rustico
884 1440 996 1522 qui
1057 1439 1235 1502 iussu
1301 1437 1599 1524 Aegisthi
1656 1436 1979 1503 Electram
2035 1437 2336 1505 duxerat:
2387 1442 2581 1521 φεῦ·

196 1547 334 1610 ούκ
397 1543 487 1614 ἔς’
555 1544 806 1624 ἀκριβὲς
865 1544 1030 1609 οὐδὲν
1096 1545 1178 1615 εἰς
1230 1544 1568 1624 εὐανδρίαν.
1662 1544 1911 1610 Addere
1956 1565 2218 1629 possum
2264 1565 2358 1612 νε.
2411 1542 2581 1622 968,

197 1650 356 1718 alios
400 1650 571 1716 locos
592 1699 606 1721 ‚
657 1651 765 1716 sed
813 1649 978 1715 nihil
1023 1670 1181 1735 opus
1228 1656 1344 1715 est.
1408 1648 1613 1724 Satis,
1663 1652 1922 1735 opinor,
1972 1658 2231 1737 apparet
2277 1652 2380 1717 his
2426 1651 2583 1718 locis

196 1756 579 1842 particulam
643 1776 847 1842 neque
909 1756 1417 1844 indignationem
1441 1805 1459 1840 ,
1526 1776 1731 1841 neque
1793 1758 2318 1842 admirationem,
2381 1778 2585 1844 neque

198 1865 817 1928 commiserationem
876 1861 1155 1927 indicare
1217 1881 1414 1946 posse.
1511 1861 1587 1927 Id
1650 1883 1775 1928 non
1823 1862 2151 1952 intelligO,
2202 1864 2371 1930 unde
2419 1862 2583 1929 illud

197 1973 325 2047 φεῦ
376 1971 565 2035 toties
611 1972 678 2034 in
730 1974 978 2034 textum
1030 1968 1256 2052 pedem
1307 1965 1619 2033 intulerit.
1695 1966 1819 2034 Sed
1866 1971 2062 2035 etiam
2114 1969 2216 2034 ναί
2262 1970 2583 2035 interdum

199 2074 620 2160 interpolatur
681 2073 883 2141 veluti
949 2073 1249 2138 Androm.
1317 2071 1471 2137 240.
1534 2072 1612 2137 cf.
1674 2070 1893 2140 Cobet.
1942 2085 2086 2160 post
2132 2073 2308 2141 Orat.
2357 2074 2580 2163 Inaug.

197 2203 260 2268 p.
317 2179 468 2247 138.

289 2407 566 2474 Etiamsi
614 2408 979 2493 interpolati
1028 2428 1248 2474 versus
1295 2409 1424 2473 sint
1471 2406 1606 2473 938
1654 2429 1781 2494 sq.:

655 2513 1013 2591 τοῦνομα
1061 2513 1223 2594 γάρ,
1274 2516 1324 2578 εἰ
1376 2514 1479 2579 καὶ
1525 2517 1615 2592 μὴ
1663 2513 1894 2594 σίδηρον
1943 2514 2128 2596 ἤρατο

651 2619 945 2697 τούμὸν
990 2619 1273 2702 φονεύσει
1321 2618 1523 2686 παῖδα
1571 2619 1702 2694 σήν.

195 2736 409 2794 tamen
457 2724 859 2792 scribendum
911 2727 1067 2790 erit:
1118 2727 1419 2804 τούμὸν
1466 2726 1591 2806 γὰρ
1642 2763 1727 2774 -
1776 2724 2022 2803 ὄνομα
2069 2725 2375 2807 φονεύσει.

291 2955 702 3024 Facillimum
752 2963 848 3023 est
895 2958 1231 3023 emendare
1280 2978 1373 3023 vs.
1428 2955 1634 3023 1167:

653 3062 771 3129 κᾶν
817 3088 910 3136 τις
958 3064 1017 3128 σ’
1067 3062 1277 3143 ἔρηται
1327 3064 1483 3136 τίνος
1532 3060 1718 3129 ἕκατί
1764 3087 1847 3127 νιν
1895 3073 2165 3142 κτενεῖς,

654 3169 884 3246 λέξον
934 3170 999 3235 τί
1043 3170 1304 3254 φήσεις,
1352 3169 1385 3245 ἢ
1437 3169 1538 3248 ’μὲ
1584 3171 1707 3250 χρὴ
1756 3170 1966 3248 λέγειν
2012 3172 2096 3236 τὰ
2146 3171 2263 3248 σοὶ;

195 3276 408 3363 Lege:
454 3274 773 3356 βλέψον
820 3276 885 3341 τί
928 3277 1173 3358 φήσεις.

293 3505 406 3571 Vs.
462 3503 674 3571 1212:

567 3613 616 3677 εἰ
665 3613 780 3689 μὲν
827 3616 929 3678 τὸν
981 3609 1261 3692 Ὀρφέως
1313 3606 1519 3691 εἶχον,
1566 3607 1609 3675 ὦ
1659 3608 1896 3695 πάτερ,
1952 3607 2136 3687 λόγον

567 3714 810 3783 πείθειν
858 3718 887 3782 ε’
904 3717 1268 3802 nqlBovo’,
1317 3713 1470 3783 ὥσθ’
1520 3716 1814 3795 ὁμαρτεῖν
1861 3740 1963 3793 μοι
2014 3715 2267 3799 πέτρας.

198 3823 433 3892 Malim
482 3825 647 3890 fere:
700 3825 1092 3906 ἐπῳδαῖς.
1146 3823 1291 3890 coll.
1343 3820 1523 3911 Cycl.
1577 3821 1731 3888 646.

1252 4093 1577 4108 ———

298 4301 479 4384 Quod
526 4302 595 4366 in
652 4298 898 4382 Cyclope
941 4297 1192 4363 Silenus
1241 4297 1399 4363 dicit
1445 4320 1536 4365 vs.
1603 4297 1767 4375 126,

567 4404 948 4485 γλυκύτατά
996 4415 1157 4484 φασι
1208 4406 1294 4468 τὰ
1344 4405 1491 4483 κρέα
1540 4405 1680 4478 τοὺς
1726 4403 1927 4482 ξένους
1978 4412 2306 4493 φορεῖν,
