<?xml version="1.0" encoding="UTF-8"?>
<!DOCTYPE html PUBLIC "-//W3C//DTD XHTML 1.0 Transitional//EN"
    "http://www.w3.org/TR/xhtml1/DTD/xhtml1-transitional.dtd">
<html xmlns="http://www.w3.org/1999/xhtml" xml:lang="en" lang="en">
 <head>
  <title>
</title>
<meta http-equiv="Content-Type" content="text/html;charset=utf-8" />
  <meta name='ocr-system' content='tesseract 3.04.00' />
  <meta name='ocr-capabilities' content='ocr_page ocr_carea ocr_par ocr_line ocrx_word'/>
</head>
<body>
  <div class='ocr_page' id='page_1' title='image "./mnemosynebiblio14servgoog_0345.png"; bbox 0 0 3192 5017; ppageno 0'>
   <div class='ocr_carea' id='block_1_1' title="bbox 1111 269 2617 347">
    <p class='ocr_par' dir='ltr' id='par_1_1' title="bbox 1111 269 2617 347">
     <span class='ocr_line' id='line_1_1' title="bbox 1111 269 2617 347; baseline -0.002 0"><span class='ocrx_word' id='word_1_1' title='bbox 1111 293 1424 347; x_wconf 57' lang='lat' dir='ltr'><strong>anema</strong></span> <span class='ocrx_word' id='word_1_2' title='bbox 1472 293 1741 347; x_wconf 58' lang='lat' dir='ltr'><strong>onmes.</strong></span> <span class='ocrx_word' id='word_1_3' title='bbox 2489 269 2617 344; x_wconf 85' lang='lat'><strong>341</strong></span> 
     </span>
    </p>
   </div>
   <div class='ocr_carea' id='block_1_2' title="bbox 227 465 2617 4473">
    <p class='ocr_par' dir='ltr' id='par_1_2' title="bbox 241 465 2617 766">
     <span class='ocr_line' id='line_1_2' title="bbox 331 465 2614 553; baseline 0 -20"><span class='ocrx_word' id='word_1_4' title='bbox 331 465 585 553; x_wconf 81' lang='lat' dir='ltr'>„Nuper</span> <span class='ocrx_word' id='word_1_5' title='bbox 630 470 923 536; x_wconf 90' lang='lat' dir='ltr'><strong>homines</strong></span> <span class='ocrx_word' id='word_1_6' title='bbox 967 468 1210 535; x_wconf 89' lang='lat' dir='ltr'><strong>nobiles</strong></span> <span class='ocrx_word' id='word_1_7' title='bbox 1260 516 1278 533; x_wconf 91' lang='lat'><strong>.</strong></span> <span class='ocrx_word' id='word_1_8' title='bbox 1307 515 1320 531; x_wconf 96' lang='lat'><strong>.</strong></span> <span class='ocrx_word' id='word_1_9' title='bbox 1354 518 1367 532; x_wconf 89' lang='lat'><strong>.</strong></span> <span class='ocrx_word' id='word_1_10' title='bbox 1417 467 1705 533; x_wconf 85' lang='lat' dir='ltr'><strong>vidimus</strong></span> <span class='ocrx_word' id='word_1_11' title='bbox 1727 516 1743 545; x_wconf 87' lang='lat'><strong>,</strong></span> <span class='ocrx_word' id='word_1_12' title='bbox 1794 469 1903 553; x_wconf 90' lang='lat' dir='ltr'><strong>qui</strong></span> <span class='ocrx_word' id='word_1_13' title='bbox 1953 469 2160 534; x_wconf 76' lang='lat' dir='ltr'><strong>forum</strong></span> <span class='ocrx_word' id='word_1_14' title='bbox 2208 473 2274 533; x_wconf 90' lang='lat' dir='ltr'><strong>et</strong></span> <span class='ocrx_word' id='word_1_15' title='bbox 2321 467 2614 535; x_wconf 87' lang='lat' dir='ltr'><strong>basilicas</strong></span> 
     </span>
     <span class='ocr_line' id='line_1_3' title="bbox 248 575 2617 661; baseline 0 -23"><span class='ocrx_word' id='word_1_16' title='bbox 248 594 359 639; x_wconf 89' lang='lat' dir='ltr'><strong>non</strong></span> <span class='ocrx_word' id='word_1_17' title='bbox 420 575 642 659; x_wconf 88' lang='lat' dir='ltr'><strong>spoliis</strong></span> <span class='ocrx_word' id='word_1_18' title='bbox 702 577 1175 661; x_wconf 84' lang='lat' dir='ltr'><strong>provinciarum</strong></span> <span class='ocrx_word' id='word_1_19' title='bbox 1236 575 1346 640; x_wconf 89' lang='lat' dir='ltr'><strong>sed</strong></span> <span class='ocrx_word' id='word_1_20' title='bbox 1392 577 1782 640; x_wconf 79' lang='lat' dir='ltr'><strong>ornamentis</strong></span> <span class='ocrx_word' id='word_1_21' title='bbox 1827 576 2216 657; x_wconf 89' lang='lat' dir='ltr'><strong>amicorum,</strong></span> <span class='ocrx_word' id='word_1_22' title='bbox 2264 576 2617 641; x_wconf 89' lang='lat' dir='ltr'><strong>commodis</strong></span> 
     </span>
     <span class='ocr_line' id='line_1_4' title="bbox 241 678 2011 766; baseline 0.001 -24"><span class='ocrx_word' id='word_1_23' title='bbox 241 678 556 765; x_wconf 85' lang='lat' dir='ltr'><strong>hospitum</strong></span> <span class='ocrx_word' id='word_1_24' title='bbox 574 728 591 756; x_wconf 90' lang='lat'><strong><em>‚</em></strong></span> <span class='ocrx_word' id='word_1_25' title='bbox 637 702 763 747; x_wconf 89' lang='lat' dir='ltr'><strong>non</strong></span> <span class='ocrx_word' id='word_1_26' title='bbox 808 682 997 746; x_wconf 85' lang='lat' dir='ltr'><strong>furtis</strong></span> <span class='ocrx_word' id='word_1_27' title='bbox 1041 683 1409 746; x_wconf 88' lang='lat' dir='ltr'><strong>nocentium</strong></span> <span class='ocrx_word' id='word_1_28' title='bbox 1457 679 1793 745; x_wconf 88' lang='lat' dir='ltr'><strong>ornarent”</strong></span> <span class='ocrx_word' id='word_1_29' title='bbox 1842 700 2011 766; x_wconf 88' lang='lat' dir='ltr'><strong>seqq.</strong></span> 
     </span>
    </p>

    <p class='ocr_par' dir='ltr' id='par_1_3' title="bbox 235 785 2616 1168">
     <span class='ocr_line' id='line_1_5' title="bbox 318 785 2616 872; baseline 0.002 -23"><span class='ocrx_word' id='word_1_30' title='bbox 318 786 672 851; x_wconf 75' lang='lat' dir='ltr'><strong>Nocentium</strong></span> <span class='ocrx_word' id='word_1_31' title='bbox 733 788 907 852; x_wconf 87' lang='lat' dir='ltr'><strong>furta</strong></span> <span class='ocrx_word' id='word_1_32' title='bbox 963 787 1130 852; x_wconf 88' lang='lat' dir='ltr'><strong>nihil</strong></span> <span class='ocrx_word' id='word_1_33' title='bbox 1190 789 1532 872; x_wconf 88' lang='lat' dir='ltr'><strong>quicquam</strong></span> <span class='ocrx_word' id='word_1_34' title='bbox 1596 792 1715 850; x_wconf 87' lang='lat' dir='ltr'><strong>est.</strong></span> <span class='ocrx_word' id='word_1_35' title='bbox 1806 785 2022 851; x_wconf 85' lang='lat' dir='ltr'><strong>Rebus</strong></span> <span class='ocrx_word' id='word_1_36' title='bbox 2068 789 2240 851; x_wconf 92' lang='lat' dir='ltr'><strong>enim</strong></span> <span class='ocrx_word' id='word_1_37' title='bbox 2288 788 2459 853; x_wconf 88' lang='lat' dir='ltr'><strong>furto</strong></span> <span class='ocrx_word' id='word_1_38' title='bbox 2503 809 2616 854; x_wconf 89' lang='lat' dir='ltr'><strong>no·</strong></span> 
     </span>
     <span class='ocr_line' id='line_1_6' title="bbox 237 893 2611 979; baseline 0.003 -25"><span class='ocrx_word' id='word_1_39' title='bbox 237 894 513 958; x_wconf 87' lang='lat' dir='ltr'><strong>centibus</strong></span> <span class='ocrx_word' id='word_1_40' title='bbox 563 894 808 959; x_wconf 88' lang='lat' dir='ltr'><strong>ablatas</strong></span> <span class='ocrx_word' id='word_1_41' title='bbox 855 896 1064 958; x_wconf 88' lang='lat' dir='ltr'><strong>forum</strong></span> <span class='ocrx_word' id='word_1_42' title='bbox 1112 913 1333 958; x_wconf 88' lang='lat' dir='ltr'><strong>ornare</strong></span> <span class='ocrx_word' id='word_1_43' title='bbox 1377 893 1552 957; x_wconf 77' lang='lat' dir='ltr'><strong>netas</strong></span> <span class='ocrx_word' id='word_1_44' title='bbox 1588 912 1713 957; x_wconf 91' lang='lat' dir='ltr'><strong>non</strong></span> <span class='ocrx_word' id='word_1_45' title='bbox 1753 898 1882 968; x_wconf 89' lang='lat' dir='ltr'><strong>est,</strong></span> <span class='ocrx_word' id='word_1_46' title='bbox 1927 899 1995 957; x_wconf 96' lang='lat' dir='ltr'><strong>at</strong></span> <span class='ocrx_word' id='word_1_47' title='bbox 2034 896 2308 977; x_wconf 77' lang='lat' dir='ltr'><strong>pessime</strong></span> <span class='ocrx_word' id='word_1_48' title='bbox 2331 895 2611 979; x_wconf 87' lang='lat' dir='ltr'><strong>profecto</strong></span> 
     </span>
     <span class='ocr_line' id='line_1_7' title="bbox 237 999 2613 1084; baseline 0.002 -22"><span class='ocrx_word' id='word_1_49' title='bbox 237 1000 426 1083; x_wconf 80' lang='lat' dir='ltr'><strong>egerit</strong></span> <span class='ocrx_word' id='word_1_50' title='bbox 494 1000 862 1084; x_wconf 90' lang='lat' dir='ltr'><strong>quicunque</strong></span> <span class='ocrx_word' id='word_1_51' title='bbox 939 1001 1374 1064; x_wconf 77' lang='lat' dir='ltr'><strong>innocentium</strong></span> <span class='ocrx_word' id='word_1_52' title='bbox 1448 1000 1701 1068; x_wconf 79' lang='lat' dir='ltr'><strong>exuviis</strong></span> <span class='ocrx_word' id='word_1_53' title='bbox 1766 1001 1836 1062; x_wconf 91' lang='lat' dir='ltr'><strong>in</strong></span> <span class='ocrx_word' id='word_1_54' title='bbox 1899 999 2069 1063; x_wconf 90' lang='lat' dir='ltr'><strong>hunc</strong></span> <span class='ocrx_word' id='word_1_55' title='bbox 2129 1000 2392 1064; x_wconf 87' lang='lat' dir='ltr'><strong>modum</strong></span> <span class='ocrx_word' id='word_1_56' title='bbox 2455 1001 2613 1066; x_wconf 87' lang='lat' dir='ltr'><strong>abu-</strong></span> 
     </span>
     <span class='ocr_line' id='line_1_8' title="bbox 235 1102 398 1168; baseline 0.025 -3"><span class='ocrx_word' id='word_1_57' title='bbox 235 1102 398 1168; x_wconf 87' lang='lat' dir='ltr'><strong>titur.</strong></span> 
     </span>
    </p>

    <p class='ocr_par' dir='ltr' id='par_1_4' title="bbox 233 1210 2613 1384">
     <span class='ocr_line' id='line_1_9' title="bbox 310 1210 2613 1298; baseline 0.002 -23"><span class='ocrx_word' id='word_1_58' title='bbox 310 1210 532 1276; x_wconf 84' lang='lat' dir='ltr'><strong>Altero</strong></span> <span class='ocrx_word' id='word_1_59' title='bbox 594 1211 733 1277; x_wconf 91' lang='lat' dir='ltr'><strong>loco</strong></span> <span class='ocrx_word' id='word_1_60' title='bbox 795 1213 873 1278; x_wconf 91' lang='lat' dir='ltr'><strong>de</strong></span> <span class='ocrx_word' id='word_1_61' title='bbox 933 1213 1250 1296; x_wconf 88' lang='lat' dir='ltr'><strong>mancipio</strong></span> <span class='ocrx_word' id='word_1_62' title='bbox 1312 1212 1380 1275; x_wconf 92' lang='lat' dir='ltr'><strong>in</strong></span> <span class='ocrx_word' id='word_1_63' title='bbox 1444 1212 1769 1294; x_wconf 84' lang='lat' dir='ltr'><strong>provincia</strong></span> <span class='ocrx_word' id='word_1_64' title='bbox 1825 1231 1862 1275; x_wconf 88' lang='lat' dir='ltr'><strong>a</strong></span> <span class='ocrx_word' id='word_1_65' title='bbox 1932 1213 2418 1298; x_wconf 85' lang='lat' dir='ltr'><strong>magistratibus</strong></span> <span class='ocrx_word' id='word_1_66' title='bbox 2486 1213 2613 1279; x_wconf 89' lang='lat' dir='ltr'><strong>Ro·</strong></span> 
     </span>
     <span class='ocr_line' id='line_1_10' title="bbox 233 1318 1165 1384; baseline 0.003 -6"><span class='ocrx_word' id='word_1_67' title='bbox 233 1318 425 1381; x_wconf 87' lang='lat' dir='ltr'><strong>manis</strong></span> <span class='ocrx_word' id='word_1_68' title='bbox 473 1318 746 1384; x_wconf 92' lang='lat' dir='ltr'><strong>emendo</strong></span> <span class='ocrx_word' id='word_1_69' title='bbox 793 1338 1001 1383; x_wconf 90' lang='lat' dir='ltr'><strong>sermo</strong></span> <span class='ocrx_word' id='word_1_70' title='bbox 1050 1324 1165 1382; x_wconf 91' lang='lat' dir='ltr'><strong>est.</strong></span> 
     </span>
    </p>

    <p class='ocr_par' dir='ltr' id='par_1_5' title="bbox 230 1421 2612 1826">
     <span class='ocr_line' id='line_1_11' title="bbox 317 1421 2610 1511; baseline 0.001 -24"><span class='ocrx_word' id='word_1_71' title='bbox 317 1421 718 1497; x_wconf 85' lang='lat' dir='ltr'><strong>„Sanxerunt</strong></span> <span class='ocrx_word' id='word_1_72' title='bbox 768 1424 1090 1511; x_wconf 89' lang='lat' dir='ltr'><strong>(maiores)</strong></span> <span class='ocrx_word' id='word_1_73' title='bbox 1138 1445 1218 1489; x_wconf 90' lang='lat' dir='ltr'><strong>ne</strong></span> <span class='ocrx_word' id='word_1_74' title='bbox 1265 1425 1409 1508; x_wconf 90' lang='lat' dir='ltr'><strong>quis</strong></span> <span class='ocrx_word' id='word_1_75' title='bbox 1454 1428 1697 1488; x_wconf 86' lang='lat' dir='ltr'><strong>emeret</strong></span> <span class='ocrx_word' id='word_1_76' title='bbox 1743 1424 1867 1487; x_wconf 90' lang='lat' dir='ltr'><strong>nisi</strong></span> <span class='ocrx_word' id='word_1_77' title='bbox 1905 1424 1972 1486; x_wconf 91' lang='lat' dir='ltr'><strong>in</strong></span> <span class='ocrx_word' id='word_1_78' title='bbox 2014 1421 2331 1489; x_wconf 84' lang='lat' dir='ltr'><strong>demortui</strong></span> <span class='ocrx_word' id='word_1_79' title='bbox 2372 1425 2610 1491; x_wconf 91' lang='lat' dir='ltr'><strong>locum.</strong></span> 
     </span>
     <span class='ocr_line' id='line_1_12' title="bbox 233 1525 2612 1613; baseline 0.003 -23"><span class='ocrx_word' id='word_1_80' title='bbox 233 1525 288 1590; x_wconf 77' lang='lat'><strong>85</strong></span> <span class='ocrx_word' id='word_1_81' title='bbox 350 1532 460 1612; x_wconf 91' lang='lat' dir='ltr'><strong>qui</strong></span> <span class='ocrx_word' id='word_1_82' title='bbox 525 1529 768 1595; x_wconf 88' lang='lat' dir='ltr'><strong>Romae</strong></span> <span class='ocrx_word' id='word_1_83' title='bbox 830 1536 994 1594; x_wconf 91' lang='lat' dir='ltr'><strong>esset</strong></span> <span class='ocrx_word' id='word_1_84' title='bbox 1062 1527 1476 1595; x_wconf 76' lang='lat' dir='ltr'><strong>demortuus?</strong></span> <span class='ocrx_word' id='word_1_85' title='bbox 1539 1528 1751 1593; x_wconf 92' lang='lat' dir='ltr'><strong>Immo</strong></span> <span class='ocrx_word' id='word_1_86' title='bbox 1812 1531 1865 1592; x_wconf 88' lang='lat' dir='ltr'><strong>si</strong></span> <span class='ocrx_word' id='word_1_87' title='bbox 1912 1531 2057 1613; x_wconf 91' lang='lat' dir='ltr'><strong>quis</strong></span> <span class='ocrx_word' id='word_1_88' title='bbox 2108 1530 2368 1595; x_wconf 84' lang='lat' dir='ltr'><strong>ibidem.</strong></span> <span class='ocrx_word' id='word_1_89' title='bbox 2465 1531 2612 1597; x_wconf 83' lang='lat' dir='ltr'><strong>Non</strong></span> 
     </span>
     <span class='ocr_line' id='line_1_13' title="bbox 232 1634 2608 1720; baseline 0.003 -23"><span class='ocrx_word' id='word_1_90' title='bbox 232 1635 386 1698; x_wconf 85' lang='lat' dir='ltr'><strong>enim</strong></span> <span class='ocrx_word' id='word_1_91' title='bbox 463 1642 532 1700; x_wconf 92' lang='lat' dir='ltr'><strong>te</strong></span> <span class='ocrx_word' id='word_1_92' title='bbox 596 1638 907 1701; x_wconf 87' lang='lat' dir='ltr'><strong>instruere</strong></span> <span class='ocrx_word' id='word_1_93' title='bbox 969 1638 1234 1700; x_wconf 88' lang='lat' dir='ltr'><strong>domum</strong></span> <span class='ocrx_word' id='word_1_94' title='bbox 1298 1640 1477 1699; x_wconf 86' lang='lat' dir='ltr'><strong>tuam</strong></span> <span class='ocrx_word' id='word_1_95' title='bbox 1542 1634 1887 1700; x_wconf 83' lang='lat' dir='ltr'><strong>voluerunt</strong></span> <span class='ocrx_word' id='word_1_96' title='bbox 1947 1637 2012 1698; x_wconf 90' lang='lat' dir='ltr'><strong>in</strong></span> <span class='ocrx_word' id='word_1_97' title='bbox 2073 1637 2436 1720; x_wconf 83' lang='lat' dir='ltr'><strong>provincia,</strong></span> <span class='ocrx_word' id='word_1_98' title='bbox 2499 1640 2608 1704; x_wconf 90' lang='lat' dir='ltr'><strong>sed</strong></span> 
     </span>
     <span class='ocr_line' id='line_1_14' title="bbox 230 1737 1440 1826; baseline 0 -23"><span class='ocrx_word' id='word_1_99' title='bbox 230 1737 409 1804; x_wconf 81' lang='lat' dir='ltr'><strong>illum</strong></span> <span class='ocrx_word' id='word_1_100' title='bbox 457 1762 652 1806; x_wconf 89' lang='lat' dir='ltr'><strong>usum</strong></span> <span class='ocrx_word' id='word_1_101' title='bbox 691 1743 1045 1824; x_wconf 76' lang='lat' dir='ltr'><strong>provinciae</strong></span> <span class='ocrx_word' id='word_1_102' title='bbox 1089 1740 1440 1826; x_wconf 87' lang='lat' dir='ltr'><strong>supplere.”</strong></span> 
     </span>
    </p>

    <p class='ocr_par' dir='ltr' id='par_1_6' title="bbox 229 1845 2609 2037">
     <span class='ocr_line' id='line_1_15' title="bbox 313 1845 2609 1934; baseline 0 -22"><span class='ocrx_word' id='word_1_103' title='bbox 313 1845 559 1934; x_wconf 85' lang='lat' dir='ltr'><strong>Legere</strong></span> <span class='ocrx_word' id='word_1_104' title='bbox 603 1851 768 1913; x_wconf 85' lang='lat' dir='ltr'><strong>malo</strong></span> <span class='ocrx_word' id='word_1_105' title='bbox 805 1848 1203 1931; x_wconf 75' lang='lat' dir='ltr'><strong>provinciam,</strong></span> <span class='ocrx_word' id='word_1_106' title='bbox 1251 1847 1345 1912; x_wconf 90' lang='lat' dir='ltr'><strong>ita</strong></span> <span class='ocrx_word' id='word_1_107' title='bbox 1392 1852 1467 1911; x_wconf 90' lang='lat' dir='ltr'><strong>ut</strong></span> <span class='ocrx_word' id='word_1_108' title='bbox 1512 1848 1838 1931; x_wconf 80' lang='lat' dir='ltr'><strong>provincia</strong></span> <span class='ocrx_word' id='word_1_109' title='bbox 1883 1846 2176 1932; x_wconf 88' lang='lat' dir='ltr'><strong>supplere</strong></span> <span class='ocrx_word' id='word_1_110' title='bbox 2221 1849 2469 1913; x_wconf 88' lang='lat' dir='ltr'><strong>dicatur</strong></span> <span class='ocrx_word' id='word_1_111' title='bbox 2488 1897 2504 1925; x_wconf 90' lang='lat'><em>‚</em></span> <span class='ocrx_word' id='word_1_112' title='bbox 2554 1853 2609 1913; x_wconf 90' lang='lat' dir='ltr'><strong>si</strong></span> 
     </span>
     <span class='ocr_line' id='line_1_16' title="bbox 229 1951 2284 2037; baseline 0.001 -23"><span class='ocrx_word' id='word_1_113' title='bbox 229 1951 370 2033; x_wconf 89' lang='lat' dir='ltr'><strong>quid</strong></span> <span class='ocrx_word' id='word_1_114' title='bbox 418 1953 652 2018; x_wconf 89' lang='lat' dir='ltr'><strong>domus</strong></span> <span class='ocrx_word' id='word_1_115' title='bbox 696 1952 935 2018; x_wconf 86' lang='lat' dir='ltr'><strong>Romae</strong></span> <span class='ocrx_word' id='word_1_116' title='bbox 980 1953 1327 2018; x_wconf 88' lang='lat' dir='ltr'><strong>instructae</strong></span> <span class='ocrx_word' id='word_1_117' title='bbox 1371 1954 1516 2017; x_wconf 89' lang='lat' dir='ltr'><strong>usui</strong></span> <span class='ocrx_word' id='word_1_118' title='bbox 1565 1952 1660 2015; x_wconf 89' lang='lat' dir='ltr'><strong>ibi</strong></span> <span class='ocrx_word' id='word_1_119' title='bbox 1706 1951 1919 2016; x_wconf 78' lang='lat' dir='ltr'><strong>deesse</strong></span> <span class='ocrx_word' id='word_1_120' title='bbox 1965 1959 2284 2037; x_wconf 78' lang='lat' dir='ltr'><strong>appareat.</strong></span> 
     </span>
    </p>

    <p class='ocr_par' dir='ltr' id='par_1_7' title="bbox 230 2056 2604 2336">
     <span class='ocr_line' id='line_1_17' title="bbox 309 2056 2604 2145; baseline 0.001 -22"><span class='ocrx_word' id='word_1_121' title='bbox 309 2056 483 2137; x_wconf 83' lang='lat' dir='ltr'><strong>Quae</strong></span> <span class='ocrx_word' id='word_1_122' title='bbox 546 2063 614 2123; x_wconf 91' lang='lat' dir='ltr'><strong>in</strong></span> <span class='ocrx_word' id='word_1_123' title='bbox 678 2067 964 2125; x_wconf 82' lang='lat' dir='ltr'><strong>extremo</strong></span> <span class='ocrx_word' id='word_1_124' title='bbox 1021 2080 1162 2144; x_wconf 86' lang='lat' dir='ltr'><strong>cap.</strong></span> <span class='ocrx_word' id='word_1_125' title='bbox 1211 2058 1252 2123; x_wconf 87' lang='lat'>9</span> <span class='ocrx_word' id='word_1_126' title='bbox 1301 2063 1442 2144; x_wconf 88' lang='lat' dir='ltr'><strong>post</strong></span> <span class='ocrx_word' id='word_1_127' title='bbox 1487 2065 1812 2142; x_wconf 77' lang='lat' dir='ltr'><strong>opportuno</strong></span> <span class='ocrx_word' id='word_1_128' title='bbox 1858 2058 1981 2122; x_wconf 82' lang='lat' dir='ltr'><strong>loco</strong></span> <span class='ocrx_word' id='word_1_129' title='bbox 2029 2057 2471 2145; x_wconf 79' lang='lat' dir='ltr'><strong>agglutinavit</strong></span> <span class='ocrx_word' id='word_1_130' title='bbox 2514 2064 2604 2125; x_wconf 89' lang='lat' dir='ltr'><strong>in·</strong></span> 
     </span>
     <span class='ocr_line' id='line_1_18' title="bbox 230 2164 2603 2251; baseline 0.003 -25"><span class='ocrx_word' id='word_1_131' title='bbox 230 2168 455 2248; x_wconf 86' lang='lat' dir='ltr'><strong>terpres</strong></span> <span class='ocrx_word' id='word_1_132' title='bbox 503 2166 765 2249; x_wconf 88' lang='lat' dir='ltr'><strong>quidam</strong></span> <span class='ocrx_word' id='word_1_133' title='bbox 818 2185 984 2250; x_wconf 86' lang='lat' dir='ltr'><strong>„quo</strong></span> <span class='ocrx_word' id='word_1_134' title='bbox 1031 2185 1216 2250; x_wconf 82' lang='lat' dir='ltr'><strong>saepe</strong></span> <span class='ocrx_word' id='word_1_135' title='bbox 1260 2164 1621 2230; x_wconf 89' lang='lat' dir='ltr'><strong>adeundum</strong></span> <span class='ocrx_word' id='word_1_136' title='bbox 1675 2164 1761 2228; x_wconf 91' lang='lat' dir='ltr'><strong>sit</strong></span> <span class='ocrx_word' id='word_1_137' title='bbox 1797 2164 2104 2248; x_wconf 88' lang='lat' dir='ltr'><strong>navibus,</strong></span> <span class='ocrx_word' id='word_1_138' title='bbox 2153 2184 2603 2251; x_wconf 88' lang='lat' dir='ltr'><strong>nonnunquam</strong></span> 
     </span>
     <span class='ocr_line' id='line_1_19' title="bbox 230 2269 1129 2336; baseline 0.007 -7"><span class='ocrx_word' id='word_1_139' title='bbox 230 2269 616 2336; x_wconf 84' lang='lat' dir='ltr'><strong>necessario”</strong></span> <span class='ocrx_word' id='word_1_140' title='bbox 666 2277 738 2334; x_wconf 88' lang='lat' dir='ltr'><strong>tu</strong></span> <span class='ocrx_word' id='word_1_141' title='bbox 788 2272 1129 2335; x_wconf 87' lang='lat' dir='ltr'><strong>desecabis.</strong></span> 
     </span>
    </p>

    <p class='ocr_par' dir='ltr' id='par_1_8' title="bbox 228 2374 2609 2787">
     <span class='ocr_line' id='line_1_20' title="bbox 311 2374 2608 2445; baseline 0.003 -7"><span class='ocrx_word' id='word_1_142' title='bbox 311 2374 606 2441; x_wconf 86' lang='lat' dir='ltr'><strong>Habetur</strong></span> <span class='ocrx_word' id='word_1_143' title='bbox 666 2375 834 2440; x_wconf 83' lang='lat' dir='ltr'><strong>Phil.</strong></span> <span class='ocrx_word' id='word_1_144' title='bbox 890 2375 971 2439; x_wconf 90' lang='lat' dir='ltr'><strong>V.</strong></span> <span class='ocrx_word' id='word_1_145' title='bbox 1036 2376 1097 2440; x_wconf 84' lang='lat'><strong>4.</strong></span> <span class='ocrx_word' id='word_1_146' title='bbox 1156 2376 1239 2440; x_wconf 82' lang='lat'><strong>12</strong></span> <span class='ocrx_word' id='word_1_147' title='bbox 1303 2381 1461 2441; x_wconf 82' lang='lat' dir='ltr'><strong>extr.</strong></span> <span class='ocrx_word' id='word_1_148' title='bbox 1527 2388 1594 2440; x_wconf 83' lang='lat' dir='ltr'><strong>et</strong></span> <span class='ocrx_word' id='word_1_149' title='bbox 1657 2377 1736 2440; x_wconf 90' lang='lat' dir='ltr'><strong>ab</strong></span> <span class='ocrx_word' id='word_1_150' title='bbox 1783 2375 1929 2440; x_wconf 88' lang='lat' dir='ltr'><strong>aliis</strong></span> <span class='ocrx_word' id='word_1_151' title='bbox 1975 2382 2039 2441; x_wconf 92' lang='lat' dir='ltr'><strong>et</strong></span> <span class='ocrx_word' id='word_1_152' title='bbox 2086 2396 2124 2440; x_wconf 89' lang='lat' dir='ltr'><strong>a</strong></span> <span class='ocrx_word' id='word_1_153' title='bbox 2170 2383 2233 2442; x_wconf 91' lang='lat' dir='ltr'><strong>te</strong></span> <span class='ocrx_word' id='word_1_154' title='bbox 2277 2377 2456 2443; x_wconf 88' lang='lat' dir='ltr'><strong>locus</strong></span> <span class='ocrx_word' id='word_1_155' title='bbox 2502 2380 2608 2445; x_wconf 87' lang='lat' dir='ltr'><strong>de-</strong></span> 
     </span>
     <span class='ocr_line' id='line_1_21' title="bbox 231 2480 2609 2568; baseline 0.003 -25"><span class='ocrx_word' id='word_1_156' title='bbox 231 2488 544 2563; x_wconf 75' lang='lat' dir='ltr'><strong>speratus,</strong></span> <span class='ocrx_word' id='word_1_157' title='bbox 596 2486 706 2566; x_wconf 89' lang='lat' dir='ltr'><strong>qui</strong></span> <span class='ocrx_word' id='word_1_158' title='bbox 753 2484 920 2568; x_wconf 88' lang='lat' dir='ltr'><strong>apud</strong></span> <span class='ocrx_word' id='word_1_159' title='bbox 967 2481 1279 2547; x_wconf 91' lang='lat' dir='ltr'><strong>Orellium</strong></span> <span class='ocrx_word' id='word_1_160' title='bbox 1328 2484 1420 2547; x_wconf 91' lang='lat' dir='ltr'><strong>sic</strong></span> <span class='ocrx_word' id='word_1_161' title='bbox 1467 2481 1679 2546; x_wconf 90' lang='lat' dir='ltr'><strong>editus</strong></span> <span class='ocrx_word' id='word_1_162' title='bbox 1728 2490 1855 2546; x_wconf 88' lang='lat' dir='ltr'><strong>est:</strong></span> <span class='ocrx_word' id='word_1_163' title='bbox 1907 2480 2154 2560; x_wconf 79' lang='lat' dir='ltr'><strong>Quibus</strong></span> <span class='ocrx_word' id='word_1_164' title='bbox 2195 2483 2385 2548; x_wconf 89' lang='lat' dir='ltr'><strong>rebus</strong></span> <span class='ocrx_word' id='word_1_165' title='bbox 2432 2490 2609 2551; x_wconf 89' lang='lat' dir='ltr'><strong>tanta</strong></span> 
     </span>
     <span class='ocr_line' id='line_1_22' title="bbox 228 2588 2602 2675; baseline 0.002 -24"><span class='ocrx_word' id='word_1_166' title='bbox 228 2589 483 2669; x_wconf 87' lang='lat' dir='ltr'><strong>pecunia</strong></span> <span class='ocrx_word' id='word_1_167' title='bbox 529 2609 657 2653; x_wconf 87' lang='lat' dir='ltr'><strong>una</strong></span> <span class='ocrx_word' id='word_1_168' title='bbox 703 2591 769 2652; x_wconf 92' lang='lat' dir='ltr'><strong>in</strong></span> <span class='ocrx_word' id='word_1_169' title='bbox 818 2588 1004 2653; x_wconf 90' lang='lat' dir='ltr'><strong>domo</strong></span> <span class='ocrx_word' id='word_1_170' title='bbox 1051 2600 1416 2654; x_wconf 84' lang='lat' dir='ltr'><strong>coacervata</strong></span> <span class='ocrx_word' id='word_1_171' title='bbox 1462 2594 1705 2663; x_wconf 86' lang='lat' dir='ltr'><strong>estut,</strong></span> <span class='ocrx_word' id='word_1_172' title='bbox 1749 2590 1804 2651; x_wconf 89' lang='lat' dir='ltr'><strong>si</strong></span> <span class='ocrx_word' id='word_1_173' title='bbox 1831 2624 1916 2635; x_wconf 94' lang='lat'><strong>--</strong></span> <span class='ocrx_word' id='word_1_174' title='bbox 1939 2588 2057 2652; x_wconf 92' lang='lat' dir='ltr'><strong>hoc</strong></span> <span class='ocrx_word' id='word_1_175' title='bbox 2082 2608 2286 2675; x_wconf 89' lang='lat' dir='ltr'><strong>genus</strong></span> <span class='ocrx_word' id='word_1_176' title='bbox 2308 2591 2375 2653; x_wconf 90' lang='lat' dir='ltr'><strong>in</strong></span> <span class='ocrx_word' id='word_1_177' title='bbox 2399 2610 2602 2656; x_wconf 90' lang='lat' dir='ltr'><strong>unum</strong></span> 
     </span>
     <span class='ocr_line' id='line_1_23' title="bbox 229 2692 2174 2787; baseline 0.001 -31"><span class='ocrx_word' id='word_1_178' title='bbox 229 2692 580 2781; x_wconf 83' lang='lat' dir='ltr'><strong>redigatur,</strong></span> <span class='ocrx_word' id='word_1_179' title='bbox 629 2714 750 2759; x_wconf 91' lang='lat' dir='ltr'><strong>non</strong></span> <span class='ocrx_word' id='word_1_180' title='bbox 799 2697 886 2759; x_wconf 91' lang='lat' dir='ltr'><strong>sit</strong></span> <span class='ocrx_word' id='word_1_181' title='bbox 933 2697 1202 2778; x_wconf 87' lang='lat' dir='ltr'><strong>pecunia</strong></span> <span class='ocrx_word' id='word_1_182' title='bbox 1243 2693 1482 2787; x_wconf 30' lang='lat' dir='ltr'><strong>‘populo</strong></span> <span class='ocrx_word' id='word_1_183' title='bbox 1529 2693 1819 2757; x_wconf 88' lang='lat' dir='ltr'><strong>Romano</strong></span> <span class='ocrx_word' id='word_1_184' title='bbox 1865 2693 2174 2758; x_wconf 84' lang='lat' dir='ltr'><strong>defutura.</strong></span> 
     </span>
    </p>

    <p class='ocr_par' dir='ltr' id='par_1_9' title="bbox 227 2796 2608 3630">
     <span class='ocr_line' id='line_1_24' title="bbox 307 2796 2607 2884; baseline 0.002 -21"><span class='ocrx_word' id='word_1_185' title='bbox 307 2799 666 2865; x_wconf 81' lang='lat' dir='ltr'><strong>Adnotavit</strong></span> <span class='ocrx_word' id='word_1_186' title='bbox 727 2806 974 2884; x_wconf 88' lang='lat' dir='ltr'><strong>praeter</strong></span> <span class='ocrx_word' id='word_1_187' title='bbox 1032 2799 1160 2865; x_wconf 84' lang='lat' dir='ltr'><strong>alia</strong></span> <span class='ocrx_word' id='word_1_188' title='bbox 1219 2800 1459 2865; x_wconf 88' lang='lat' dir='ltr'><strong>editor:</strong></span> <span class='ocrx_word' id='word_1_189' title='bbox 1527 2800 1640 2864; x_wconf 91' lang='lat' dir='ltr'><strong>sed</strong></span> <span class='ocrx_word' id='word_1_190' title='bbox 1697 2797 1773 2864; x_wconf 88' lang='lat' dir='ltr'><strong>V.</strong></span> <span class='ocrx_word' id='word_1_191' title='bbox 1825 2796 2256 2884; x_wconf 89' lang='lat' dir='ltr'><strong>(Vaticanus):</strong></span> <span class='ocrx_word' id='word_1_192' title='bbox 2311 2838 2391 2850; x_wconf 86' lang='lat'><strong>-—</strong></span> <span class='ocrx_word' id='word_1_193' title='bbox 2441 2811 2509 2866; x_wconf 77' lang='lat' dir='ltr'><strong>ut</strong></span> <span class='ocrx_word' id='word_1_194' title='bbox 2550 2810 2607 2867; x_wconf 73' lang='lat' dir='ltr'><strong>ei</strong></span> 
     </span>
     <span class='ocr_line' id='line_1_25' title="bbox 228 2902 2604 2990; baseline 0.003 -25"><span class='ocrx_word' id='word_1_195' title='bbox 228 2902 322 2965; x_wconf 71' lang='lat' dir='ltr'><strong>boc</strong></span> <span class='ocrx_word' id='word_1_196' title='bbox 356 2927 550 2985; x_wconf 71' lang='lat' dir='ltr'><strong>qenus</strong></span> <span class='ocrx_word' id='word_1_197' title='bbox 588 2927 741 2987; x_wconf 75' lang='lat' dir='ltr'><strong>pene</strong></span> <span class='ocrx_word' id='word_1_198' title='bbox 784 2907 851 2968; x_wconf 80' lang='lat' dir='ltr'><strong>in</strong></span> <span class='ocrx_word' id='word_1_199' title='bbox 896 2928 1081 2969; x_wconf 72' lang='lat' dir='ltr'><strong>unum</strong></span> <span class='ocrx_word' id='word_1_200' title='bbox 1124 2907 1466 2989; x_wconf 63' lang='lat' dir='ltr'><strong>redigatur,</strong></span> <span class='ocrx_word' id='word_1_201' title='bbox 1514 2907 1581 2969; x_wconf 90' lang='lat' dir='ltr'><strong>in</strong></span> <span class='ocrx_word' id='word_1_202' title='bbox 1632 2924 1756 2989; x_wconf 93' lang='lat' dir='ltr'><strong>quo</strong></span> <span class='ocrx_word' id='word_1_203' title='bbox 1796 2904 1984 2968; x_wconf 87' lang='lat' dir='ltr'><strong>latet:</strong></span> <span class='ocrx_word' id='word_1_204' title='bbox 2028 2916 2099 2966; x_wconf 77' lang='lat' dir='ltr'><strong>ut</strong></span> <span class='ocrx_word' id='word_1_205' title='bbox 2135 2906 2192 2969; x_wconf 70' lang='lat' dir='ltr'><strong>si</strong></span> <span class='ocrx_word' id='word_1_206' title='bbox 2228 2907 2379 2987; x_wconf 72' lang='lat' dir='ltr'><strong>leqie</strong></span> <span class='ocrx_word' id='word_1_207' title='bbox 2404 2931 2604 2990; x_wconf 80' lang='lat' dir='ltr'><strong>poena</strong></span> 
     </span>
     <span class='ocr_line' id='line_1_26' title="bbox 227 3008 2604 3097; baseline 0.003 -27"><span class='ocrx_word' id='word_1_208' title='bbox 227 3008 288 3070; x_wconf 74' lang='lat' dir='ltr'><strong>in</strong></span> <span class='ocrx_word' id='word_1_209' title='bbox 335 3016 638 3075; x_wconf 70' lang='lat' dir='ltr'><strong>aerarium</strong></span> <span class='ocrx_word' id='word_1_210' title='bbox 684 3011 1030 3097; x_wconf 82' lang='lat' dir='ltr'><strong>redigatur.</strong></span> <span class='ocrx_word' id='word_1_211' title='bbox 1079 3010 1220 3076; x_wconf 90' lang='lat' dir='ltr'><strong>Iam</strong></span> <span class='ocrx_word' id='word_1_212' title='bbox 1269 3010 1510 3075; x_wconf 89' lang='lat' dir='ltr'><strong>dudum</strong></span> <span class='ocrx_word' id='word_1_213' title='bbox 1559 3012 1731 3075; x_wconf 88' lang='lat' dir='ltr'><strong>enim</strong></span> <span class='ocrx_word' id='word_1_214' title='bbox 1780 3012 1916 3095; x_wconf 90' lang='lat' dir='ltr'><strong>ipse</strong></span> <span class='ocrx_word' id='word_1_215' title='bbox 1962 3033 2145 3072; x_wconf 74' lang='lat' dir='ltr'><strong>unum</strong></span> <span class='ocrx_word' id='word_1_216' title='bbox 2189 3013 2257 3075; x_wconf 89' lang='lat' dir='ltr'><strong>in</strong></span> <span class='ocrx_word' id='word_1_217' title='bbox 2304 3019 2604 3078; x_wconf 77' lang='lat' dir='ltr'><strong>aerarium</strong></span> 
     </span>
     <span class='ocr_line' id='line_1_27' title="bbox 228 3116 2606 3204; baseline 0.003 -27"><span class='ocrx_word' id='word_1_218' title='bbox 228 3117 601 3182; x_wconf 83' lang='lat' dir='ltr'><strong>mutandum</strong></span> <span class='ocrx_word' id='word_1_219' title='bbox 659 3136 791 3181; x_wconf 91' lang='lat' dir='ltr'><strong>esse</strong></span> <span class='ocrx_word' id='word_1_220' title='bbox 852 3116 1096 3183; x_wconf 85' lang='lat' dir='ltr'><strong>vidisti.</strong></span> <span class='ocrx_word' id='word_1_221' title='bbox 1190 3116 1562 3204; x_wconf 82' lang='lat' dir='ltr'><strong>Legendum</strong></span> <span class='ocrx_word' id='word_1_222' title='bbox 1584 3163 1600 3190; x_wconf 91' lang='lat'><strong><em>‚</em></strong></span> <span class='ocrx_word' id='word_1_223' title='bbox 1665 3121 1740 3180; x_wconf 90' lang='lat' dir='ltr'><strong>ut</strong></span> <span class='ocrx_word' id='word_1_224' title='bbox 1786 3121 2039 3202; x_wconf 88' lang='lat' dir='ltr'><strong>egomet</strong></span> <span class='ocrx_word' id='word_1_225' title='bbox 2083 3123 2296 3182; x_wconf 85' lang='lat' dir='ltr'><strong>statuo</strong></span> <span class='ocrx_word' id='word_1_226' title='bbox 2349 3123 2443 3201; x_wconf 81' lang='lat' dir='ltr'><strong>„si</strong></span> <span class='ocrx_word' id='word_1_227' title='bbox 2487 3121 2606 3188; x_wconf 90' lang='lat' dir='ltr'><strong>hoc</strong></span> 
     </span>
     <span class='ocr_line' id='line_1_28' title="bbox 228 3221 2605 3309; baseline 0.003 -25"><span class='ocrx_word' id='word_1_228' title='bbox 228 3240 420 3305; x_wconf 87' lang='lat' dir='ltr'><strong>genus</strong></span> <span class='ocrx_word' id='word_1_229' title='bbox 485 3243 685 3306; x_wconf 88' lang='lat' dir='ltr'><strong>poena</strong></span> <span class='ocrx_word' id='word_1_230' title='bbox 754 3225 947 3308; x_wconf 87' lang='lat' dir='ltr'><strong>(quod</strong></span> <span class='ocrx_word' id='word_1_231' title='bbox 1007 3223 1172 3287; x_wconf 87' lang='lat' dir='ltr'><strong>mihi</strong></span> <span class='ocrx_word' id='word_1_232' title='bbox 1234 3225 1446 3309; x_wconf 88' lang='lat' dir='ltr'><strong>magis</strong></span> <span class='ocrx_word' id='word_1_233' title='bbox 1506 3221 1718 3307; x_wconf 82' lang='lat' dir='ltr'><strong>placet</strong></span> <span class='ocrx_word' id='word_1_234' title='bbox 1772 3241 1963 3306; x_wconf 89' lang='lat' dir='ltr'><strong>quam</strong></span> <span class='ocrx_word' id='word_1_235' title='bbox 2002 3244 2263 3304; x_wconf 80' lang='lat' dir='ltr'><strong>poenae.</strong></span> <span class='ocrx_word' id='word_1_236' title='bbox 2315 3226 2481 3308; x_wconf 88' lang='lat' dir='ltr'><strong>quod</strong></span> <span class='ocrx_word' id='word_1_237' title='bbox 2529 3249 2605 3292; x_wconf 82' lang='lat' dir='ltr'><strong>ex</strong></span> 
     </span>
     <span class='ocr_line' id='line_1_29' title="bbox 232 3323 2607 3413; baseline 0.003 -25"><span class='ocrx_word' id='word_1_238' title='bbox 232 3323 374 3390; x_wconf 83' lang='lat' dir='ltr'><strong>God.</strong></span> <span class='ocrx_word' id='word_1_239' title='bbox 407 3351 564 3411; x_wconf 76' lang='lat' dir='ltr'><strong>pene</strong></span> <span class='ocrx_word' id='word_1_240' title='bbox 609 3327 859 3392; x_wconf 80' lang='lat' dir='ltr'><strong>facilius</strong></span> <span class='ocrx_word' id='word_1_241' title='bbox 907 3328 1222 3402; x_wconf 84' lang='lat' dir='ltr'><strong>elicueris,</strong></span> <span class='ocrx_word' id='word_1_242' title='bbox 1273 3348 1664 3413; x_wconf 90' lang='lat' dir='ltr'><strong>quamquam</strong></span> <span class='ocrx_word' id='word_1_243' title='bbox 1714 3326 1956 3392; x_wconf 90' lang='lat' dir='ltr'><strong>Orellio</strong></span> <span class='ocrx_word' id='word_1_244' title='bbox 2005 3336 2258 3393; x_wconf 89' lang='lat' dir='ltr'><strong>auctore</strong></span> <span class='ocrx_word' id='word_1_245' title='bbox 2305 3338 2370 3395; x_wconf 90' lang='lat' dir='ltr'><strong>et</strong></span> <span class='ocrx_word' id='word_1_246' title='bbox 2409 3354 2607 3413; x_wconf 76' lang='lat' dir='ltr'><strong>poena</strong></span> 
     </span>
     <span class='ocr_line' id='line_1_30' title="bbox 232 3432 2608 3522; baseline 0.005 -29"><span class='ocrx_word' id='word_1_247' title='bbox 232 3437 290 3493; x_wconf 89' lang='lat' dir='ltr'><strong>et</strong></span> <span class='ocrx_word' id='word_1_248' title='bbox 333 3455 566 3515; x_wconf 80' lang='lat' dir='ltr'><strong>poenae</strong></span> <span class='ocrx_word' id='word_1_249' title='bbox 624 3436 689 3497; x_wconf 88' lang='lat' dir='ltr'><strong>in</strong></span> <span class='ocrx_word' id='word_1_250' title='bbox 754 3433 979 3498; x_wconf 89' lang='lat' dir='ltr'><strong>multis</strong></span> <span class='ocrx_word' id='word_1_251' title='bbox 1042 3439 1411 3520; x_wconf 89' lang='lat' dir='ltr'><strong>corruptum</strong></span> <span class='ocrx_word' id='word_1_252' title='bbox 1454 3433 1580 3498; x_wconf 85' lang='lat' dir='ltr'><strong>fuit</strong></span> <span class='ocrx_word' id='word_1_253' title='bbox 1628 3432 1720 3519; x_wconf 61' lang='lat' dir='ltr'><strong>inf</strong></span> <span class='ocrx_word' id='word_1_254' title='bbox 1739 3436 1914 3516; x_wconf 79' lang='lat' dir='ltr'><strong>pene)</strong></span> <span class='ocrx_word' id='word_1_255' title='bbox 1961 3435 2026 3497; x_wconf 94' lang='lat' dir='ltr'><strong>in</strong></span> <span class='ocrx_word' id='word_1_256' title='bbox 2076 3437 2386 3500; x_wconf 89' lang='lat' dir='ltr'><strong>aerarium</strong></span> <span class='ocrx_word' id='word_1_257' title='bbox 2442 3438 2608 3522; x_wconf 83' lang='lat' dir='ltr'><strong>(sive</strong></span> 
     </span>
     <span class='ocr_line' id='line_1_31' title="bbox 233 3536 2411 3630; baseline 0.001 -30"><span class='ocrx_word' id='word_1_258' title='bbox 233 3536 582 3618; x_wconf 89' lang='lat' dir='ltr'><strong>publicum)</strong></span> <span class='ocrx_word' id='word_1_259' title='bbox 630 3538 991 3625; x_wconf 87' lang='lat' dir='ltr'><strong>redigatur”</strong></span> <span class='ocrx_word' id='word_1_260' title='bbox 1036 3545 1158 3604; x_wconf 88' lang='lat' dir='ltr'><strong>cet.</strong></span> <span class='ocrx_word' id='word_1_261' title='bbox 2404 3623 2411 3630; x_wconf 25' lang='grc'>1</span> 
     </span>
    </p>

    <p class='ocr_par' dir='ltr' id='par_1_10' title="bbox 234 3642 2609 4258">
     <span class='ocr_line' id='line_1_32' title="bbox 314 3642 2605 3735; baseline 0.005 -29"><span class='ocrx_word' id='word_1_262' title='bbox 314 3642 526 3709; x_wconf 90' lang='lat' dir='ltr'><strong>Poena</strong></span> <span class='ocrx_word' id='word_1_263' title='bbox 593 3644 698 3709; x_wconf 90' lang='lat' dir='ltr'><strong>hic</strong></span> <span class='ocrx_word' id='word_1_264' title='bbox 768 3651 859 3708; x_wconf 88' lang='lat' dir='ltr'><strong>est</strong></span> <span class='ocrx_word' id='word_1_265' title='bbox 927 3648 1197 3728; x_wconf 89' lang='lat' dir='ltr'><strong>pecunia</strong></span> <span class='ocrx_word' id='word_1_266' title='bbox 1266 3666 1391 3729; x_wconf 89' lang='lat' dir='ltr'><strong>qua</strong></span> <span class='ocrx_word' id='word_1_267' title='bbox 1458 3645 1600 3710; x_wconf 88' lang='lat' dir='ltr'><strong>luat</strong></span> <span class='ocrx_word' id='word_1_268' title='bbox 1668 3646 1983 3710; x_wconf 81' lang='lat' dir='ltr'><strong>Antonius</strong></span> <span class='ocrx_word' id='word_1_269' title='bbox 2052 3654 2341 3731; x_wconf 88' lang='lat' dir='ltr'><strong>peccata,</strong></span> <span class='ocrx_word' id='word_1_270' title='bbox 2414 3670 2605 3735; x_wconf 90' lang='lat' dir='ltr'><strong>quam</strong></span> 
     </span>
     <span class='ocr_line' id='line_1_33' title="bbox 234 3747 2607 3838; baseline 0.005 -28"><span class='ocrx_word' id='word_1_271' title='bbox 234 3747 752 3835; x_wconf 87' lang='lat' dir='ltr'><strong>significationem</strong></span> <span class='ocrx_word' id='word_1_272' title='bbox 824 3769 966 3814; x_wconf 92' lang='lat' dir='ltr'><strong>eam</strong></span> <span class='ocrx_word' id='word_1_273' title='bbox 1037 3771 1171 3815; x_wconf 90' lang='lat' dir='ltr'><strong>esse</strong></span> <span class='ocrx_word' id='word_1_274' title='bbox 1239 3751 1306 3814; x_wconf 90' lang='lat' dir='ltr'><strong>in</strong></span> <span class='ocrx_word' id='word_1_275' title='bbox 1376 3771 1502 3835; x_wconf 90' lang='lat' dir='ltr'><strong>qua</strong></span> <span class='ocrx_word' id='word_1_276' title='bbox 1569 3757 1792 3815; x_wconf 88' lang='lat' dir='ltr'><strong>natum</strong></span> <span class='ocrx_word' id='word_1_277' title='bbox 1853 3753 1938 3815; x_wconf 90' lang='lat' dir='ltr'><strong>sit</strong></span> <span class='ocrx_word' id='word_1_278' title='bbox 1994 3753 2259 3817; x_wconf 85' lang='lat' dir='ltr'><strong>verbum</strong></span> <span class='ocrx_word' id='word_1_279' title='bbox 2281 3803 2299 3838; x_wconf 88' lang='lat'>,</span> <span class='ocrx_word' id='word_1_280' title='bbox 2364 3755 2465 3821; x_wconf 85' lang='lat' dir='ltr'><strong>vel</strong></span> <span class='ocrx_word' id='word_1_281' title='bbox 2530 3778 2607 3823; x_wconf 86' lang='lat' dir='ltr'><strong>ex</strong></span> 
     </span>
     <span class='ocr_line' id='line_1_34' title="bbox 236 3850 2609 3941; baseline 0.003 -23"><span class='ocrx_word' id='word_1_282' title='bbox 236 3850 612 3921; x_wconf 80' lang='lat' dir='ltr'><strong>Graecorum</strong></span> <span class='ocrx_word' id='word_1_283' title='bbox 661 3860 867 3929; x_wconf 77' lang='grc' dir='ltr'><strong><em>ποινή,</em></strong></span> <span class='ocrx_word' id='word_1_284' title='bbox 925 3853 1151 3919; x_wconf 73' lang='grc' dir='ltr'><strong><em>ἄποινα</em></strong></span> <span class='ocrx_word' id='word_1_285' title='bbox 1210 3857 1632 3922; x_wconf 87' lang='lat' dir='ltr'><strong>demonstrari</strong></span> <span class='ocrx_word' id='word_1_286' title='bbox 1679 3859 1901 3941; x_wconf 86' lang='lat' dir='ltr'><strong>possit.</strong></span> <span class='ocrx_word' id='word_1_287' title='bbox 1994 3857 2233 3923; x_wconf 76' lang='lat' dir='ltr'><strong>Extant</strong></span> <span class='ocrx_word' id='word_1_288' title='bbox 2290 3865 2505 3926; x_wconf 90' lang='lat' dir='ltr'><strong>tamen</strong></span> <span class='ocrx_word' id='word_1_289' title='bbox 2544 3868 2609 3926; x_wconf 90' lang='lat' dir='ltr'><strong>et</strong></span> 
     </span>
     <span class='ocr_line' id='line_1_35' title="bbox 235 3959 2602 4049; baseline 0.005 -28"><span class='ocrx_word' id='word_1_290' title='bbox 235 3960 390 4042; x_wconf 87' lang='lat' dir='ltr'><strong>apud</strong></span> <span class='ocrx_word' id='word_1_291' title='bbox 437 3959 805 4026; x_wconf 80' lang='lat' dir='ltr'><strong>Ciceronem</strong></span> <span class='ocrx_word' id='word_1_292' title='bbox 879 3968 944 4026; x_wconf 88' lang='lat' dir='ltr'><strong>et</strong></span> <span class='ocrx_word' id='word_1_293' title='bbox 1007 3961 1164 4027; x_wconf 88' lang='lat' dir='ltr'><strong>alios</strong></span> <span class='ocrx_word' id='word_1_294' title='bbox 1229 3962 1491 4028; x_wconf 86' lang='lat' dir='ltr'><strong>Latinos</strong></span> <span class='ocrx_word' id='word_1_295' title='bbox 1553 3964 1888 4047; x_wconf 84' lang='lat' dir='ltr'><strong>scriptores</strong></span> <span class='ocrx_word' id='word_1_296' title='bbox 1949 3963 2109 4040; x_wconf 88' lang='lat' dir='ltr'><strong>loci,</strong></span> <span class='ocrx_word' id='word_1_297' title='bbox 2177 3967 2287 4049; x_wconf 86' lang='lat' dir='ltr'><strong>qui</strong></span> <span class='ocrx_word' id='word_1_298' title='bbox 2345 3966 2426 4030; x_wconf 83' lang='lat' dir='ltr'><strong>ad</strong></span> <span class='ocrx_word' id='word_1_299' title='bbox 2471 3978 2602 4032; x_wconf 82' lang='lat' dir='ltr'><strong>re‘m</strong></span> 
     </span>
     <span class='ocr_line' id='line_1_36' title="bbox 236 4067 2606 4153; baseline 0.004 -27"><span class='ocrx_word' id='word_1_300' title='bbox 236 4074 501 4131; x_wconf 83' lang='lat' dir='ltr'><strong>nostram</strong></span> <span class='ocrx_word' id='word_1_301' title='bbox 553 4067 831 4150; x_wconf 83' lang='lat' dir='ltr'><strong>faciunt,</strong></span> <span class='ocrx_word' id='word_1_302' title='bbox 893 4067 960 4130; x_wconf 93' lang='lat' dir='ltr'><strong>in</strong></span> <span class='ocrx_word' id='word_1_303' title='bbox 1020 4070 1252 4153; x_wconf 87' lang='lat' dir='ltr'><strong>quibus</strong></span> <span class='ocrx_word' id='word_1_304' title='bbox 1313 4075 1409 4133; x_wconf 87' lang='lat' dir='ltr'><strong>est</strong></span> <span class='ocrx_word' id='word_1_305' title='bbox 1472 4068 1676 4153; x_wconf 83' lang='lat' dir='ltr'><strong>Epist.</strong></span> <span class='ocrx_word' id='word_1_306' title='bbox 1739 4069 1819 4133; x_wconf 91' lang='lat' dir='ltr'><strong>ad</strong></span> <span class='ocrx_word' id='word_1_307' title='bbox 1890 4068 2028 4133; x_wconf 81' lang='lat' dir='ltr'><strong>Att.</strong></span> <span class='ocrx_word' id='word_1_308' title='bbox 2078 4068 2189 4134; x_wconf 84' lang='lat'><strong>111.</strong></span> <span class='ocrx_word' id='word_1_309' title='bbox 2239 4070 2346 4135; x_wconf 83' lang='lat'><strong>23.</strong></span> <span class='ocrx_word' id='word_1_310' title='bbox 2398 4070 2459 4135; x_wconf 84' lang='lat'><strong>3.</strong></span> <span class='ocrx_word' id='word_1_311' title='bbox 2509 4069 2606 4138; x_wconf 85' lang='lat' dir='ltr'><strong>Cf.</strong></span> 
     </span>
     <span class='ocr_line' id='line_1_37' title="bbox 239 4169 1447 4258; baseline 0.006 -27"><span class='ocrx_word' id='word_1_312' title='bbox 239 4169 545 4255; x_wconf 89' lang='lat' dir='ltr'><strong>imprimis</strong></span> <span class='ocrx_word' id='word_1_313' title='bbox 591 4170 793 4238; x_wconf 85' lang='lat' dir='ltr'><strong>Gaius</strong></span> <span class='ocrx_word' id='word_1_314' title='bbox 840 4171 861 4236; x_wconf 95' lang='lat' dir='ltr'><strong>l</strong></span> <span class='ocrx_word' id='word_1_315' title='bbox 938 4172 1044 4238; x_wconf 91' lang='lat' dir='ltr'><strong>IV.</strong></span> <span class='ocrx_word' id='word_1_316' title='bbox 1092 4174 1129 4257; x_wconf 67' lang='grc' dir='ltr'>ξ</span> <span class='ocrx_word' id='word_1_317' title='bbox 1180 4173 1264 4238; x_wconf 82' lang='grc'><strong>13</strong></span> <span class='ocrx_word' id='word_1_318' title='bbox 1313 4194 1447 4258; x_wconf 89' lang='lat' dir='ltr'><strong>sqq.</strong></span> 
     </span>
    </p>

    <p class='ocr_par' dir='ltr' id='par_1_11' title="bbox 242 4276 2614 4473">
     <span class='ocr_line' id='line_1_38' title="bbox 323 4276 2614 4367; baseline 0.004 -26"><span class='ocrx_word' id='word_1_319' title='bbox 323 4278 388 4342; x_wconf 84' lang='lat' dir='ltr'><strong>ln</strong></span> <span class='ocrx_word' id='word_1_320' title='bbox 457 4276 778 4344; x_wconf 77' lang='lat' dir='ltr'><strong>Ciceronis</strong></span> <span class='ocrx_word' id='word_1_321' title='bbox 840 4278 942 4343; x_wconf 87' lang='lat' dir='ltr'><strong>Or.</strong></span> <span class='ocrx_word' id='word_1_322' title='bbox 1015 4300 1149 4367; x_wconf 87' lang='lat' dir='ltr'><strong>agr.</strong></span> <span class='ocrx_word' id='word_1_323' title='bbox 1215 4278 1285 4343; x_wconf 88' lang='lat' dir='ltr'>H</span> <span class='ocrx_word' id='word_1_324' title='bbox 1348 4282 1389 4361; x_wconf 65' lang='grc' dir='ltr'>ξ</span> <span class='ocrx_word' id='word_1_325' title='bbox 1441 4278 1570 4345; x_wconf 90' lang='grc'><strong>100</strong></span> <span class='ocrx_word' id='word_1_326' title='bbox 1635 4277 1918 4362; x_wconf 82' lang='lat' dir='ltr'><strong>multum</strong></span> <span class='ocrx_word' id='word_1_327' title='bbox 1984 4279 2256 4345; x_wconf 89' lang='lat' dir='ltr'><strong>editores</strong></span> <span class='ocrx_word' id='word_1_328' title='bbox 2300 4291 2614 4350; x_wconf 84' lang='lat' dir='ltr'><strong>vexarunt</strong></span> 
     </span>
     <span class='ocr_line' id='line_1_39' title="bbox 242 4377 2614 4473; baseline 0.006 -29"><span class='ocrx_word' id='word_1_329' title='bbox 242 4377 449 4449; x_wconf 81' lang='lat' dir='ltr'><strong>haece:</strong></span> <span class='ocrx_word' id='word_1_330' title='bbox 527 4382 774 4470; x_wconf 80' lang='lat' dir='ltr'><strong>„Quare</strong></span> <span class='ocrx_word' id='word_1_331' title='bbox 842 4385 1031 4450; x_wconf 90' lang='lat' dir='ltr'><strong>modo</strong></span> <span class='ocrx_word' id='word_1_332' title='bbox 1094 4390 1168 4450; x_wconf 92' lang='lat' dir='ltr'><strong>ut</strong></span> <span class='ocrx_word' id='word_1_333' title='bbox 1231 4386 1367 4451; x_wconf 82' lang='lat' dir='ltr'><strong>vita</strong></span> <span class='ocrx_word' id='word_1_334' title='bbox 1424 4394 1757 4471; x_wconf 87' lang='lat' dir='ltr'><strong>suppetat,</strong></span> <span class='ocrx_word' id='word_1_335' title='bbox 1806 4404 1998 4470; x_wconf 88' lang='lat' dir='ltr'><strong>quam</strong></span> <span class='ocrx_word' id='word_1_336' title='bbox 2049 4406 2168 4473; x_wconf 93' lang='lat' dir='ltr'><strong>ego</strong></span> <span class='ocrx_word' id='word_1_337' title='bbox 2214 4392 2489 4456; x_wconf 87' lang='lat' dir='ltr'><strong>summis</strong></span> <span class='ocrx_word' id='word_1_338' title='bbox 2536 4393 2614 4459; x_wconf 88' lang='lat' dir='ltr'><strong>ab</strong></span> 
     </span>
    </p>
   </div>
  </div>
 </body>
</html>
