3192 5017
513 235 597 307 '72
1577 253 1814 306 comm.

504 432 645 493 tum
717 428 1055 513 praeterire
1123 429 1404 510 potuisse
1474 427 1924 516 corrigendum
1988 448 2121 494 esse
2182 432 2296 493 aut
2359 426 2615 505 μέλλε
2634 450 2720 491 τε
2744 477 2761 490 ,
2787 427 2902 492 aut

508 532 906 615 ἀριςίζειν
955 553 1007 598 s.
1052 533 1428 611 οὶριςιεῒν.
1524 534 1978 620 Aristophanes
2024 532 2141 618 Eq.
2191 531 2322 599 537
2372 533 2449 598 de
2496 531 2784 599 Cratete:
2835 528 2901 605 ὃς

508 642 636 707 ἀπὸ
697 644 962 719 σμικροῖς
1025 637 1306 714 δαπάνης
1373 640 1583 717 ὑμᾶς
1650 637 2039 720 οὶριςίζων
2087 641 2484 717 ἀπέπεμπεν.
2536 639 2722 704 Prior
2768 658 2902 704 cor·

505 746 757 834 rig-endi
826 746 989 812 ratio
1053 744 1460 830 praeferenda
1532 767 1667 811 esse
1730 745 1936 812 videri
2000 751 2242 831 pooest3
2310 750 2480 811 recte
2545 747 2718 811 enim
2776 744 2903 809 dici

507 853 794 934 ἀριςίζειν
857 853 996 916 τινα
1060 874 1117 916 τι
1184 871 1309 916 non
1375 852 1852 918 demonstratur
1908 850 2227 917 locutione
2289 851 2524 922 δεῖπνον
2585 850 2903 931 δειπνίζειν

504 957 684 1042 τινα,
737 963 801 1024 et
847 957 1013 1043 quod
1058 956 1396 1045 legebatur
1441 958 1611 1043 apud
1661 957 2150 1043 Xenophontem
2203 956 2402 1024 Conv.
2452 956 2538 1022 IV
2586 960 2622 1042 ξ
2670 956 2710 1022 9
2760 958 2902 1028 τοὺς

509 1063 923 1147 ἀλεκτρυόνας
970 1063 1307 1144 σκόροδα
1355 1063 1825 1136 σιτΙσαντες
1867 1064 2280 1149 probabiliter
2320 1063 2601 1130 Oobetus
2625 1066 2902 1129 correxit

509 1171 836 1237 scribendo
884 1169 1206 1249 σκοροδΙ
1220 1193 1545 1242 σαντες.
1595 1170 1818 1237 Nihilo
1866 1173 2083 1235 minus
2121 1191 2235 1255 pro
2276 1170 2473 1236 altera
2517 1172 2904 1236 correctione

509 1276 823 1364 (αριςίζειν
892 1297 942 1341 s.
1013 1277 1288 1362 οὶριςιεῖν)
1378 1276 1583 1342 afferri
1654 1279 1890 1363 poterit
1959 1275 2192 1341 similis
2265 1277 2650 1343 constructio
2722 1276 2905 1341 verbi

509 1383 795 1464 ποτίζειν.
844 1381 1032 1447 Plato
1078 1381 1345 1447 Phaedr.
1398 1403 1459 1467 p.
1508 1380 1640 1447 247
1687 1382 1742 1447 E
1790 1384 1817 1446 ὃ
1866 1383 2103 1464 ἡνίοχος
2153 1384 2339 1453 τοὺς
2388 1379 2690 1453 ἵππους
2739 1380 2906 1445 νέκ-

509 1515 657 1572 ταρ
717 1489 1070 1555 iord-rece.
1148 1485 1247 1555 Cf.
1312 1491 1505 1555 Arist.
1569 1490 1769 1576 Phys.
1838 1488 1897 1554 II
1970 1489 2013 1554 8
2074 1510 2134 1575 p.
2191 1487 2318 1554 199
2369 1509 2426 1554 a.
2479 1487 2585 1553 34.
2653 1488 2905 1575 Evang.

513 1596 716 1662 Marci
764 1594 859 1660 IX
911 1595 1015 1658 41.
1071 1592 1278 1675 Quare
1327 1597 1503 1681 optio
1549 1603 1685 1662 esto
1731 1616 1921 1680 penes
1966 1594 2294 1661 lectorem.

599 1814 1051 1880 Pmnomns
1090 1811 1164 1875 fr.
1222 1808 1353 1876 134

827 1915 1090 2000 οὗτος,
1141 1914 1398 1982 πόθεν
1448 1914 1713 1995 ἦλθες;
1767 1927 1830 1980 Β.
1882 1917 1968 1989 εἷς
2026 1918 2297 1982 Κολωνὸν
2346 1916 2562 1994 ἱέμην,

823 2027 889 2090 οὐ
940 2026 1042 2089 τὸν
1087 2028 1411 2102 ἀγοραῖον,
1462 2023 1641 2088 ἀλλὰ
1688 2023 1791 2086 τὸν
1837 2028 1953 2086 τῶν
2004 2022 2258 2088 ἱππέων.

508 2136 612 2202 Ita
682 2134 1007 2218 quaerenti
1071 2152 1194 2216 quo
1257 2137 1442 2215 pacto
1504 2132 1595 2194 sic
1659 2129 2019 2214 responderi
2080 2131 2398 2214 potuerit,
2463 2151 2568 2194 me
2642 2131 2907 2215 quidem

507 2243 684 2308 latet.
783 2241 849 2303 Si
912 2236 1281 2322 respicitur,
1342 2235 1508 2319 quod
1557 2240 1824 2319 putant,
1875 2234 2284 2319 proverbium
2330 2233 2434 2316 ὄψ’
2486 2231 2699 2314 ἦλθες,
2752 2238 2908 2302 ἀλλ’

509 2348 568 2424 ἐς
634 2347 736 2412 τὸν
785 2343 1051 2410 Κολωνὸν
1099 2340 1253 2420 ἵεσο,
1314 2341 1436 2405 dici
1483 2339 1745 2404 solitum
1800 2340 1900 2403 ἐπὶ
1952 2343 2069 2404 τῶν
2115 2342 2597 2421 μισθαρνούντων
2647 2351 2909 2409 auctore

509 2453 778 2530 Photi0,
828 2452 1028 2517 ferme
1076 2454 1402 2534 expectes:

961 2555 1080 2635 ὄψ’
1130 2552 1408 2630 ἦλθες,
1458 2547 1709 2625 οὗτος.
1762 2564 1826 2616 Β.
1880 2556 1964 2626 εἷς
2016 2554 2284 2619 Κολωνὸν
2330 2555 2457 2619 κτὲ.

510 2667 620 2732 sed
657 2664 823 2730 nihil
861 2662 1102 2730 affirmo
1145 2660 1269 2724 nisi
1308 2657 1463 2742 hoc,
1488 2658 1793 2723 traditam
1820 2662 2202 2745 scripturam
2236 2661 2528 2748 intellegi
2550 2682 2674 2728 non
2700 2683 2907 2748 posse.

592 2873 985 2939 Tannomnm
1031 2871 1111 2936 fr.
1165 2869 1213 2945 Ι,
1269 2869 1308 2934 3

777 2981 811 3056 ἧ
861 2986 948 3057 γῆ
997 2976 1049 3040 δ’
1097 2975 1265 3056 ἔφερ’
1315 2979 1379 3041 οὗ
1428 2975 1555 3048 δέος
1607 2977 1736 3072 οᾷδὲ
1785 2976 2100 3059 νόσους,
2151 2981 2307 3045 ἀλλ’
2354 2979 2669 3059 αὐτόματ’

2120 3082 2187 3160 ἦν
2233 3087 2318 3152 τὰ
2366 3087 2617 3153 δέοντα·

779 3189 909 3271 οἴνῳ
958 3190 1084 3268 γὰρ
1135 3185 1342 3254 ἅπασ’
1393 3186 1538 3268 ἔρρει
1588 3187 1884 3269 χαράδρα
1932 3191 2060 3254 κτὲ.

507 3301 808 3388 Opposita
854 3316 969 3382 pro
1015 3294 1219 3367 νόσους
1266 3293 1534 3359 suadent
1581 3295 1890 3368 πόνους.

592 3509 924 3576 Hnamm
970 3507 1047 3573 fr.
1100 3504 1206 3574 ¹71.

723 3614 924 3696 ὕςερον
973 3612 1028 3679 δ’
1079 3613 1328 3679 αὐτὸν
1375 3617 1785 3694 ςρατηγὸν
1834 3612 1962 3687 οὓς
2013 3618 2685 3698 ὥνειλωτημένην

723 3723 829 3787 καὶ
880 3718 1414 3800 κασαλβαζουσαν
1462 3716 1616 3786 εἶδον
1667 3722 1771 3786 καὶ
1824 3747 1862 3786 σ
1880 3748 1908 3787 ε
1927 3746 1966 3786 σ
1984 3739 2078 3790 αλ
2095 3750 2137 3788 ω
2158 3748 2226 3789 κι
2244 3748 2281 3789 σ
2299 3750 2350 3804 μ.
2369 3725 2398 3791 έ
2415 3753 2443 3791 ν
2462 3753 2496 3803 η
2519 3754 2571 3794 ν.

495 3831 723 3899 Editor
770 3827 1042 3895 aliorum
1094 3829 1470 3893 coniecturis
1516 3827 1779 3895 adiutus
1828 3831 2192 3915 suspicatur

771 3933 972 4013 iis-spon
1021 3932 1073 3997 δ’
1124 3933 1316 4007 αὐτὴν
1360 3941 1729 4014 στρατηγῶν
1777 3932 1859 4001 εὖ
1905 3952 2187 4002 συνειλ
2209 3963 2308 4003 ωτ
2329 3964 2346 4004 ι
2367 3941 2668 4018 σμένην

776 4087 1932 4108 ...........
2030 4047 2673 4126 σεσαλακωνισμένην.

493 4150 777 4215 Litterae
838 4154 950 4211 O‘r
1016 4148 1256 4212 servari
1304 4152 1569 4231 possunt
1583 4195 1600 4223 ,
1650 4149 1842 4213 modo
1889 4170 2106 4215 sumas
2153 4158 2407 4236 poetam
2455 4176 2569 4239 per
2615 4158 2894 4226 interro-

491 4258 820 4343 gationem
888 4241 1446 4342 indignabundum
1510 4254 1748 4319 dixisse
1808 4281 1835 4320 0
1856 4259 1888 4322 ὑ
1952 4261 2495 4339 συνειλωτισμένην
2558 4265 2713 4345 κτέ.;
2780 4267 2894 4335 sed

493 4361 570 4427 de
621 4360 976 4448 composito
1024 4358 1473 4441 συνειλωτίζειν
1520 4358 1769 4430 dubito,
