3192 5017
570 246 701 311 360
1535 263 2035 313 summamus.

564 439 720 501 satis
756 436 880 501 sibi
920 435 1089 500 docti
1131 435 1461 514 videntur,
1505 438 1631 501 nisi
1674 436 1925 501 doctam
1967 433 2306 499 attulerint
2338 437 2929 520 interpretationem.

565 540 802 607 Sedulo
861 549 1172 627 quaerunt
1237 545 1381 631 quis
1440 544 1529 608 sit
1573 542 1804 608 horum
1853 541 2192 607 verborum
2239 542 2462 624 dupla·
2503 564 2732 607 sensus.
2819 541 2932 606 Ne-

562 648 793 734 quitia,
834 649 1165 733 inquiunt,
1212 656 1365 714 ιἰιοει
1410 650 1477 712 iu
1524 649 1822 713 allusione
1859 649 1945 711 ad
1977 646 2205 731 ὄρχεις,
2229 648 2274 713 ι’.
2303 672 2354 712 e.
2397 648 2722 731 testiculos,
2761 647 2935 732 idque

566 774 645 818 ne
715 752 1204 834 obliviscamur,
1273 755 1469 820 etiam
1543 756 1642 821 bis
1714 752 2071 826 inculcant.
2144 775 2295 819 cum
2357 760 2542 839 poeta
2609 755 2934 830 ἀμπελίδος

568 858 748 939 ὄρχον
793 866 858 925 et
905 861 1178 942 ἡμερίδος
1225 860 1405 944 ὄρχον
1450 859 1890 946 appellaverit.
1933 859 2184 924 Nititur
2222 860 2342 925 hoc
2381 860 2772 926 scholiastae
2805 882 2938 925 auc·

570 968 855 1031 toritate:
919 969 995 1038 ὥς
1062 967 1485 1047 Φιλογέωργος
1547 968 1896 1044 ἀλληγορεῖ
1949 967 2025 1038 ὥς
2092 966 2226 1045 περὶ
2273 967 2611 1035 συνουσίας.
2707 964 2830 1031 Sed
2873 965 2943 1031 de

571 1069 695 1136 ficu
743 1080 1017 1157 pergunt
1066 1074 1337 1139 scribere
1382 1072 1549 1157 quod
1597 1072 1794 1137 etiam
1842 1073 2191 1156 exspectari
2230 1073 2480 1156 potuit:
2525 1072 2819 1156 Nequitia
2857 1072 2943 1134 in-

569 1199 690 1242 esse
757 1178 993 1242 videtur
1062 1180 1129 1243 ιἰι
1199 1179 1477 1259 συκίδων,
1545 1201 1724 1263 quum
1789 1183 1968 1242 σῦκον
2031 1183 2268 1260 saepius
2311 1183 2622 1242 umbus·
2673 1177 2946 1241 muliebre

564 1284 882 1365 :iynifieea
932 1285 1029 1349 Ne
1076 1283 1248 1353 oliva
1292 1285 1551 1370 quidem
1599 1287 1968 1349 innocenter
2016 1286 2140 1348 seri
2183 1288 2455 1369 poterit:

844 1388 948 1454 καὶ
998 1395 1132 1471 περὶ
1182 1391 1250 1454 τὸ
1300 1391 1519 1472 χωρίον
1565 1390 1798 1472 ἐλᾷδας
1850 1386 2022 1454 ὅταν
2071 1389 2130 1453 ἐν
2179 1390 2385 1469 κύκλῳ

840 1493 945 1564 ὦς’
989 1498 1369 1578 ἀλείφεσθαί
1412 1494 1475 1560 σ’
1523 1493 1645 1559 ἀπ’
1697 1498 1900 1560 αὐτῶν
1945 1496 2112 1573 κάμὲ
2161 1503 2303 1568 ταῖς
2353 1495 2722 1573 νουμηνίαις.

569 1601 809 1665 Rama
848 1602 913 1664 in
963 1604 1070 1666 hoc
1116 1626 1289 1668 versu
1333 1602 1697 1667 obscoenitas
1741 1603 1907 1666 lacet.
1957 1600 2164 1667 Roma
2207 1601 2422 1667 locuta
2467 1606 2585 1666 est.
2635 1600 2946 1686 Equidem

568 1706 787 1772 audire
854 1707 1078 1772 malim
1151 1708 1306 1793 quid
1382 1709 1549 1772 inter
1621 1708 1882 1786 ἡμερίδα
1949 1714 2014 1772 et
2092 1706 2423 1784 ἀμπελίδα
2485 1709 2778 1783 intersit,
2839 1727 2949 1772 nec

568 1812 1027 1900 negligendum
1075 1823 1172 1880 est
1217 1813 1557 1880 Aelianum
1607 1816 1674 1877 in
1724 1820 1951 1898 quarta
1997 1812 2264 1898 epistola
2309 1814 2583 1895 rustica,
2632 1813 2748 1878 ubi
2786 1811 2950 1877 hunc

567 1917 781 1984 locum
831 1921 1160 1996 imitatur,
1217 1939 1342 1984 non
1388 1919 1695 1997 μοσχίδια
1731 1918 1987 1983 συκίδων
2020 1917 2338 2004 appellare
2374 1918 2510 1996 νέα,
2553 1918 2667 1983 sed
2702 1918 2950 1991 ἀπαλά,

566 2024 733 2109 quod
778 2045 902 2090 non
947 2027 1163 2090 minus
1209 2024 1364 2089 bene
1411 2030 1618 2089 metro
1663 2027 1982 2090 convenit.

654 2236 1063 2302 Exclamarat
1117 2236 1477 2303 Lamachus
1522 2257 1616 2302 vs.
1681 2235 1888 2302 1105:
1938 2233 2131 2301 καλόν
2174 2259 2252 2314 γε
2300 2236 2406 2301 καὶ
2457 2236 2674 2301 λευκὸν
2720 2237 2795 2301 τὸ
2840 2245 2948 2312 τῆς

564 2344 805 2423 ςρουθοῦ
854 2340 1105 2421 πτερόν,
1154 2341 1320 2426 quod
1365 2340 1765 2427 Dicaeopolis
1811 2342 1905 2407 ita
1951 2341 2252 2423 παρωδεῖ·

972 2448 1163 2513 καλόν
1211 2471 1305 2526 γε
1352 2447 1457 2512 καὶ
1506 2444 1722 2523 ξανθὸν
1768 2448 1836 2512 τὸ
1885 2453 1993 2520 τῆς
2041 2446 2286 2528 φάτνης
2336 2447 2539 2528 κρέας.

562 2554 669 2620 sed
716 2575 942 2641 parum
991 2556 1168 2620 abest
1213 2559 1469 2638 propter
1509 2575 1600 2619 vs.
1651 2552 1824 2620 1100
1868 2561 1931 2620 et
1977 2553 2173 2631 1104,
2213 2556 2368 2639 quin
2405 2557 2692 2641 suspicer
2727 2578 2948 2624 verum

564 2681 729 2726 esse:
779 2661 970 2725 καλὸν
1019 2660 1054 2725 δ
1071 2659 1100 2724 ἑ
1146 2658 1252 2723 καὶ
1305 2655 1541 2734 ξανθόν.

655 3085 727 3150 In
775 3085 1119 3170 Equitibus
1168 3105 1259 3151 vs.
1311 3084 1396 3149 66
1443 3084 1823 3149 describitur
1869 3083 2105 3151 Cleon:

1110 3191 1491 3271 Παφλαγὼν
1538 3191 1601 3255 δὲ
1651 3189 1928 3269 περιθέων
1975 3191 2115 3261 τοὺς
2161 3188 2408 3259 οἰκέτας

928 3297 1129 3374 αἰτεῖ,
1177 3293 1611 3374 ταράττει,
1658 3295 1993 3376 δωροδοκεῖ,
2044 3295 2246 3373 λέγων
2293 3294 2473 3360 ταδί·

924 3403 1107 3483 δρᾶτε
1155 3401 1255 3467 τὸν
1300 3400 1504 3466 ’Ὕλαν
1551 3401 1627 3465 δι’
1676 3402 1786 3478 ἐμὲ
1834 3400 2331 3479 μαςιγούμενον;

923 3509 975 3573 εἴ
1021 3508 1112 3585 μή
1159 3510 1230 3585 μ’
1277 3507 1661 3582 ἀναπείσετ’,
1708 3507 2111 3572 ἀποθανεῖσθε
2160 3506 2443 3586 τήμερον.

926 3618 1103 3691 ἡμεῖς
1152 3613 1215 3678 δὲ
1262 3613 1521 3691 δίδομεν.

563 3717 705 3784 Non
769 3740 1063 3804 assequor
1122 3718 1277 3805 quid
1336 3718 1668 3800 ταράττειν
1723 3720 1827 3785 hic
1873 3721 1990 3803 sit,
2038 3721 2206 3784 inter
2250 3719 2450 3784 αἰτεῖν
2497 3724 2561 3784 et
2609 3718 2950 3797 δωροδοκεῖν

559 3825 846 3890 medium
900 3827 1368 3910 interpositum.
1463 3823 1765 3913 Cogitavi
1811 3826 1889 3891 de
1936 3833 2381 3903 μεταιτεῖ,
2430 3823 2576 3891 coll.
2624 3847 2721 3893 vs.
2774 3824 2946 3892 7¹74:

562 3930 705 4003 τοὺς
752 3931 867 4009 μὲν
913 3931 1220 4012 ςρεβλῶν,
1269 3930 1409 4003 τοὺς
1458 3931 1510 3996 δ’
1546 3930 1812 4013 ἄγχων,
1865 3932 2006 4004 τοὺς
2058 3932 2119 3997 δὲ
2168 3937 2501 4010 μεταιτῶν.

560 4137 759 4206 Venio
806 4142 886 4207 ad
932 4142 1146 4208 locum
1166 4191 1183 4222 ‚
1228 4165 1420 4230 quem
1467 4164 1688 4211 omnes
1735 4147 2111 4230 interpretes
2156 4165 2315 4230 quos
2360 4143 2685 4212 consulere
2731 4146 2938 4230 potui,

556 4264 884 4329 perperam
952 4257 1344 4334 acceperunt.
1438 4249 1645 4318 Verba
1713 4257 1864 4317 sunt
1922 4250 2378 4317 Demosthenis
2443 4251 2524 4317 ad
2590 4251 2940 4317 isiciarium

560 4370 650 4415 vs.
709 4349 879 4416 230:
