3192 5017
1080 1080 1705 1171 HESYCHIAN
1710 1081 1809 1171 A.

1263 1393 1627 1431 ——00000—

335 1652 412 1718 In
470 1649 760 1736 Epistola
820 1651 899 1716 ad
965 1651 1315 1739 Eulogium
1378 1671 1492 1735 pro
1547 1650 1895 1729 ἐβουλόμην
1943 1650 2004 1715 δὲ
2054 1652 2240 1718 αὐτὸν
2288 1655 2451 1730 μήτε
2499 1653 2628 1717 κτέ.

247 1758 388 1846 lege
454 1756 798 1836 ἐβουλόμην
843 1756 896 1821 δ’
937 1756 1088 1823 *AN
1138 1756 1360 1834 αὐτόν,
1414 1761 1480 1822 et
1526 1776 1668 1841 pro:
1721 1758 1798 1828 ὥς
1848 1757 1924 1822 ἂν
1969 1760 2058 1834 μὴ
2109 1795 2189 1807 -
2244 1753 2326 1830 οἷς
2379 1757 2628 1837 ἐγκαλῶ

251 1866 622 1944 Διογενιανῷ
671 1865 1038 1932 neme-meae,-
1085 1864 1363 1945 Φανείην.
1411 1862 1555 1949 lege
1601 1855 2026 1937 ἰι-πεπτωκώς,
2092 1864 2158 1927 id
2228 1868 2325 1928 est
2385 1887 2630 1943 περιπε-

250 1971 503 2043 πτωκῶς
546 1974 887 2056 praeeunte
935 1967 1461 2046 Hemsterhusio‚
1508 1975 1573 2033 et
1619 1972 1763 2053 post
1804 1988 2004 2052 pauca
2052 1989 2166 2053 pro
2211 1968 2470 2048 εὑρίσκει
2521 1970 2633 2034 αὖ·

247 2085 353 2152 τῆς
421 2079 530 2148 τὴν
594 2075 913 2154 ἑρμηνείαν
976 2083 1041 2140 et
1087 2075 1378 2155 εὑρίσκεις
1427 2075 1496 2138 τὸ
1545 2072 1909 2155 ζητούμενον
1956 2074 2223 2140 emenda
2267 2075 2519 2155 εὑρΗσει
2566 2082 2634 2141 et

246 2184 555 2264 εὑρῙ-Ῑσεις.

329 2289 717 2373 Saepissime
766 2295 821 2351 H
869 2295 935 2352 et
981 2296 1061 2351 Ic
1109 2289 1278 2353 inter
1323 2309 1390 2353 se
1437 2288 1929 2386 confunduntur.

335 2496 957 2577 Θριπόβρωτοςε
1026 2499 1075 2562 οἱ
1142 2496 1431 2568 Λάκωνες
1495 2503 1838 2577 σφραγῖσιν
1905 2498 2171 2578 ἐχρῶντο
2233 2496 2437 2574 ξύλοις
2511 2499 2626 2565 ὑπὸ

246 2610 440 2676 σητῶν
488 2603 922 2684 βεβρωμένοις.
1115 2606 1123 2613 ’

333 2708 594 2774 Excidit
641 2712 782 2795 ipsa
826 2710 1042 2797 glossa
1086 2712 1178 2774 sic
1223 2710 1646 2776 restituenda:

926 2813 1468 2895 Θριπήδεςοςτ
1517 2814 1942 2894 θριπόβρωτος.

333 2920 599 2987 Veteres
659 2921 953 2986 dicebant
1016 2919 1227 2997 ἔδομαι
1282 2921 1712 3007 (κατέδομαι),
1759 2920 2050 3005 ἐδήδοκα,
2099 2921 2429 3000 ἕδήδεσμαι
2482 2925 2627 3006 (κα-

243 3026 690 3113 τεδήδεσμαι),
741 3026 990 3102 ἦδέσθην
1036 3026 1499 3111 (κατηδέσθην),
1549 3024 1822 3111 ἔδεσμα,
1868 3027 2051 3094 ἑδεςὰ
2093 3028 2198 3091 καὶ
2241 3027 2443 3106 ποτά,
2488 3029 2627 3094 ἐδώ-

244 3130 436 3208 διμος.
531 3132 705 3199 Haec
772 3135 989 3198 omnia
1049 3133 1216 3217 apud
1280 3130 1627 3199 Graeculos
1685 3134 1753 3197 in
1800 3132 2283 3198 desuetudinem
2334 3136 2628 3201 abierunt

242 3257 478 3322 proque
541 3237 621 3301 iis
682 3238 810 3303 dici
858 3243 1079 3323 coepta
1122 3239 1478 3316 βρώσομαι,
1524 3236 1859 3317 βέβρωκα,
1908 3237 2274 3318 βέβρωμαι,
2326 3238 2624 3319 ἕβρώθην,

240 3343 502 3425 βρῶμα,
568 3343 783 3421 βρωτὰ
850 3343 954 3405 καὶ
1003 3342 1206 3419 ποτα,
1255 3343 1601 3422 βρώσιμος,
1651 3364 1921 3428 quorum
1961 3363 2106 3428 pars
2152 3344 2318 3428 apud
2370 3344 2625 3413 Veteres

243 3451 301 3512 in
353 3470 474 3518 usu
520 3449 686 3531 fuit,
734 3448 844 3513 sed
892 3451 1126 3515 rariore
1174 3457 1238 3514 et
1285 3449 1414 3514 fere
1463 3450 1724 3533 poetico.

331 3551 439 3619 Sic
502 3554 705 3641 igitur
766 3554 794 3619 ὅ
844 3554 959 3617 ὑπὸ
1009 3554 1221 3634 omen
1269 3555 1785 3630 κατεδηδεσμένοις
1832 3576 1869 3619 a
1916 3554 2250 3621 Veteribus
2296 3557 2628 3624 dicebatur

242 3657 624 3741 δριπήδεςος,
676 3679 712 3723 a
759 3656 1091 3725 Graeculis
1138 3658 1559 3740 θριπόβρωτος.

331 3765 652 3849 Frequens
735 3772 830 3829 est
903 3768 969 3828 in
1056 3766 1461 3850 antiquorum
1550 3767 1805 3850 scriptis
1877 3767 2259 3853 θριπήδεςος,
2332 3771 2624 3856 frequens

243 3873 436 3936 etiam
503 3870 672 3955 apud
730 3891 836 3936 eos
883 3871 990 3954 qui
1040 3869 1291 3936 Atticos
1340 3873 1713 3955 imitantur,
1761 3872 1871 3938 sed
1918 3873 2116 3939 stulto
2162 3871 2621 3943 Graeculorum

244 3997 447 4041 errore
496 3980 731 4061 passim
785 3980 850 4040 in
898 3975 1405 4055 θριπηδέσΤΑτ-ος
1446 3980 1892 4062 corrumpitur.
1944 3978 2258 4065 Exempla
2297 3983 2624 4067 complura

244 4081 310 4145 in
393 4082 450 4146 V
444 4106 536 4146 ar.
610 4083 794 4145 Lecti.
867 4084 1184 4166 expromsi
1205 4129 1220 4159 ‚
1288 4082 1415 4148 alia
1459 4089 1611 4148 sunt
1670 4082 1835 4168 apud
1900 4083 2294 4169 Stephanum
2356 4096 2524 4153 recte
2586 4111 2625 4156 a

245 4184 572 4252 Dindorfio
618 4194 854 4252 curata.

334 4292 573 4358 Eadem
634 4293 847 4380 glossa
906 4294 1112 4377 capite
1177 4299 1466 4360 truncata
1511 4307 1576 4361 et
1622 4315 1786 4360 novo
1832 4294 2063 4361 mendo
2110 4296 2339 4363 vitiata
2385 4298 2627 4388 legitur

250 4400 415 4483 apud
459 4398 902 4485 Hesychium:

2368 4527 2433 4575 24
