3192 5017
1291 313 1507 366 suros.
2463 288 2589 363 321

309 485 443 550 VII.
499 485 556 550 5.
615 483 686 549 I:
736 508 1023 572 quaerere
1067 489 1485 551 instittoerunt.

306 590 505 657 XXII.
554 592 616 655 2.
667 589 743 656 4:
793 595 1141 680 sacrificare
1185 594 1563 659 instituerat.

307 695 538 761 XXIII.
589 697 654 763 8.
704 697 780 762 3:
829 722 1019 786 quam
1063 701 1129 763 in
1175 700 1555 785 suscipiendo
1601 702 1976 766 instituerat.

304 803 530 868 XXIV.
585 802 648 869 3.
695 802 775 869 8:
825 805 1117 869 historias
1162 805 1416 870 scribere
1461 807 1757 870 instituit.

303 909 513 976 XXV.
565 910 671 974 11.
720 908 794 976 2:
839 923 1177 996 ceterosque
1222 947 1308 959 -
1354 913 1629 976 instituit
1675 915 1851 978 tueri.

302 1015 444 1080 libri
489 1019 833 1081 instituerit
877 1024 943 1081 et
988 1019 1300 1082 institerit.

301 1123 630 1189 Praeterea
674 1124 1018 1207 antiquarii
1064 1121 1356 1189 lubenter
1401 1127 1616 1189 vetere
1664 1124 1860 1190 verbo
1908 1125 2276 1192 utebantur.
2335 1124 2588 1194 Gellius

225 1228 295 1294 N.
335 1229 414 1294 A.
463 1228 608 1294 XV.
652 1227 775 1293 22:
815 1231 1195 1316 persuadere
1240 1230 1520 1294 omnibus
1566 1232 1856 1295 instituit.

299 1337 526 1420 optimi
571 1334 758 1399 libri:
807 1336 1055 1399 institit.

301 1440 406 1506 Sic
463 1443 662 1507 etiam
727 1439 1127 1507 scribendum
1197 1439 1344 1506 XII.
1398 1441 1472 1506 1:
1511 1442 1808 1527 fabulari
1848 1444 2079 1509 institit
2114 1444 2427 1531 prolixius
2475 1465 2587 1530 pro

221 1549 497 1613 instituit.

296 1763 491 1828 Alcib.
561 1762 704 1828 VII.
768 1761 844 1827 2:
910 1786 986 1829 ex
1047 1787 1167 1849 quo
1217 1763 1415 1850 fiebat
1463 1775 1532 1827 ut
1577 1765 1786 1828 omnia
1832 1766 2038 1829 minus
2080 1788 2375 1854 prospere
2419 1780 2591 1853 qesta

217 1870 416 1958 eulpae
478 1872 813 1937 tribuerent
832 1919 848 1949 ‚
915 1895 1054 1936 cum
1113 1887 1241 1934 Am*
1288 1887 1422 1935 mm
1464 1868 1834 1953 neyliyenter
1876 1883 1990 1935 aut
2033 1873 2338 1937 malitiose
2370 1875 2593 1960 fecisse

216 1975 610 2062 loquerentur.

300 2081 532 2149 Verum
583 2083 864 2149 ordinem
918 2082 1204 2148 restituit
1248 2080 1602 2146 Lambinus
1648 2099 1783 2147 ntm
1826 2100 1979 2160 Aur,
2037 2084 2149 2150 sed
2194 2105 2384 2151 nemo
2421 2093 2590 2153 recte

217 2190 489 2253 monenti
535 2188 951 2274 obtemperat.

301 2397 495 2464 Alcib.
561 2398 744 2465 VIII.
805 2398 885 2475 23
957 2399 1305 2466 Alcibiades
1365 2404 1453 2466 ad
1511 2405 1841 2468 exercitum
1902 2405 2064 2469 venit
2121 2403 2590 2472 Atheniensium

221 2505 405 2592 ibique
461 2518 810 2594 praese-nte,
841 2507 1019 2592 vulgo
1082 2529 1259 2592 ayere
1320 2512 1552 2594 coepit.-
1596 2514 1654 2573 si
1697 2509 1912 2574 vellent
1955 2532 2018 2575 se
2061 2523 2417 2576 coacturum
2463 2514 2590 2601 Ly-

220 2614 505 2676 sandrum
549 2614 844 2678 dimicare
887 2625 1001 2678 aut
1036 2636 1254 2702 pacem
1292 2626 1499 2701 petere
1549 2615 1962 2700 [spoponditJ.

299 2718 373 2782 In
426 2718 609 2784 libris
670 2725 767 2783 est
802 2732 1010 2807 petere
1071 2724 1389 2809 respondit
1433 2726 1547 2787 aut
1593 2723 1984 2810 responderet
2028 2727 2142 2788 aut
2186 2728 2555 2812 respondent
2573 2773 2591 2804 ‚

222 2841 367 2906 quae
430 2827 648 2890 omnia
710 2845 835 2891 non
898 2833 1048 2890 sunt
1092 2830 1283 2892 unius
1330 2829 1506 2893 assis.
1600 2827 1814 2913 Nepos
1860 2831 2229 2913 scripserat:
2282 2867 2365 2879 —-
2412 2855 2591 2916 aqere

220 2933 396 3015 coepit
416 2977 433 3007 ‚
491 2936 549 2994 si
607 2931 821 2996 vellent
878 2955 938 2995 se
998 2946 1350 2998 coacturum
1407 2932 1809 3020 Lysandrum
1870 2936 2163 3000 dimicare
2221 2949 2333 3000 aut
2370 2960 2588 3025 pacem

213 3048 404 3119 petere
422 3084 438 3114 ‚
499 3043 815 3121 expuncto
888 3037 1290 3125 [respondit].
1359 3039 1559 3124 Ayere
1603 3043 1798 3128 coepit
1843 3048 1940 3107 est
1984 3041 2207 3118 λόγους
2258 3043 2586 3117 ἐποιήσατο

221 3140 344 3205 sive
389 3138 578 3207 εἶπεν.
628 3141 990 3208 Alcibiades
1037 3163 1233 3227 quum
1287 3151 1612 3229 praesente
1653 3143 1853 3232 vulgo
1891 3147 2084 3212 verba
2122 3148 2357 3215 faceret
2378 3168 2586 3215 mxl'r:

220 3248 272 3308 si
310 3248 518 3313 vellent
563 3272 624 3312 se
665 3260 1018 3313 coacturum
1064 3256 1185 3314 cet.

299 3460 491 3527 Alcib.
558 3461 680 3526 IX.
748 3460 826 3525 2:
913 3463 1174 3529 Thraces
1233 3477 1572 3552 postquam
1641 3485 1777 3529 eum
1844 3489 1983 3529 cum
2048 3489 2277 3552 maqna
2326 3470 2593 3555 pecunia

222 3569 429 3632 venisse
490 3581 806 3633 senserunt
858 3570 1117 3634 insidias
1155 3571 1440 3656 fecerunt
1459 3618 1474 3646 ‚
1526 3571 1699 3655 [qui]
1747 3594 1817 3635 ea
1862 3595 2019 3657 quae
2062 3584 2441 3660 apportarat
2486 3574 2591 3638 ab·

222 3674 510 3739 stulemnt
533 3723 548 3752 ‚
596 3677 805 3762 ipsum
851 3699 1062 3764 capere
1107 3701 1231 3742 non
1269 3689 1630 3765 potuerunt.

302 3777 365 3842 Si
425 3780 769 3846 molestum
832 3789 897 3846 et
956 3784 1391 3866 importunum
1458 3784 1570 3870 qui
1630 3781 1939 3849 deleveris
1958 3831 1975 3860 ,
2040 3786 2256 3850 omnia
2312 3789 2479 3851 recte
2524 3791 2589 3852 et

223 3883 421 3950 ordine
467 3886 806 3972 procedent
851 3891 916 3951 et
961 3887 1302 3953 verborum
1353 3889 1733 3973 compositio
1780 3909 1934 3955 sana
1979 3892 2122 3956 erit.

302 4095 492 4163 Alcib.
553 4098 678 4164 XI.
748 4099 823 4164 3:
895 4123 1102 4165 omnes
1172 4103 1335 4165 enim
1395 4101 1649 4166 Boeotii
1702 4104 1903 4187 mayis
1952 4104 2265 4189 firmitati
2317 4105 2594 4189 corporis

225 4223 395 4285 quam
453 4207 683 4289 inqenii
725 4224 996 4271 acumml
1042 4210 1403 4272 inserviunt.
1497 4207 1774 4273 Remota
1819 4207 2280 4293 praepositione
2324 4211 2594 4274 acumim

227 4312 485 4375 serviunt
555 4311 812 4376 videtur
873 4313 1197 4378 emendari
1262 4320 1567 4399 oportere.
1664 4312 1900 4380 Sensus
1964 4321 2093 4381 est:
2165 4313 2312 4399 plus
2370 4335 2594 4400 operae

227 4422 452 4498 ponunt
497 4420 560 4482 in
613 4415 917 4484 firmando
966 4440 1223 4505 corpore
1269 4441 1463 4505 quam
1506 4422 1574 4486 in
1623 4422 1881 4508 ingenio
1927 4422 2226 4489 acuendo.

2281 4543 2343 4593 81
