3192 5017
486 216 567 281 16
1478 237 1857 286 nummosve

485 407 632 474 Jam
685 407 1101 473 Marklandus
1148 408 1467 473 intellexit
1512 407 1682 473 hune
1727 408 1935 474 locum
1987 411 2223 475 vit-ium
2275 408 2439 475 alere
2487 414 2550 474 et
2589 431 2667 475 ne
2706 431 2869 476 mor-

484 513 645 579 tales
691 513 902 590 μάτην
950 513 1330 594 ἁμαρτάνειν
1381 514 1774 589 dicerentur,
1820 516 2030 580 πολλοὶ
2084 514 2508 593 μανθάνοντες
2565 518 2865 600 reposuit.

486 620 701 685 Nimis
765 626 980 685 autem
1038 620 1346 707 languida
1391 642 1465 687 ea
1509 623 1823 687 sententia
1868 630 1965 686 est
2010 628 2074 687 et
2121 620 2620 687 Valckenaerius
2663 630 2867 707 recte,

484 725 580 791 01.
651 726 1072 792 Marklandus
1095 778 1111 805 ‚
1180 729 1421 812 inquit,
1478 730 1532 791 si
1579 733 1918 793 retractare
1966 726 2230 814 vulgata
2277 727 2588 804 voluerit,
2637 727 2866 794 fatebi-

482 839 616 909 tur,
681 835 935 917 opinor,
997 853 1123 899 non
1184 854 1288 898 eos
1335 836 1444 918 qui
1495 833 1848 910 discerent,
1899 834 2006 899 sed
2062 836 2174 919 qui
2220 836 2428 899 varias
2476 838 2641 899 artes
2688 833 2867 899 dooe-

480 946 621 1004 rent
677 939 836 1004 alios
883 938 1123 1024 alloqui
1167 936 1426 1006 Thesea.
1522 939 1767 1004 Deinde
1811 940 1949 1005 loco
1998 940 2312 1005 laboranti
2358 960 2719 1005 succurrere
2767 960 2864 1005 oo·

478 1052 669 1110 natur
712 1046 1253 1132 interpungend03
1301 1044 1525 1110 retulit
1572 1049 1741 1111 enim
1790 1046 2162 1112 adverbium
2211 1045 2420 1123 μάτην
2468 1044 2546 1111 ad
2595 1047 2863 1112 verbum

479 1150 816 1216 διδάσκετε.
916 1151 1150 1216 Verum
1210 1150 1362 1216 lieet
1422 1152 1542 1216 hoe
1588 1152 1850 1217 fortasse
1902 1152 2299 1218 tolerabilius
2347 1154 2431 1217 sit
2482 1172 2672 1237 quam
2722 1151 2866 1220 vul-

476 1262 629 1344 gata
673 1256 895 1333 lectio,
947 1278 1058 1321 eur
1103 1256 1287 1322 πόλλ’
1334 1256 1718 1338 ἀμαρτάνειν
1766 1257 2067 1323 mortales
2119 1258 2439 1341 dicuntur,
2487 1278 2638 1323 eum
2687 1263 2867 1322 unius

479 1368 732 1426 tantum
778 1363 934 1427 artis
980 1368 1266 1448 expertes
1312 1365 1443 1429 sint
1486 1384 1603 1429 nee
1651 1363 2031 1449 desipientes
2070 1366 2310 1449 possint
2353 1362 2574 1429 dooere
2615 1365 2866 1449 sapien-

481 1470 663 1532 tiam.
763 1467 833 1533 Si
894 1475 1189 1553 peccatur
1250 1470 1368 1535 hoe
1416 1470 1606 1535 modo
1632 1517 1649 1547 ,
1698 1476 1866 1535 certe
1912 1491 2037 1534 non
2085 1476 2381 1554 peccatur
2429 1469 2861 1553 multiplieiter.

480 1572 827 1658 Composui
896 1582 1112 1640 autem
1198 1576 1367 1659 quod
1453 1575 1609 1641 alibi
1694 1575 2034 1660 Euripides
2117 1575 2317 1659 dixit,
2399 1575 2547 1641 vide
2625 1574 2868 1640 Mnem.

483 1678 577 1744 VI
628 1677 752 1757 28,
2022 1702 2030 1709 ’

933 1786 1356 1867 σπουδάζομεν
1403 1787 1467 1852 δὲ
1514 1787 1700 1853 πόλλ’
1752 1788 1858 1852 ὑπ’
1910 1788 2169 1852 ἐλπίδων
2216 1793 2395 1851 κενῶν

939 1892 1146 1968 μάτην
1195 1895 1406 1965 πόνους
1457 1892 1704 1977 ἔχοντες
1753 1894 1917 1959 οὐδὲν
1966 1892 2222 1970 εἰδότες,

486 1996 909 2082 similiterque
957 1998 1302 2067 Horatius:
1353 1999 1521 2079 Quid
1568 2000 1749 2064 brevi
1797 1999 1989 2064 fortes
2018 2000 2368 2083 jaculamur
2408 2017 2565 2063 aevo
2611 1995 2859 2062 multa?

481 2101 703 2186 Itaque
772 2103 1160 2188 scripserim·
1238 2102 1280 2168 ὦ
1343 2105 1531 2169 πόλλ’
1601 2101 2169 2183 ἀκοντίζοντες
2238 2100 2540 2183 ἄνθρωποι
2625 2102 2855 2177 μάτην.

480 2207 861 2291 Metaphora
906 2214 1001 2273 est
1047 2229 1172 2293 qua
1218 2209 1555 2294 Euripides
1601 2210 1774 2274 haud
1819 2208 2021 2275 semel
2065 2211 2293 2273 utitur.
2340 2207 2566 2273 'l'.road
2618 2204 2787 2272 638:

1021 2314 1145 2391 ἐγὼ
1191 2315 1254 2380 δὲ
1299 2313 1653 2391 τοξεύσασα
1702 2323 1813 2390 τῆς
1864 2312 2143 2391 εὐδοξίας

1021 2424 1317 2500 λαχοῦσα
1365 2429 1616 2487 πλεῖστον
1663 2444 1772 2497 της
1818 2420 2019 2502 τύχης
2071 2417 2441 2501 ἡμάρτανον.

482 2526 704 2612 Suppl.
755 2527 921 2594 745:

1758 2629 1800 2696 ὦ
1850 2632 2003 2697 κενοὶ
2048 2631 2316 2709 βροτῶν,

934 2738 985 2809 οἳ
1031 2741 1203 2819 τόξον
1251 2740 1609 2810 ἐντείνοντες
1660 2740 1735 2809 ὦς
1786 2741 1990 2817 καιροῦ
2037 2736 2232 2816 πέρα,

927 2848 1030 2913 καὶ
1078 2845 1224 2925 πρὸς
1258 2846 1441 2921 -δίκης
1488 2867 1568 2921 γε
1618 2842 1829 2906 πολλοὶ
1876 2841 2232 2923 πάσχοντες
2282 2838 2488 2919 κακά,

930 2955 1136 3034 Φίλοις
1183 2953 1298 3031 μὲν
1345 2953 1410 3016 οὐ
1459 2947 1804 3024 πείθεσθε,
1856 2949 1984 3014 κτὲ.

476 3063 694 3148 Ipsum
739 3081 987 3147 quoque
1032 3060 1296 3126 verbum
1342 3055 1674 3137 ἀκοντίζειν
1714 3055 1883 3140 apud
1923 3054 2292 3139 Euripidem
2335 3054 2600 3119 minime
2646 3074 2856 3119 rarum

484 3174 615 3253 est,
664 3167 868 3235 veluti
917 3165 1138 3251 Suppl.
1192 3162 1363 3230 456:

909 3272 1010 3335 καὶ
1062 3276 1273 3336 ταῦτα
1323 3271 1437 3348 μὲν
1489 3268 1558 3342 δὴ
1607 3271 1751 3349 πρὸς
1801 3268 1886 3332 τά
1936 3267 1994 3333 σ’
2046 3265 2429 3345 ἐξηκόντισα.

483 3379 587 3447 vel
634 3378 860 3444 Troad.
917 3377 1079 3442 144:

795 3483 991 3548 ἀλλὰ
1019 3486 1145 3562 γάρ
1193 3482 1259 3547 τί
1302 3482 1442 3553 τοὺς
1494 3479 1839 3550 Ὀδυσσέως
1885 3476 2247 3559 ἐξακοντίζω
2298 3477 2550 3557 πόνους;

478 3595 717 3661 Eodem
788 3593 1105 3677 pertinent
1173 3589 1309 3653 Ion.
1381 3586 1535 3671 256,
1600 3586 1906 3652 Androm.
1979 3582 2108 3650 365
2172 3590 2235 3650 et
2292 3583 2449 3650 Hee.
2519 3582 2671 3661 603,
2747 3583 2860 3649 ubi

480 3699 646 3789 quod
693 3697 967 3785 legitur.

840 3802 942 3866 καὶ
990 3825 1074 3866 τα
1095 3804 1247 3864 ῦτα
1294 3799 1437 3878 μὲν
1485 3799 1568 3875 δη
1621 3803 1753 3869 νοῦς
1802 3794 2116 3873 ἐτόξευσεν
2164 3794 2420 3873 μάτηνη

480 3911 706 3979 malim
756 3930 939 3976 sane:
1021 3988 1025 3994 .

938 4015 1163 4080 καίτοι
1211 4014 1292 4078 τί
1335 4015 1607 4077 ταῦτα
1656 4016 1787 4083 νοῦς
1839 4009 2152 4086 ἐτόξευσεν
2200 4007 2444 4086 μάτην;

480 4124 813 4189 Praeterea
859 4122 1205 4187 videndum
1258 4127 1389 4195 est,
1439 4139 1593 4182 num
1647 4117 1807 4182 forte
1853 4119 1918 4180 in
1958 4113 2318 4201 Hippolyto
2355 4113 2700 4202 legendum
2740 4114 2856 4178 sit:

1022 4226 1062 4291 ὦ
1114 4226 1298 4290 πόλλ’
1346 4221 1759 4303 ἀκοντίζοντες
1812 4221 2099 4301 ἄνθρωποι
2151 4221 2395 4299 μάτην,

1025 4326 1090 4398 οἳ
1140 4333 1208 4405 δὴ
1255 4332 1489 4413 τέχνας
1539 4329 1651 4407 μὲν
1699 4330 1917 4409 μυρίας
1967 4328 2120 4401 κτὲ.,
