3192 5017
1261 294 1687 342 nssschANA.
2534 271 2667 342 377

351 463 1068 543 Παυσιβάκτρωνῑ
1116 467 1379 545 ἰσχυρῶν
1424 465 1770 542 βακτηριῶν
1816 462 2167 543 χρωμένων.

360 574 524 662 Leg.
573 571 1080 652 ΠΛσιβακτρωνε
1131 574 1422 653 ἰσχυραῖς
1469 570 1846 648 βακτηρίαις
1891 568 2238 647 χρωμένων.

362 681 699 746 nminem
748 678 915 764 apud
963 685 1209 744 veteres
1256 677 1422 742 nihil
1470 676 1646 744 aliud
1693 681 1792 741 est
1845 695 2035 760 quam
2085 674 2274 754 ἔχειν.
2315 674 2662 760 Xenophon

275 789 474 852 Anab.
529 785 651 851 VI.
693 786 751 849 1.
802 784 921 848 12:
964 783 1188 855 πείσας
1232 790 1349 848 τῶν
1391 783 1701 862 Ἀρκάδων
1739 781 1880 847 τινα
1914 781 2274 859 πεπαμένον
2311 781 2663 861 ὁρχηςρίδα,

271 891 337 957 id
398 898 501 958 eet
564 889 818 970 ἔχοντα.
914 889 1140 974 Itaque
1202 888 1626 967 πασίβακτροι
1688 893 1837 953 sunt
1896 889 1948 952 οἱ
1995 888 2344 968 βακτηρίας
2391 884 2663 966 ἔχοντες.

271 1001 344 1062 ut
393 998 568 1084 apud
620 994 1113 1081 Aristophanem
1160 997 1229 1059 in
1273 995 1491 1059 Pluto:

820 1101 926 1168 καὶ
975 1102 1164 1167 ταῦτ’
1211 1101 1361 1178 ε’μοῢ
1407 1100 1758 1180 βακτηρίαν
1806 1098 2078 1182 ἔχοντος.

362 1312 910 1394 Πεδαοριςῆςτ
960 1308 1147 1381 ἵππος
1192 1311 1656 1393 φρυαγματίας
1704 1311 1808 1375 καὶ
1856 1311 2246 1390 μετεωριςῆς.

359 1420 617 1486 Mirum
680 1421 747 1484 ni
805 1419 1000 1484 fuerit
1064 1416 1481 1495 Πεδαορικτοὶς
1544 1417 1749 1482 forma
1808 1415 2057 1482 Dorica.
2118 1417 2317 1483 Dores
2377 1420 2548 1483 enim
2596 1423 2664 1483 et

272 1523 620 1593 Aeolenses
658 1527 953 1593 dicebant·
992 1523 1306 1604 πεδάορος,
1355 1528 1430 1588 ut
1467 1521 1649 1588 Iones
1690 1524 1985 1601 μετήορος
2026 1528 2091 1589 ct
2112 1521 2320 1588 Attici
2345 1523 2665 1606 μετέωρος.

358 1736 745 1803 Πεινέωνε
796 1741 1029 1803 πεινῶν.

359 1843 536 1911 Ordo
598 1843 883 1930 postulat
929 1842 1215 1908 πεινάων.
1263 1841 1380 1906 Est
1427 1840 1642 1928 glossa
1687 1839 2032 1907 Homerica
2079 1862 2156 1906 ex
2199 1841 2379 1906 Iliad.
2432 1853 2499 1906 Γ.
2549 1843 2659 1908 25.

274 1950 464 2034 Apud
519 1949 880 2016 Homerum
947 1948 1207 2014 πεινάων
1271 1948 1466 2013 habet
1527 1972 1571 2010 α
1632 1947 2013 2032 productum
2036 1994 2053 2026 ‚
2102 1968 2295 2033 quare
2339 1969 2465 2015 non
2510 1971 2660 2016 con-

271 2056 570 2141 trahitur,
617 2076 820 2140 neque
865 2061 1079 2122 mutat
1125 2055 1419 2121 formam.

354 2267 556 2346 Περί
570 2267 779 2338 οδοςε
828 2267 898 2331 τὸ
949 2266 1015 2330 ἐκ
1063 2265 1539 2343 διαλειμμάτων
1586 2262 1875 2329 ἐπιπεσὸν
1916 2268 2288 2330 “ONOMA.

358 2372 664 2439 Ridicula
732 2371 922 2438 lectio
989 2380 1086 2438 eet
1154 2371 1362 2450 ὄνομα.
1460 2371 1574 2438 Nil
1636 2373 1852 2437 verius
1912 2370 2164 2437 Heinsii
2220 2373 2659 2440 emendatione

272 2496 392 2542 non
437 2485 729 2564 recepta:
783 2479 1076 2544 ἐπιπεσὸν
1125 2486 1515 2544 NOCHMA.
1583 2478 1753 2543 Nam
1800 2479 2051 2562 proprie
2098 2478 2176 2543 de
2218 2479 2380 2544 febri
2426 2480 2661 2546 dicitur

268 2585 533 2665 περίοδος
580 2589 863 2666 πυρετοῦ.

357 2797 863 2875 Πισύγγιοντ
912 2805 1206 2862 σκυτεῖον.

357 2903 838 2980 Πισύγγωνε
888 2901 1178 2966 σκυτέων.

358 3006 574 3075 Codex
619 3008 888 3073 σκυτίον.
936 3007 1133 3073 Recte
1181 3007 1589 3072 emendatum
1644 3011 1739 3071 est
1787 3005 1893 3070 sed
1935 3005 2156 3070 eadem
2196 3027 2383 3090 opera
2422 3019 2656 3088 Πισυγ-

271 3121 434 3187 γεῒον
505 3121 856 3180 correctum
921 3115 1222 3200 oportuit.
1320 3114 1736 3179 Athenienses
1798 3113 2092 3179 dicebant
2154 3113 2527 3193 σκυτοτόμος
2592 3123 2657 3182 et

268 3230 716 3300 σκυτοτομεῖον.

358 3440 659 3498 ΠΟΘΕΝ
710 3432 975 3520 (πόθενς)
1029 3471 1113 3482 -
1151 3434 1300 3510 ,μεθ’
1353 3433 1712 3512 ὑποκρίσεως
1762 3433 1899 3498 αντὶ
1948 3438 2054 3498 τοῦ
2104 3433 2342 3499 οὗτοι.

357 3537 431 3602 In
501 3536 733 3605 Codice
802 3546 933 3605 est:
1008 3541 1145 3605 ἀντὶ
1212 3544 1319 3604 τοῦ
1384 3535 1600 3603 οὕτω.
1695 3539 2069 3628 Legendum
2141 3541 2279 3606 ἀντὶ
2341 3550 2447 3609 τοῦ
2514 3557 2651 3614 OT.

271 3638 627 3711 Sexcenties
672 3649 739 3710 in
787 3645 971 3711 libris
1020 3646 1491 3711 confunduntur
1539 3650 1604 3711 οὐ
1658 3647 1788 3732 (οὐ,
1839 3648 1934 3734 οὔ)
1983 3656 2048 3714 et
2092 3648 2245 3715 οὕτω
2294 3649 2436 3730 (οὔ).

357 3750 597 3817 Eadem
661 3771 848 3837 opera
908 3751 1034 3817 duo
1096 3752 1267 3838 apud
1333 3752 1667 3818 Platonem
1728 3754 1852 3820 loci
1915 3757 2233 3821 emendari
2281 3764 2541 3842 possunt
2585 3760 2652 3825 in

273 3853 484 3939 Lyside
533 3878 682 3944 pag.
731 3856 966 3921 208b:
1016 3857 1227 3938 πόθενς
1280 3852 1315 3929 ἦ
1365 3858 1418 3922 δ’
1465 3856 1527 3930 ’ὅς
1580 3860 1816 3946 [ἐῷεν],
1862 3868 1927 3926 et
1972 3883 2115 3950 pag.
2169 3862 2301 3928 209
2326 3887 2385 3926 c:
2432 3865 2646 3944 πόθεν;

273 3955 335 4033 ἦν
379 3964 431 4028 δ’
479 3963 600 4044 ἐγώ
651 3966 747 4049 [οὖ
794 3963 1050 4048 ρᾀιον];

357 4184 882 4261 Προσθεῒναιε
944 4179 1015 4245 τὸ
1075 4179 1454 4260 παραδοῦναι
1514 4181 1600 4261 τῷ
1664 4180 1970 4261 ἐωνημένῳ
2034 4181 2150 4246 ὑπὸ
2211 4184 2457 4270 κήρυκι,
2504 4186 2649 4269 ὅπερ

278 4292 370 4355 νῦν
415 4290 713 4371 κῦρσαί
757 4294 975 4370 Φασιν.

361 4397 516 4486 ch.
563 4403 848 4478 κυρῶσαι.
896 4394 1135 4461 excidit
1180 4393 1626 4460 circumflexus
1672 4417 1715 4456 ω
1763 4392 2144 4481 significans·

2332 4521 2396 4569 25
