3192 5017
487 276 572 344 18
1493 297 1854 346 nummum.

480 489 637 532 num
688 467 856 532 filius
901 469 1196 533 inciderit
1246 471 1311 532 in
1358 489 1587 532 manus
1633 470 1782 533 irati
1833 468 2053 532 mariti
2099 470 2165 531 et
2210 466 2289 531 ad
2337 467 2553 532 uxoris
2598 465 2868 531 dedecus

482 594 608 638 non
666 576 1076 639 conniventis.
1178 573 1490 659 Requiro·
1557 573 1907 652 οὶφιγμένος
1960 573 2147 637 τινί.
2242 570 2409 638 Satis
2460 579 2611 636 nota
2658 591 2732 636 ea
2773 569 2865 634 lo·

483 681 655 743 cutio
704 684 833 758 est;
884 680 938 744 si
985 683 1128 763 quis
1178 687 1394 744 tamen
1441 700 1578 744 eam
1632 679 1914 744 nondum
1961 679 2356 753 observavit,
2398 678 2649 742 abunde
2688 679 2869 742 satis·

482 784 671 850 faciet
719 784 1210 851 Valckenaerius
1260 786 1338 851 ad
1386 785 1625 850 Phoen.
1680 784 1842 852 482:
1895 784 1968 848 δι’
2018 782 2243 863 ἔχθρας
2293 784 2446 863 τῷδε
2495 784 2598 847 καὶ
2649 782 2868 863 φθόνου

481 893 721 973 μολών,
786 892 848 955 h.
901 912 991 956 e.:
1059 892 1268 972 ἐχθρὸς
1317 890 1643 968 γενόμενος
1694 891 1798 955 καὶ
1848 892 2148 969 Φθονερός.
2246 886 2547 955 Ceterum
2593 887 2870 955 Valcke-

479 997 731 1061 naerius
800 994 947 1061 illas
1015 996 1367 1061 locutiones
1437 1017 1558 1061 non
1626 999 1979 1061 rectissime
2042 996 2496 1081 interpretatus
2561 1003 2693 1063 est:
2757 998 2870 1078 qui

479 1106 652 1167 enim
722 1103 827 1167 διὰ
894 1103 1116 1177 Φιλίας
1191 1102 1452 1183 ἔρχεταί
1514 1125 1629 1166 τινι
1693 1101 1890 1166 simul
1954 1112 2017 1167 et
2073 1105 2207 1187 ipse
2254 1116 2431 1166 amat
2478 1106 2542 1166 et
2588 1103 2869 1167 invicem

484 1214 738 1273 amatur
781 1214 847 1273 et
894 1207 1233 1293 Polynices
1281 1209 1448 1293 apud
1498 1208 1870 1293 Euripidem
1920 1229 1992 1273 eo
2038 1208 2213 1278 loco,
2251 1228 2442 1292 quem
2482 1206 2871 1272 Valckenae-

483 1313 615 1378 rius
661 1316 996 1396 tractavit,
1045 1335 1168 1378 non
1215 1314 1352 1379 odit
1401 1322 1653 1379 tantum
1702 1314 1998 1397 fratrem,
2047 1313 2155 1378 sed
2203 1316 2339 1398 ipse
2386 1332 2637 1397 quoque
2685 1312 2868 1377 fratri

479 1418 623 1483 odio
671 1423 767 1483 est
836 1418 1004 1483 Hinc
1050 1421 1306 1505 scripsit
1354 1419 1728 1505 Euripides:

934 1530 1036 1588 καὶ
1084 1527 1172 1600 μὴ
1224 1525 1297 1590 δι’
1349 1523 1572 1605 ἔχθρας
1624 1525 1776 1604 τῷδε
1829 1525 1935 1589 καὶ
1985 1523 2205 1603 Φθόνου
2255 1524 2458 1599 μολών

929 1631 1117 1696 κακόν
1168 1656 1229 1694 τι
1278 1633 1495 1708 δρᾶσαι
1548 1632 1654 1695 καὶ
1704 1632 1943 1695 παθεῖν.

480 1736 585 1803 Sic
648 1738 714 1801 in
776 1735 1079 1802 Androm.
1140 1735 1301 1803 175:
1352 1737 1452 1801 διὰ
1500 1738 1687 1815 Φόνου
1739 1737 1794 1801 δ’
1842 1739 1892 1801 οἱ
1943 1736 2242 1817 φίλτατοι
2289 1741 2587 1816 χωροῦσι,
2637 1742 2869 1801 mutua

486 1843 706 1908 caedes
766 1842 1106 1908 indicatur.
1198 1842 1274 1908 In
1345 1845 1571 1909 Aesch.
1634 1843 1847 1909 Prom.
1917 1841 2081 1907 120:
2153 1843 2256 1906 τὸν
2325 1847 2480 1907 πᾶσι
2553 1842 2717 1914 θεοῖς
2788 1841 2864 1905 δι’

484 1948 830 2027 ἀπεχθείας
881 1948 1106 2011 ἐλθόνθ’
1156 1947 1360 2014 ὀπόσοι
1408 1952 1517 2022 τὴν
1565 1952 1710 2021 Διὸς
1759 1951 1956 2022 αὐλὴν
1995 1949 2411 2028 εἰσοιχνεῦσιν,
2451 1949 2869 2014 Prometheus

485 2054 621 2118 odit
684 2053 832 2118 deos
895 2075 1010 2118 nec
1057 2056 1274 2119 minus
1319 2054 1409 2120 dii
1456 2054 1725 2120 oderunt
1779 2053 2252 2120 Prometheum.
2345 2053 2514 2120 Hinc
2561 2051 2634 2117 fit
2681 2059 2755 2117 ut
2799 2053 2868 2116 in

485 2162 770 2225 versione
818 2159 1007 2224 modo
1055 2163 1333 2224 activum
1385 2161 1651 2225 verbum
1696 2168 2006 2244 praestet,
2051 2160 2239 2225 modo
2277 2162 2637 2245 passivum,
2679 2159 2869 2225 modo

482 2266 791 2331 medium.
879 2264 1098 2329 Veluti
1166 2263 1566 2351 Hippolytus
1639 2264 1712 2329 δι’
1794 2264 2022 2345 ἔχθρας
2110 2266 2461 2346 ἀφιγμένος
2545 2263 2866 2332 Collatino

481 2370 771 2453 cuidam,
819 2370 971 2435 huic
1016 2372 1139 2435 erit
1185 2371 1363 2449 odio,
1415 2370 1524 2436 sed
1573 2371 1880 2435 Androm.
1930 2369 2103 2437 416:

915 2475 1041 2546 ,καὶ
1093 2476 1281 2554 πατρὶ
1332 2477 1414 2556 τῷ
1463 2478 1545 2557 σῷ
1571 2526 1587 2553 ,
1637 2476 1739 2541 διὰ
1786 2477 2164 2556 Φιλημάτων
2211 2478 2310 2542 ἰὼν

939 2581 1175 2661 δάκρυά
1221 2605 1292 2647 τε
1338 2583 1565 2661 λείβων
1613 2582 1719 2647 καὶ
1767 2576 2195 2662 περιπτύσσων
2242 2583 2435 2665 χέρας

931 2687 1072 2765 λέγ’
1120 2682 1194 2752 οἷ’
1244 2686 1528 2768 ivah..

478 2794 792 2860 Molossus
852 2799 1094 2878 patrem
1159 2794 1552 2859 osculabitur
1572 2842 1587 2867 ,
1654 2794 1879 2859 deinde
1937 2794 2200 2860 fortasse
2245 2801 2425 2880 pater
2474 2794 2868 2862 osculabitur

480 2899 721 2984 filium,
769 2920 913 2965 nam
968 2902 1169 2965 animi
1217 2899 1474 2964 affectus
1517 2900 1831 2965 eiusmodi
1881 2903 2096 2965 mutui
2143 2921 2276 2965 esse
2323 2900 2551 2968 solent.
2597 2900 2863 2987 Saepius

479 3016 693 3071 tamen
758 3008 970 3071 activa
1033 3011 1314 3088 potestas
1374 3007 1619 3070 obtinet
1681 3012 1744 3069 et
1800 3008 1909 3090 qui
1975 3005 2076 3071 διὰ
2132 3008 2353 3086 μάχης
2404 3004 2689 3088 ἔρχονται
2737 3018 2862 3080 τοῖς

481 3113 794 3188 πολεμίοις
843 3117 993 3176 sunt
1040 3112 1169 3175 fere
1218 3113 1326 3194 qui
1375 3110 1620 3176 bellum
1659 3114 1826 3176 intro
1867 3112 2181 3190 inferunt;
2225 3116 2530 3179 consertis
2569 3116 2865 3179 manibus

483 3227 697 3285 autem
748 3218 856 3282 ubi
907 3221 1266 3302 pugnatur,
1318 3216 1511 3281 etiam
1561 3218 1661 3280 διὰ
1703 3217 1924 3296 μάχης
1968 3216 2251 3295 ἔρχονται
2290 3222 2399 3303 qui
2437 3219 2686 3285 illatam
2728 3222 2860 3285 vim

479 3324 867 3410 propulsant.
962 3319 1059 3387 De
1107 3342 1179 3387 eo
1229 3342 1348 3386 usu
1395 3321 1585 3386 utilia
1625 3323 1931 3406 quaedam
1977 3327 2295 3410 congessit
2332 3323 2864 3412 wyttenbachius
2915 3356 2919 3360 ·

476 3434 542 3496 in
592 3429 817 3496 Select.
871 3428 1018 3493 hist.
1073 3450 1134 3512 p.
1188 3426 1338 3492 388.
1389 3427 1585 3493 Recte
1634 3428 1858 3494 Medea
1905 3451 1998 3493 vs.
2049 3427 2217 3494 872:

1030 3535 1153 3612 ἐγὼ
1199 3535 1250 3599 δ’
1302 3534 1544 3615 ἐμαυτῇ
1593 3535 1696 3599 διὰ
1744 3535 1945 3612 λόγων
1992 3536 2354 3615 ivandam„

478 3643 586 3708 sed
633 3638 859 3706 Troad.
911 3639 1079 3706 916:

932 3747 1052 3824 ἐγὼ
1101 3730 1175 3823 3⁴,
1223 3743 1267 3811 ἅ
1314 3747 1372 3809 σ’
1418 3740 1591 3821 οἶμαι
1643 3746 1744 3811 διὰ
1792 3749 1994 3825 λόγων
2043 3749 2185 3812 ἰόντ’
2238 3749 2431 3825 ἐμοῦ

929 3853 1402 3930 κατηγορήσειν,
1452 3850 1764 3919 ὥντιθεῑσ’
1814 3854 2170 3931 ἀμείψομαι
2197 3903 2211 3931 ,
2262 3856 2413 3932 πετὲ,

472 3960 753 4026 multum
801 3959 1083 4044 praefero
1131 3958 1271 4035 ἐμο
1297 3959 1340 4023 Ι.

568 4174 670 4239 Vs.
724 4172 891 4237 1241
946 4171 1342 4260 Hippolytus
1388 4174 1845 4240 exclamavisse
1892 4181 2220 4241 narratur:

931 4283 1090 4354 ciir',
1139 4278 1181 4345 ὦ
1232 4280 1539 4360 Φοὶτναισι
1589 4288 1729 4352 ταῖς
1781 4282 1964 4358 ἐμαῖς
2015 4282 2473 4365 τεθραμμέναι,

932 4390 1019 4466 μή
1068 4390 1137 4465 μ’
1187 4386 1695 4465 ε’ξαλείψητ“.
