3192 5017
1356 259 1579 318 uaros.
2582 245 2668 321 57

352 434 453 503 De
498 433 791 505 Cimonis
839 441 1168 506 amoribus
1214 439 1607 509 Plutarchus
1654 463 1784 530 cap.
1839 441 1950 508 IV.
1999 463 2076 510 ex
2113 437 2484 530 aequalibus
2521 450 2667 532 poe-

262 547 349 609 tis
397 544 705 612 nonnulla
748 551 964 612 narrat
1011 554 1112 613 et:
1159 548 1266 613 xoel
1315 544 1469 624 ὅλως
1510 551 1811 632 Φαίνεται
1850 558 1978 623 τοῖς
2019 549 2155 630 περ)
2195 551 2314 623 τας
2355 559 2662 631 γυναῖκας

262 652 565 732 ἐρωτικοῖς
637 650 666 716 ὃ
740 655 949 730 Κίμων
1023 651 1234 735 ἔνοχος
1303 657 1613 734 γενέσθαι.
1706 655 1878 721 Hinc
1938 656 2185 723 multae
2247 659 2326 725 de
2371 658 2664 745 Elpinice

262 758 523 824 fabulae
606 763 671 824 et
753 779 965 847 nugae
1052 762 1479 827 recentiorum
1550 764 1934 847 scriptorum
1955 810 1973 840 ,
2044 768 2230 828 natae
2300 765 2402 848 (ut
2471 785 2665 850 supra

263 866 582 951 diximus)
666 887 743 932 ex
827 869 1055 932 iocosis
1141 866 1479 953 Eupolidis
1569 868 1900 936 versiculis
1983 871 2153 955 apud
2236 869 2663 938 Plutarchum

261 992 404 1058 cap.
472 971 612 1037 XV.

728 1080 957 1145 κάνίοτ’
1005 1078 1081 1145 ἂν
1128 1081 1515 1159 ἀπεκοίματ’
1563 1081 1640 1147 ἂν
1690 1084 1751 1148 έν
1797 1081 2220 1161 Λακεδαίμονι
2257 1107 2270 1126 ·

729 1184 848 1251 κᾶν
893 1187 1255 1261 Ἐλπινίκην
1300 1188 1478 1263 τήνδε
1527 1190 1894 1254 καταλιπὼν
1940 1188 2144 1268 μόνην.

363 1289 491 1355 Vix
554 1297 651 1357 est
712 1312 945 1378 operae.
983 1295 1262 1379 pretium
1311 1297 1651 1383 nugatoria
1696 1297 1911 1361 omnia
1957 1315 2453 1361 commemorare
2501 1318 2662 1384 quae

270 1399 548 1484 quisque
608 1397 765 1464 olim
829 1418 945 1464 suo
994 1400 1308 1465 arbitratu
1356 1401 1434 1466 de
1479 1401 1581 1467 his
1628 1399 1921 1484 fingebat.
1967 1399 2146 1466 Alias
2191 1398 2432 1468 Calliae
2476 1404 2665 1469 nubit

268 1502 604 1589 Elpinice,
666 1504 825 1570 alias
870 1503 1111 1571 Calliae
1160 1503 1290 1572 filia
1338 1503 1593 1573 Cimoni
1640 1505 1901 1591 (Seneca
1956 1512 2226 1573 Controv.
2277 1506 2418 1592 24),
2467 1529 2662 1594 quam

262 1613 326 1675 is
389 1610 459 1674 in
518 1609 831 1676 adulterio
893 1611 1349 1696 deprehensam
1411 1634 1526 1679 sua
1573 1634 1770 1679 manu
1818 1613 2068 1679 occidit.
2166 1612 2373 1694 Quam
2423 1621 2664 1681 temere

258 1717 430 1783 haec
477 1719 693 1783 omnia
738 1718 1240 1804 permisceantur
1284 1739 1412 1784 uno
1458 1720 1755 1805 exemplo
1813 1718 2163 1785 ostendam.
2256 1720 2317 1786 N
2321 1728 2501 1787 otum
2565 1727 2665 1788 est

262 1823 521 1889 dictum
587 1822 1039 1891 Themistoclis
1098 1825 1266 1911 apud
1334 1823 1705 1893 Ciceronem
1769 1827 1845 1891 de
1914 1825 2144 1911 Officiis
2197 1825 2278 1898 Π.
2329 1826 2452 1892 20:
2522 1828 2664 1893 The-

266 1931 566 1995 mistocleo
631 1953 811 2016 quum
878 1936 1281 1996 consulerem·
1347 1943 1551 1997 utrum
1615 1935 1761 1998 bono
1821 1933 1951 1997 viro
1998 1933 2265 2017 pauperi
2324 1956 2405 1998 an
2465 1936 2666 2000 mium

250 2036 521 2120 probato
587 2037 770 2102 diviti
811 2039 1024 2122 filiam
1083 2039 1428 2105 collocaret:
1477 2062 1579 2122 eqo
1624 2062 1791 2118 vero,
1839 2039 2042 2124 inquit
2058 2086 2076 2117 ,
2124 2040 2280 2105 malo
2323 2046 2512 2105 virum
2558 2048 2666 2127 qm·

248 2144 531 2227 pecunia
576 2155 746 2226 εοεαε
767 2192 785 2223 ,
833 2167 1007 2232 quam
1039 2146 1360 2229 pecuniam
1406 2169 1557 2233 quac
1601 2152 1750 2212 viro.
1800 2151 1867 2211 et
1911 2145 2079 2232 apud
2124 2144 2548 2213 Plutarchum
2594 2149 2663 2214 in

272 2252 479 2316 Thea.
526 2249 760 2317 XVIII.
812 2257 929 2315 τῶν
975 2253 1303 2329 μνωμένων
1352 2254 1543 2319 αὐτοῦ
1591 2255 1702 2328 τὴν
1751 2252 2067 2333 θυγατέρα
2114 2259 2216 2318 τὸν
2265 2254 2498 2328 ἐπιεικῆ
2554 2260 2661 2320 τοῦ

262 2356 567 2423 πλουσίου
628 2359 943 2439 προκρίνας
1012 2354 1134 2439 ἔφη
1198 2356 1403 2439 ζητεῖν
1459 2355 1652 2438 ἄνδρα
1696 2357 2040 2439 χρημάτων
2088 2358 2366 2437 δεόμενον
2412 2365 2661 2437 μᾶλλον

267 2465 303 2540 ἢ
376 2467 684 2545 χρήματα
730 2463 958 2545 ἀνδρός.
1058 2463 1226 2529 Audi
1273 2486 1440 2531 nunc
1486 2464 1842 2532 Diodorum
1890 2464 2179 2531 Siculum
2232 2465 2318 2532 X.
2372 2465 2493 2533 31:
2547 2477 2664 2533 Θε-

262 2577 575 2650 μιςοκλῆς
637 2571 665 2634 ὅ
729 2562 1066 2643 Νεοκλέους
1130 2569 1562 2651 προσελθόντος
1624 2570 1786 2645 τινὸς
1851 2572 2020 2652 αὐτῷ
2067 2574 2358 2637 πλουσίου
2408 2574 2510 2638 καὶ
2561 2574 2666 2656 ζη-

261 2681 519 2749 τοῦντος
581 2677 836 2752 κηδεςὺν
900 2677 1090 2758 εὑρεῖν
1153 2676 1441 2743 πλούσιον
1506 2678 2011 2758 παρεκελεύσατο
2071 2680 2241 2760 αὐτῷ’
2306 2678 2509 2760 ζητεῖν
2574 2683 2663 2758 μὴ

262 2784 583 2868 χρήματα
631 2784 838 2864 ἀνδρὸς
886 2783 1184 2862 δεόμενα,
1236 2785 1395 2851 πολὺ
1445 2783 1508 2849 δὲ
1558 2788 1806 2860 μᾶλλον
1855 2782 2043 2865 ἄνδρα
2083 2787 2426 2867 χρημάτων
2464 2787 2663 2854 ἐνδεᾶ.

262 2892 428 2959 haec
497 2897 646 2956 sunt
711 2888 1091 2978 pervulgata
1160 2890 1265 2956 sed
1341 2890 1488 2956 vide
1558 2890 1713 2977 quid
1781 2891 2006 2956 addat:
2073 2892 2539 2971 ἀποδεξαμένου
2600 2894 2665 2960 δὲ

260 2996 618 3076 τάνθρώπου
677 2995 747 3061 τὸ
809 2997 978 3078 ῥηθὲν
1037 2996 1523 3075 συνεβούλευσεν
1593 2999 1761 3078 αὐτῷ
1812 2999 2145 3062 συνοικίσαι
2193 3000 2302 3074 τὴν
2348 3000 2664 3083 θυγατέρα

262 3107 353 3187 τῷ
405 3105 657 3181 Κίμωνι.
705 3102 905 3184 διόπερ
955 3102 1022 3167 ἐκ
1072 3103 1310 3179 ταύτης
1360 3112 1470 3179 τῆς
1526 3104 1738 3175 αἰτίας
1788 3105 1816 3169 ὃ
1867 3104 2075 3182 Κίμων
2126 3107 2463 3186 εὐπορήσας
2512 3129 2667 3188 χρη-

265 3212 489 3288 μάτων
549 3209 826 3283 ἀπελύθη
893 3216 1005 3281 τῆς
1054 3216 1350 3289 Φυλακῆς
1403 3210 1508 3275 καὶ
1557 3210 1701 3283 τοὺς
1749 3211 2301 3284 κατακλείσαντας
2350 3210 2665 3296 ἄρχοντας

264 3321 519 3390 εὐθύνας
587 3315 960 3387 καταδίκους
1026 3312 1281 3393 ἔλαβεν.
1378 3315 1621 3382 Eadem
1684 3315 2003 3383 cantilena
2067 3324 2397 3384 cantatur:
2470 3321 2669 3385 Cimon

264 3429 473 3510 inopc,
527 3425 726 3488 Gv’mon
772 3424 838 3486 iu
882 3444 1147 3507 earcere,
1190 3422 1346 3488 dum
1384 3426 1765 3509 pecuniosus
1805 3426 2016 3490 nescio
2056 3428 2199 3510 quis
2236 3423 2669 3494 Themistocle

265 3539 526 3600 auctore
602 3550 752 3597 eum
829 3550 907 3595 ex
987 3528 1258 3595 vinculis
1339 3527 1640 3594 liberavit
1727 3526 2051 3614 filiamque
2137 3528 2432 3597 elocavit.
2524 3531 2667 3598 Hoc

264 3658 510 3705 novum
575 3643 703 3702 est:
781 3636 979 3699 Cimon
1048 3635 1432 3717 magistratus
1449 3685 1466 3711 ,
1531 3657 1777 3721 quorum
1837 3636 2005 3700 iussu
2064 3636 2132 3700 in
2178 3637 2420 3701 vincula
2468 3639 2668 3705 conice

267 3754 368 3809 tm
392 3746 651 3830 fuerat,
703 3757 1056 3808 AOOUSAVH'
1108 3758 1589 3816 mlmavn'QuR.
1643 3741 1894 3814 εὐθύνας
1967 3741 2339 3815 καταδίκους
2406 3743 2661 3822 ἔλαβεν.

270 3850 408 3932 Quo
462 3851 729 3916 crimine
744 3898 763 3932 ,
825 3868 950 3934 qua
1011 3846 1155 3935 leg-e
1216 3846 1284 3912 id
1329 3846 1550 3913 fecerit
1595 3848 1799 3914 bonus
1845 3846 2161 3915 Diodorus
2206 3870 2333 3916 non
2382 3871 2519 3917 com
2528 3872 2665 3919 me-

267 3959 567 4024 muravit.

357 4062 659 4148 Superest
719 4058 1062 4125 mirificum
1136 4057 1436 4125 Scholion
1500 4061 1577 4126 ad
1635 4059 1990 4126 Aristidem
2054 4083 2201 4150 pag.
2255 4062 2385 4128 515
2433 4061 2663 4129 Dind.:

259 4174 531 4253 Ἔφορος
594 4168 656 4232 ἐν
698 4177 798 4250 ,τῇ
848 4167 1053 4249 πρώτη
1097 4167 1287 4247 Φησὶν
1337 4169 1582 4233 ἐκτῖσαι
1635 4166 1824 4232 αὐτὸν
1874 4168 2264 4256 (Cimonem)
2312 4168 2397 4234 τὰ
2446 4169 2669 4245 πεντή-

271 4299 459 4343 κοντα
503 4275 805 4340 τάλαντα
854 4274 1165 4353 γήμαντα
1216 4283 1490 4355 γυναῖκα
1543 4278 1867 4340 πλουσίαν.
1917 4274 2044 4355 Qui
2090 4274 2227 4341 fieri
2274 4279 2556 4362 potuerit
2591 4282 2668 4343 ut

275 4382 562 4469 Ephorus
637 4380 774 4462 περὶ
847 4385 959 4455 τῆς
1030 4385 1149 4445 τῶν
1210 4380 1619 4463 ’Ἡρακλειδῶν
1684 4381 1935 4447 καθόδου
1996 4382 2278 4448 scribens
2331 4385 2669 4454 inseruerit
