3192 5017
476 290 565 356 28
1518 307 1831 359 mulus

476 429 684 558 videet
748 478 1044 547 Lucanus
1109 482 1376 550 dixerat.
1470 484 1742 571 Legitur
1802 483 1970 569 apud
2028 484 2334 550 Florum:
2383 486 2513 549 iam
2560 484 2866 573 Pompeio

478 600 785 675 suspectae
867 586 1148 654 Caesan‘s
1218 615 1359 679 opes
1412 605 1470 657 et
1544 589 1798 655 Caesari
1857 591 2249 679 Pompeiana
2305 592 2577 675 cli-cynicus
2621 593 2833 675 gyravit
2852 636 2871 666 ‚

477 717 585 759 nec
628 694 729 758 ille
764 694 1012 781 ferebat
1048 719 1274 785 parem
1321 720 1424 763 nec
1470 698 1565 762 hic
1611 699 2009 786 superiorem.

572 800 691 866 1222
737 799 1083 888 Pompeius
1130 811 1260 882 est,
1310 804 1406 869 liic
1451 802 1704 871 Caesar.

573 1011 653 1078 11.
704 1012 809 1079 36.
861 1014 937 1079 2:
1000 1037 1189 1101 neque
1254 1016 1378 1080 ullo
1426 1018 1493 1080 in
1539 1016 1818 1103 suscepti
1849 1017 2053 1102 operis
2098 1017 2199 1079 sui
2243 1031 2525 1080 omnm
2571 1016 2872 1078 minorem

493 1119 755 1186 Catullo.

571 1227 698 1294 Pro
759 1228 1031 1293 absurdo
1093 1232 1364 1294 carmine
1409 1230 1794 1294 sententiam
1841 1226 1965 1294 loci
2010 1229 2224 1316 magis
2269 1246 2462 1312 quam
2510 1225 2870 1292 litterarum

482 1336 713 1401 ductus
760 1341 1017 1400 secutus
1061 1339 1347 1421 reposuit
1391 1339 1459 1400 in
1503 1338 1770 1423 suscepti
1814 1338 2018 1423 operis
2062 1338 2164 1400 sui
2206 1351 2474 1402 omnm.

574 1551 657 1617 H.
708 1551 814 1618 38.
865 1552 942 1618 2:
983 1557 1238 1643 primus
1274 1559 1343 1620 in
1380 1555 1662 1622 Siciliam
1704 1559 1942 1621 traiecit
1976 1557 2307 1620 exercitum
2329 1553 2539 1619 consul
2570 1549 2873 1617 Claudiae

484 1677 566 1725 Εἰ·
620 1664 1012 1748 provinciam
1056 1685 1193 1727 eam
1228 1675 1379 1750 post
1422 1686 1619 1727 annos
1654 1662 1865 1749 ferme
1909 1663 2361 1749 quinquaqinta
2406 1661 2560 1724 duos
2598 1695 2684 1707 —
2713 1658 2870 1744 fecit

485 1765 821 1832 Marcellus
888 1765 1224 1845 Claudius,·
1276 1772 1530 1857 primus
1589 1767 1890 1855 Africam
1937 1766 2212 1854 Requlus
2257 1789 2417 1832 nono
2446 1767 2665 1850 ferme
2706 1788 2869 1830 anno

474 1876 681 1961 primi
725 1874 959 1940 Punici
1001 1875 1141 1941 belli
1183 1876 1224 1915 ¹*
1269 1876 1310 1915 ¹*
1355 1878 1462 1941 sed
1494 1888 1646 1964 post
1689 1888 1928 1941 centum
1972 1886 2031 1939 et
2068 1896 2280 1940 novem
2319 1895 2514 1938 annos
2551 1871 2639 1937 P.
2664 1869 2870 1959 Scipio

482 1978 875 2045 Aemilianus
924 2018 1006 2029 —
1058 1984 1125 2046 in
1161 1982 1519 2068 formulam
1564 1984 1796 2068 redeyit
1833 1983 2213 2069 provinciae.

572 2085 897 2175 Pluygers
962 2087 1182 2153 docuit
1241 2088 1539 2154 lacunam
1605 2090 1673 2152 in
1737 2109 1808 2154 eo
1855 2087 1994 2154 loco
2040 2108 2163 2153 non
2210 2107 2379 2164 esse,
2423 2086 2532 2151 sed
2576 2087 2671 2150 its
2717 2087 2867 2150 seri-

487 2192 798 2258 bendum:
861 2196 1116 2282 primus
1185 2197 1252 2259 in
1324 2194 1602 2259 Siciliam
1675 2232 1756 2242 -
1841 2191 2137 2259 Claudius
2208 2209 2327 2259 sm>
2391 2229 2476 2240 -—
2535 2191 2871 2258 Marcellus

494 2297 829 2364 Claudius:
874 2303 1123 2387 primus
1169 2319 1236 2365 m
1282 2301 1582 2386 Africam
1635 2338 1715 2350 -
1766 2291 1926 2366 belli'
1947 2302 2054 2365 sed
2088 2312 2236 2387 post
2284 2307 2405 2364 cet..

572 2512 654 2577 II.
706 2512 812 2578 39.
867 2512 943 2579 3:
993 2517 1100 2580 sed
1142 2526 1527 2580 revertamur
1570 2518 1659 2579 ad
1702 2517 1998 2579 ordinem.

573 2618 898 2685 Conieeit:
947 2622 1037 2685 ad
1077 2638 1296 2685 mun
1343 2623 1644 2686 ordinem.

573 2832 651 2899 11.
707 2833 815 2899 41.
866 2832 943 2900 3:
1011 2858 1122 2899 cur
1174 2837 1338 2900 enim
1398 2837 1565 2921 quod
1611 2834 1701 2899 vel
1744 2836 2092 2899 maximum
2136 2847 2226 2899 est
2271 2838 2328 2900 si
2370 2839 2633 2900 narrari
2674 2836 2870 2902 verbis

482 2942 767 3031 speciosis
810 2964 935 3006 non
972 2952 1179 3029 potest
1226 2943 1603 3007 omittatur?

572 3047 895 3136 Pluygers
957 3050 1261 3113 coniecit:
1309 3051 1478 3134 quod
1520 3067 1603 3114 ΒΕ
1650 3048 1998 3113 maximum
2044 3061 2170 3126 est,
2219 3049 2327 3114 sed
2373 3049 2537 3115 mihi
2586 3055 2723 3115 atra
2770 3069 2869 3115 ca-

478 3155 617 3243 ligo
663 3153 1044 3220 sententiam
1091 3153 1215 3220 loci
1262 3156 1577 3221 obscurat.
1607 3173 1616 3183 ·
1642 3154 1812 3236 Quid
1858 3158 2031 3220 enim
2078 3162 2175 3221 est
2222 3156 2390 3241 quod
2434 3181 2502 3223 re
2546 3159 2868 3224 maximum

480 3282 615 3328 esse
685 3258 883 3326 dicit?
952 3260 1198 3347 Nempe
1264 3259 1596 3328 Caesarem
1662 3283 1773 3348 per
1839 3282 2027 3327 omne
2090 3262 2252 3328 illud
2312 3266 2594 3349 spatium
2666 3286 2867 3350 neque

481 3367 724 3434 calceos
768 3369 1018 3433 exuisse
1063 3388 1266 3453 neque
1314 3389 1536 3434 zonam
1585 3367 1875 3434 solvisse.
1923 3367 2208 3435 Hoccine
2255 3391 2323 3433 re
2366 3372 2688 3436 maximum
2733 3370 2866 3437 est?

479 3474 816 3540 Praeterea
882 3494 995 3538 eur
1054 3473 1385 3539 excalceari
1448 3480 1513 3540 et
1558 3477 1821 3560 discinqi
1865 3478 1934 3540 in
1977 3496 2051 3540 ea
2097 3496 2163 3540 re
2207 3495 2331 3540 non
2380 3479 2538 3541 satis
2584 3481 2868 3563 speciosa

479 3581 675 3646 verba
719 3578 910 3645 sunt?
957 3578 1083 3646 Sed
1128 3580 1295 3645 nihil
1340 3583 1410 3646 in
1455 3580 1560 3646 his
1602 3580 1881 3646 tenebris
1928 3580 2210 3667 dispicio.

570 3792 652 3859 Π.
703 3792 807 3857 46.
865 3794 939 3858 1:
1012 3807 1179 3858 vetas
1231 3818 1363 3881 par
1423 3795 1739 3859 consulum
1802 3795 1914 3861 Cn.
1965 3795 2307 3883 Pomym‘us
2350 3809 2409 3878 et
2451 3798 2549 3863 M.
2603 3800 2868 3867 Crassus

479 3903 746 3967 alterum
792 3902 980 3965 iniere
1025 3900 1407 3966 consulatum
1428 3947 1444 3976 ‚
1493 3903 1606 3987 qui
1647 3924 1834 3988 neque
1871 3905 2107 3989 petitus
2157 3902 2396 3968 honeste
2440 3906 2518 3969 ab
2562 3909 2642 3971 iis
2678 3932 2870 3996 neque

472 4007 881 4098 probabiliter
922 4019 1128 4092 qestus
1172 4019 1278 4071 est.
1337 4008 1586 4072 Caesari
1629 4007 1784 4093 le9e‚
1833 4032 2023 4094 qaam
2069 4008 2408 4096 Pompeius
2446 4014 2534 4077 ad
2556 4016 2867 4102 populum

481 4115 656 4190 tulit,
698 4125 1079 4202 proroyatae
1125 4114 1193 4178 in
1240 4130 1400 4177 mnu
1448 4115 1724 4200 spatium
1773 4115 2066 4202 temporis
2108 4117 2475 4202 provinciae.
2757 4113 2760 4116 ¹

572 4220 690 4286 Vel
758 4238 956 4304 mnu,
1027 4220 1192 4305 quod
1254 4240 1377 4304 quo
1440 4219 1747 4285 referatur
1808 4241 1934 4286 non
1993 4221 2219 4301 habet,
2285 4227 2501 4312 arguit
2569 4225 2865 4293 lacunam
2965 4291 2972 4300 ,

480 4327 773 4411 subesse,
839 4347 1033 4410 quam
1096 4324 1415 4413 Pluygers
1480 4329 1572 4391 sic
1638 4325 1955 4412 explevit:
2008 4364 2093 4376 —-
2137 4341 2342 4414 yestus
2401 4344 2527 4409 est;
2575 4332 2865 4399 Pom’mo

482 4451 777 4510 mmmm
823 4432 1147 4500 Hmrmu
1194 4450 1262 4497 m
1309 4448 1792 4508 quinquennum
1836 4451 2116 4501 mmm
2162 4454 2313 4515 ner,
2368 4437 2624 4504 Caesari
2667 4446 2787 4505 cet.
