3192 5017
543 275 677 344 312
842 345 848 350 .
1561 302 1911 352 cosumus

938 474 1044 538 οὐκ
1090 472 1330 549 azyaeobu
1377 475 1836 555 πολυκοιρανίη·
1886 471 1972 547 εἷς
2023 476 2288 557 κοίρανος
2338 473 2474 541 lem.

627 577 961 643 Praeterea
1007 577 1254 644 duabus
1291 578 1599 645 litterulis
1639 583 1924 667 repetitis
1963 584 2210 667 scripsi:
2243 579 2530 669 Apollini
2561 591 2629 644 m
2658 582 2886 651 donum,

537 694 761 764 μνῆμαι
807 683 965 750 τάδε.

627 901 909 965 Pausan.
960 900 1048 965 II.
1103 899 1173 963 6:
1216 901 1486 964 alacrior
1524 904 1610 964 ad
1644 924 1774 965 rem
1808 904 2139 985 yerendam
2162 902 2380 986 factus
2412 902 2480 964 in
2517 901 2894 986 suspicionem

535 1010 760 1073 candit
823 1006 1472 1073 Lacedaemoniorum.
1545 1006 1875 1072 Usitatum
1924 1012 2019 1071 est
2066 1009 2132 1070 in
2180 1027 2252 1071 ea
2297 1027 2366 1071 re
2414 1005 2621 1070 dicere
2665 1004 2896 1082 mcidit,

534 1135 656 1179 non
694 1116 952 1190 cncidit,
1002 1119 1114 1178 aut
1158 1115 1445 1198 proprie,
1498 1119 1572 1177 ut
1620 1115 1877 1178 incidere
1920 1116 1987 1176 in
2026 1115 2315 1199 foveam,
2367 1117 2481 1177 aut
2529 1113 2766 1195 tropice
2808 1112 2897 1172 in·

533 1221 727 1284 cidere
784 1222 850 1283 in
912 1220 1194 1283 morbum
1214 1267 1229 1294 ‚
1295 1222 1360 1282 in
1410 1220 1816 1304 febriculam,
1880 1222 1944 1282 in
1997 1219 2343 1306 periculum
2363 1266 2378 1294 ‚
2451 1221 2516 1281 in
2586 1218 2898 1296 invidiam,

532 1331 596 1390 et
666 1327 757 1390 sic
827 1327 1087 1389 incidere
1147 1328 1213 1388 in
1268 1327 1670 1412 suspicionem
1690 1373 1705 1402 ,
1756 1332 1830 1390 ut
1880 1328 2075 1390 venire
2120 1328 2185 1389 in
2231 1326 2673 1411 suspicionem,
2719 1324 2901 1386 venire

533 1434 598 1495 in
646 1434 857 1496 odium
905 1429 1033 1496 dici
1080 1429 1346 1496 solitum
1395 1437 1511 1496 est.

621 1646 902 1710 Pausan.
968 1642 1090 1708 ΙΙΙ.
1166 1645 1234 1708 l:
1305 1666 1420 1706 sua
1488 1655 1703 1731 sponte
1763 1646 1850 1707 ad
1912 1647 2240 1708 exercitum
2307 1647 2493 1710 rediit
2557 1659 2617 1711 et
2664 1648 2752 1711 ihi
2793 1670 2902 1710 non

532 1752 757 1818 callida
803 1753 909 1815 sed
950 1749 1217 1813 dementi
1257 1750 1496 1812 ratione
1541 1764 1858 1813 cool'l'AwA
1898 1751 2214 1836 patefecit.

622 1856 977 1922 Verissima
1037 1855 1193 1920 haec
1239 1855 1552 1938 scriptura
1600 1863 1696 1919 est
1741 1858 2007 1940 coyitata
2053 1858 2122 1919 in
2169 1877 2296 1921 uno
2344 1854 2580 1923 Codice
2625 1864 2900 1944 reperta,

534 1985 732 2049 quum
794 1961 1025 2028 caeteri
1087 1979 1305 2025 omnes
1351 1961 1416 2023 in
1463 1962 1702 2043 coqnita
1751 1963 2165 2025 consentiant.
2260 1961 2432 2027 Hinc
2476 1970 2652 2029 certa
2697 1969 2907 2049 parata

535 2070 837 2135 correctio
902 2072 998 2132 est
1057 2068 1124 2131 in
1185 2067 1322 2130 vita
1377 2064 1609 2130 Dionis
1658 2063 1822 2129 VIII.
1878 2065 1953 2130 5:
2004 2090 2209 2132 verens
2254 2091 2327 2132 ne
2365 2072 2552 2156 prius
2597 2070 2905 2135 consilium

530 2178 884 2263 aperiretur
928 2197 1109 2237 suum
1155 2196 1343 2258 quam
1390 2188 1639 2236 CONATA
1678 2173 2053 2259 perfecisset.
2124 2172 2264 2238 Imo
2308 2194 2458 2239 vero
2508 2200 2701 2261 quam
2747 2192 2910 2241 com·

535 2299 705 2346 ΤΔΤΑ
758 2281 1116 2368 perfecisset
1136 2326 1151 2354 ‚
1214 2276 1281 2342 id
1342 2283 1438 2342 est
1497 2301 1568 2342 ea
1630 2300 1786 2363 quae
1833 2281 1899 2342 in
1944 2282 2153 2344 animo
2201 2279 2479 2356 haberet,
2530 2302 2681 2347 nam
2728 2279 2909 2345 nihil·

535 2387 690 2452 dum
763 2397 1014 2451 conatus
1084 2390 1239 2448 erat.
1302 2384 1383 2448 cf.
1447 2382 1677 2468 Aqesil.
1746 2383 1880 2447 VII.
1950 2382 2022 2448 3:
2084 2408 2455 2451 commovere
2499 2410 2562 2451 se
2606 2412 2731 2451 non
2777 2399 2909 2450 sunt

531 2495 673 2556 ausi
725 2514 907 2578 eoque
965 2491 1246 2555 libentius
1306 2491 1474 2575 quod
1529 2490 1717 2553 latere
1762 2489 2238 2555 arbitrabantur
2284 2515 2439 2578 quae
2481 2496 2910 2577 coqitaverant.

528 2603 593 2663 et
653 2599 719 2660 in
780 2596 1054 2660 Eumene
1099 2594 1182 2659 11.
1233 2593 1310 2659 3:
1374 2595 1679 2678 coqitabat
1722 2597 1882 2659 enim
1929 2581 2109 2681 quod‘
2129 2597 2272 2681 fere
2316 2620 2523 2662 omnes
2565 2601 2631 2663 in
2675 2602 2911 2684 magnis

529 2705 808 2792 imperiis
849 2704 1275 2790 concupiscunt
1294 2749 1309 2777 ‚
1359 2702 1635 2766 omnium
1674 2713 1890 2787 partes
1936 2704 2242 2788 corripere
2288 2716 2473 2789 atque
2519 2705 2854 2792 complecti.

523 3027 593 3089 id
643 3036 982 3112 postquam
1045 3021 1509 3084 Lacedaemonii
1568 3022 1897 3083 rescierunt
1959 3021 2186 3105 leyatos
2245 3047 2382 3087 cum
2427 3025 2599 3089 clava
2646 3030 2737 3091 ad
2780 3051 2909 3092 eum

526 3134 860 3205 miserunt,
926 3145 994 3192 m
1057 3144 1183 3202 QUA
1239 3149 1407 3190 more
1466 3125 1717 3189 illorum
1764 3139 1901 3190 erat
1946 3143 2290 3192 sommum:
2344 3132 2470 3194 nisi
2512 3134 2771 3196 domum
2820 3156 2910 3198 re-

525 3247 860 3300 verteretur
878 3281 893 3310 ,
943 3256 1003 3297 se
1046 3234 1267 3319 capitis
1313 3254 1450 3296 eum
1498 3233 1927 3297 damnaturos.

613 3339 819 3404 Rideo
878 3337 1125 3424 legatos
1184 3338 1516 3402 clavatores
1576 3334 1874 3403 Herculis
1936 3340 2138 3403 instar
2197 3361 2464 3425 eamque
2522 3342 2773 3409 clavam
2828 3351 2910 3410 te·

526 3453 781 3522 nentes,
831 3446 898 3507 in
944 3463 1069 3527 qua
1115 3449 1442 3527 tamquam
1491 3444 1558 3505 in
1597 3442 1865 3527 epistola
1898 3444 2293 3528 Ephororum
2320 3447 2623 3513 mandata
2648 3466 2911 3515 semem

520 3556 763 3624 essent,
830 3549 938 3613 sed
1000 3548 1054 3612 si
1115 3570 1213 3612 res
1279 3548 1443 3612 mihi
1491 3568 1568 3611 ex
1618 3550 1933 3613 sententia
1979 3555 2350 3616 successerit
2396 3552 2667 3619 efficiam
2720 3563 2796 3620 ut
2845 3564 2907 3620 et

523 3658 710 3741 leyati
770 3660 834 3719 et
879 3654 1046 3718 clava
1097 3659 1316 3718 tenues
1365 3652 1730 3720 dilabantur
1773 3653 1839 3717 in
1888 3675 2096 3720 auras.
2189 3656 2265 3721 In
2312 3656 2493 3723 libris
2540 3666 2637 3725 est
2682 3663 2910 3746 Ieyatos

519 3763 592 3829 cii
659 3763 805 3825 laua
876 3765 987 3824 aut
1048 3761 1273 3843 leyatos
1335 3755 1408 3823 eu
1468 3760 1649 3836 lana,
1714 3773 1778 3824 et
1838 3761 2007 3825 clava
2055 3762 2276 3828 infelix
2323 3769 2388 3829 et
2434 3769 2766 3852 pei-inepta
2815 3775 2908 3833 est

521 3872 899 3935 coniectura.
997 3865 1067 3928 In
1115 3864 1382 3949 syllabis
1431 3866 1877 3950 quatosculana
1924 3866 2120 3933 latere
2163 3884 2448 3935 sermm
2488 3875 2733 3956 primus
2774 3894 2908 3939 om-

522 3978 700 4040 nium
775 3971 984 4035 Aldus
1054 3970 1217 4035 vidit
1282 3974 1644 4055 recepitque
1714 3974 1817 4036 vir
1883 3975 2291 4040 acutissimus
2362 3979 2472 4060 qui
2542 3977 2903 4045 Editionem

525 4080 1008 4145 Ultraiectinam
1057 4076 1201 4139 anni
1247 4076 1421 4140 1542
1463 4079 1719 4141 eximiis
1761 4078 2312 4145 emendationibus
2354 4088 2685 4167 tamquam
2726 4105 2905 4171 gem·

518 4188 643 4251 mis
692 4184 1003 4248 distinxit.
1072 4178 1195 4243 Sed
1241 4201 1318 4245 ne
1365 4181 1475 4246 ille
1521 4182 1780 4265 quidem
1832 4184 2337 4251 emendationem
2385 4190 2668 4272 perfecit.
2718 4189 2899 4270 Quod

520 4292 596 4356 de
670 4291 941 4353 Antonio
1009 4285 1228 4351 Cicero
1291 4286 1491 4352 dixit:
1551 4292 1638 4352 ad
1698 4290 1854 4354 hunc
1916 4290 2185 4376 leqatos!
2248 4293 2416 4358 idem
2466 4295 2544 4360 de
2590 4295 2904 4361 Pausania

519 4397 644 4462 dici
711 4399 933 4478 potest.
1030 4389 1352 4474 Quidquid
1417 4392 1654 4477 Ephori
1720 4400 1831 4458 aut
1895 4397 2145 4463 civibus
2198 4400 2338 4484 suis
2387 4407 2500 4465 aut
2546 4405 2729 4469 sociis
2774 4403 2901 4468 im-
