3192 5017
1340 312 1737 362 assumas.
2649 297 2735 364 97

328 486 561 552 Nonne
603 490 919 570 praestat:
968 482 1599 562 μαντεύσομαιῖ

424 699 792 788 Corruptus
861 706 958 767 est
1020 699 1376 767 versiculus
1428 699 1620 767 Eum.
1691 699 1853 776 119,
1919 722 2109 789 quem
2155 705 2249 771 ita
2293 706 2518 772 scribit
2565 699 2733 772 Her·

327 826 646 873 mannus:

789 914 1075 997 Φίλοις
1123 913 1250 995 γαρ
1298 915 1480 992 εἰσιν,
1534 915 1644 979 οὐκ
1692 914 1867 999 ἐμοί,
1914 914 2327 998 προσίκτορες.

338 1023 631 1108 Coqnatie
692 1027 845 1086 enim
889 1028 1032 1087 meis
1077 1029 1254 1106 sunt,
1302 1044 1420 1086 non
1464 1021 1646 1105 mihi,
1694 1022 1780 1085 ad
1820 1043 2063 1107 quorum
2103 1025 2474 1107 praesidium
2518 1027 2732 1108 confu-

320 1129 523 1210 μέσαι.
620 1127 819 1194 Recte
880 1129 1045 1195 mihi
1107 1128 1364 1194 videtur
1420 1126 1833 1194 Hermaunus
1878 1128 2218 1195 verborum
2265 1151 2523 1196 sensum
2571 1151 2736 1197 asse-

326 1242 524 1300 cutus
549 1256 685 1301 esse
707 1282 723 1312 ‚
750 1235 860 1300 sed
885 1234 1051 1319 quod
1087 1230 1603 1322 Clytaemnestra
1640 1239 1942 1321 cognatos
1976 1255 2124 1301 suos
2161 1235 2386 1317 φίλους
2422 1236 2727 1323 appellat.

330 1340 400 1405 id
448 1340 639 1426 plane
687 1342 949 1406 mirum.
999 1338 1412 1427 scripserim:

790 1445 1084 1520 ἄλλοις
1134 1446 1260 1526 γάρ
1309 1449 1493 1531 είσιν,
1542 1448 1651 1514 οὐκ
1699 1447 1868 1531 ἐμοί,
1915 1447 2319 1529 προσίκτορες.

418 1658 608 1727 Eum.
667 1660 793 1727 195
812 1684 828 1728 t

1028 1769 1270 1843 λέοντος
1318 1768 1531 1851 ἄντρον
1578 1769 2040 1853 αἱματορρόφου

789 1877 970 1943 οἰκεῖν
1017 1876 1313 1950 τοιαύτας
1363 1875 1559 1956 εἰκός,
1611 1880 1677 1943 οὐ
1724 1879 2067 1959 χρηςηρίοις

794 1984 854 2048 ἐν
901 1982 1110 2049 τοῖσδε
1157 1983 1590 2059 πλησίοισι
1637 1983 1974 2063 τρίβεσθαι
2021 1986 2238 2062 μύσος.

328 2089 463 2156 Hic
531 2088 939 2164 Dindorfius,
1011 2096 1185 2175 „tam
1247 2090 1479 2156 inutile
1543 2090 1694 2168 est”,
1756 2093 2000 2177 inquit,
2072 2091 2229 2175 „hoc
2276 2092 2602 2177 epitheton
2650 2097 2725 2157 ut

328 2217 459 2263 non
523 2197 846 2275 dubitem,
900 2200 1056 2283 quin
1103 2198 1409 2263 πλουσί
1424 2219 1581 2263 οισι
1634 2197 2084 2286 corrigendum
2133 2200 2254 2281 sit,
2305 2197 2475 2283 quod
2520 2200 2725 2285 conje-

330 2302 424 2369 cit
470 2302 832 2369 Pauwius.”
879 2302 1276 2370 contradicit
1323 2303 1769 2370 Hermannus:
1821 2303 1957 2381 „Ea
1998 2303 2171 2370 mala
2211 2306 2571 2391 conjectura
2608 2308 2725 2369 est.

328 2409 503 2476 Nam
551 2415 733 2476 antro
781 2409 983 2476 leonis
1030 2409 1405 2496 opulentum
1456 2412 1740 2476 maximo
1780 2409 2096 2496 templum
2146 2430 2272 2475 non
2317 2423 2486 2476 recte
2533 2429 2727 2495 oppo-

330 2518 531 2583 nitur.
580 2515 804 2602 Neque
832 2517 1216 2583 mutandum
1243 2522 1340 2583 eat
1381 2517 1714 2591 πλησίοισι.
1761 2516 1856 2582 Ex
1899 2516 2142 2602 templo
2178 2536 2469 2601 egressus
2491 2512 2728 2600 Apollo

328 2622 617 2709 increpat
680 2621 905 2688 Furias
923 2673 938 2700 ‚
1004 2643 1165 2708 quae
1227 2623 1308 2688 ab
1369 2623 1600 2689 umbra
1645 2622 2200 2710 Clytaemnestrae
2245 2620 2726 2709 expergefactae

332 2749 402 2793 se
448 2730 893 2814 preripuerant
938 2749 1016 2795 ex
1062 2727 1306 2815 templo
1354 2734 1544 2814 atque
1591 2731 1661 2793 in
1702 2729 2087 2795 orchestram
2132 2726 2601 2793 descenderant.
2651 2724 2727 2792 In

329 2835 655 2901 orchestra
719 2842 936 2902 autem
1007 2841 1473 2903 commorantes
1547 2833 2009 2924 intelliguntur
2075 2855 2210 2901 esse
2277 2834 2346 2899 in
2417 2832 2723 2914 περιβόλῳ

332 2940 586 3026 templi.
680 2941 905 3028 Itaque
963 2942 1207 3016 πλησία
1268 2942 1573 3022 χρηςῆρια
1636 2942 1925 3007 vicinum
1977 2932 2295 3027 tem'plum
2343 2945 2530 3010 sunt,
2579 2944 2727 3006 ante

331 3047 503 3134 quod
548 3046 780 3113 Furiae
825 3047 1368 3115 commorantur.”
1415 3047 1731 3134 Equidem
1781 3046 2150 3114 Hermanno
2196 3046 2465 3113 concedo
2511 3044 2726 3112 infeli-

330 3174 475 3219 cem
537 3173 675 3220 esse
737 3157 1164 3241 conjecturam
1212 3154 1500 3232 Pauwii,
1549 3154 1657 3220 sed
1706 3151 1886 3219 nulla
1932 3152 2394 3239 interpretandi
2439 3172 2540 3219 ars
2585 3172 2726 3218 um·

334 3279 531 3347 quam
597 3258 858 3336 efficiet,
919 3269 995 3326 ut
1054 3260 1368 3334 πλησίοισι
1435 3279 1561 3326 non
1625 3259 1931 3348 languere
1989 3261 2302 3326 videatur.
2396 3255 2726 3339 Quantum

330 3372 554 3433 autem
601 3368 945 3454 gravitatis
989 3370 1339 3433 sententiae
1387 3365 1676 3444 accedet,
1726 3369 1784 3431 si
1830 3386 2088 3432 mecum
2129 3364 2337 3453 leges:
2380 3366 2727 3447 χρησηρίοις

332 3474 396 3537 ἐν
442 3472 638 3546 τοῖςδε
687 3474 1030 3539 πανδίκοισι
1082 3476 1567 3560 (ΠΛΗΣῙΟΙΣῙ
1599 3510 1679 3521 -
1709 3472 2275 3558 ΠΑΝΔΙΚΟΙΣῙ).
2323 3471 2514 3538 Eum.
2557 3472 2731 3540 804:

333 3581 458 3659 ἐγὼ
522 3578 650 3659 γὰρ
714 3580 857 3659 ὑμῖν
918 3578 1222 3653 πανδίκως
1290 3578 1644 3661 ὑπίσχομαι
1691 3577 1964 3668 legitur,
2010 3576 2208 3665 Soph.
2278 3575 2507 3645 Trach.
2571 3576 2729 3658 294,

333 3684 515 3752 alibi.
927 3721 933 3726 ·
1032 3723 1041 3728 ·

428 3894 644 3984 Rogat
689 3895 916 3964 Furias
962 3898 1193 3984 Apollo
1237 3899 1431 3966 Eum.
1480 3898 1647 3967 209:

798 4006 893 4075 τίς
946 4002 1046 4079 ἥδε
1095 4007 1285 4084 ‘tu-⁶²53
1338 4004 1767 4083 κόμπασον
1812 4005 2002 4086 γέρας
2060 4006 2271 4073 καλόν.

334 4104 481 4172 Hoc
539 4108 593 4173 si
658 4111 914 4195 scripsit
944 4110 1348 4199 Aeschylus,
1401 4112 1561 4178 bene
1607 4110 1933 4201 intelligo,
1983 4112 2151 4197 quod
2195 4114 2571 4196 interpretes
2616 4113 2730 4180 ad-

338 4218 601 4291 notant,
651 4215 1016 4301 Apollinem
1065 4219 1303 4285 ironice
1349 4217 1637 4286 locutum
1684 4219 1882 4285 fuisse
1926 4224 1992 4285 et
2029 4219 2483 4303 interpretibus
2521 4224 2732 4289 tacen-

338 4322 517 4387 tibus
570 4324 767 4388 etiam
831 4343 973 4389 meo
1017 4323 1225 4392 Marte
1267 4324 1389 4391 hoc
1434 4325 1700 4392 sortasse
1745 4326 2096 4411 perspicere
2139 4325 2513 4410 potuissem.
2610 4329 2734 4396 Sed

338 4431 652 4513 quantum
698 4428 923 4508 video,
973 4430 1213 4498 ironiae
1257 4451 1425 4499 nunc
1472 4450 1599 4498 non
1645 4435 1743 4498 est
1780 4430 1958 4498 locus
1995 4434 2061 4496 et
2102 4428 2376 4498 molesta
2415 4452 2490 4500 ea
2527 4430 2736 4522 figura

2406 4549 2437 4603 '1
