3192 5017
525 220 612 316 ''76
1516 247 1912 321 aesomnes.

608 436 911 508 Difficilis
953 440 1132 508 locus
1177 443 1275 506 est
1317 438 1491 507 Pers.
1541 441 1709 509 213:

709 571 713 575 ’
1500 547 1567 617 εὖ
1613 550 1742 630 γὰρ
1788 547 1918 628 ἵςε,
1971 558 2123 626 ταῖς
2170 550 2319 632 ἐμός

976 653 1223 735 πράξας
1269 655 1384 735 μὲν
1431 651 1501 722 εὖ
1546 656 1866 732 θαυμαςὸς
1916 655 1993 723 ἂν
2037 657 2268 737 γένοιτ’
2318 660 2510 746 ἀνήρ,

971 763 1173 835 κακῶς
1222 761 1285 827 δὲ
1331 762 1580 844 πράξας
1625 764 1746 844 οὐχ
1794 762 2129 838 ὑπεύθυνος
2177 764 2452 845 πόλει,

979 866 1199 941 σωθεὶς
1249 870 1299 935 δ’
1346 871 1559 949 ὁμοίως
1612 871 1791 945 τῆςδε
1838 879 2104 950 κοιρανεῖ
2144 869 2397 954 χθονός.

519 971 727 1054 Quam
796 976 1109 1061 impedita
1173 976 1332 1043 haec
1397 980 1564 1061 sint,
1638 977 1997 1044 luculenter
2068 980 2347 1046 ostendit
2417 979 2786 1047 Dindorfius
2844 982 2914 1047 in

516 1082 779 1147 Annott.
827 1079 991 1148 Oxx.
1040 1104 1102 1169 p.
1151 1083 1305 1148 255.
1356 1082 1531 1164 Quae
1571 1089 1668 1149 est
1708 1084 2018 1149 sententia
2057 1087 2396 1151 verborum
2423 1088 2656 1172 quibus
2683 1089 2916 1154 Atossa

515 1184 765 1253 utitur?
830 1187 1157 1267 „Videtis‚
1223 1190 1468 1275 inquit,
1529 1196 1768 1274 quanto
1814 1193 1882 1255 in
1930 1191 2297 1258 discrimine
2343 1211 2709 1259 versemur:
2760 1214 2914 1260 nam

516 1293 575 1357 si
636 1314 701 1360 re
761 1294 917 1361 bene
963 1301 1146 1383 gesta
1193 1293 1364 1361 filius
1413 1317 1595 1361 meus
1642 1296 1938 1375 redierit,
1990 1299 2241 1364 civibus
2291 1298 2699 1371 admirationi
2745 1302 2875 1366 erit
2892 1319 2910 1378 3

515 1400 571 1463 si
615 1399 786 1467 male
832 1407 1049 1488 gesta,
1099 1401 1409 1467 rationem
1460 1403 1714 1467 civitati
1762 1424 1887 1468 non
1931 1403 2181 1479 reddet,
2230 1404 2341 1470 sed
2386 1403 2639 1484 salvus,
2686 1412 2764 1471 ut
2803 1405 2914 1472 ad-

514 1504 676 1584 huc,
740 1511 944 1573 terrae
1000 1508 1196 1574 huius
1241 1510 1588 1593 imperium
1639 1514 1812 1575 tenet
1863 1510 2199 1596 (tenebit),
2247 1510 2315 1575 id
2362 1517 2455 1577 est
2503 1511 2668 1577 nihil
2715 1512 2915 1578 detri-

514 1614 721 1678 menti
767 1616 994 1699 capiet.
1094 1612 1276 1694 Quod
1323 1613 1509 1699 plane
1557 1615 1948 1680 contrarium
1996 1622 2093 1682 est
2138 1622 2329 1702 atque
2378 1616 2507 1683 dici
2554 1619 2632 1683 ab
2671 1617 2913 1685 Atossa

515 1716 774 1805 debuit,
835 1721 1019 1785 cuius
1063 1720 1226 1786 hanc
1270 1723 1484 1806 potius
1530 1728 1817 1787 mentem
1864 1743 2000 1787 esse
2047 1728 2345 1808 apparet,
2392 1729 2595 1797 κακῶς
2642 1724 2707 1789 δὲ
2754 1722 2913 1805 πρα-

513 1821 632 1902 ξας
677 1828 799 1906 οὐχ
847 1823 1181 1898 ὑπεύθυνος
1227 1827 1342 1906 μὲν
1390 1824 1526 1897 ἔςαι
1577 1837 1654 1911 τῇ
1702 1826 1915 1906 πόλει,
1966 1827 2185 1902 σωθεὶς
2240 1827 2298 1894 δ’
2347 1829 2667 1909 ciriacae
2726 1830 2910 1907 τήνδε

513 1939 915 2011 ποιμανεῖ
969 1930 1240 2015 χθόνα.”
1297 1932 1565 2000 Diversa
1610 1936 1774 2000 ratio
1821 1941 1945 2012 est,
1999 1955 2161 2020 quae
2208 1935 2578 2002 Hermanno
2624 1940 2906 2023 placuit,

512 2037 624 2124 qui
692 2039 907 2106 locum
974 2042 1066 2106 sic
1126 2041 1612 2126 interpretatur:
1690 2042 1956 2124 „Atossa
2018 2040 2295 2107 sollicita
2354 2048 2486 2120 est,
2534 2042 2688 2129 quid
2736 2043 2913 2110 dicat

507 2145 633 2210 isto
681 2148 929 2212 somnio
977 2151 1348 2232 ostentoque
1394 2145 1711 2232 portendi.
1804 2144 2028 2231 Itaque
2073 2147 2374 2236 subjicit:
2426 2171 2562 2213 nam
2608 2149 2682 2214 de
2727 2129 2910 2233 rofio

508 2251 635 2318 ficii
696 2252 866 2318 eeitie
924 2275 1045 2317 non
1105 2273 1227 2317 esee
1270 2253 1432 2338 quod
1472 2259 1724 2317 metuam
1742 2299 1759 2329 ‚
1807 2275 1974 2339 quem
1989 2300 2007 2331 ,
2057 2252 2115 2317 si
2143 2276 2435 2337 prospera
2470 2255 2735 2342 fortuna
2783 2256 2901 2320 ad-

506 2359 845 2424 mirandum
889 2360 1137 2424 reddere
1165 2365 1366 2443 potest
1384 2408 1402 2443 ,
1452 2365 1516 2423 at
1561 2360 1813 2423 adversa
1857 2369 2016 2426 certe
2059 2382 2238 2442 reque
2280 2383 2399 2426 non
2439 2370 2610 2427 exuet
2625 2410 2642 2440 ,
2685 2361 2742 2426 εἰ
2776 2367 2909 2449 qui·

506 2466 635 2531 dem
693 2466 803 2530 elk-
861 2466 1065 2531 eabmce
1123 2466 1361 2530 redibit.
1456 2463 1580 2531 His
1643 2467 1850 2553 igitur
1910 2466 2124 2532 verbis
2184 2468 2425 2534 indicat
2488 2489 2613 2534 non
2670 2468 2908 2534 habere

506 2591 574 2638 se
634 2572 952 2658 quomodo
1013 2574 1152 2639 visa
1211 2571 1328 2637 illa
1389 2574 1879 2657 interpretetur,
1935 2575 2065 2639 nisi
2109 2573 2188 2640 de
2236 2579 2443 2640 morte
2491 2573 2612 2639 filii
2635 2624 2651 2650 ‚
2703 2594 2905 2660 quam

504 2679 785 2764 apertius
830 2680 1158 2744 nominare
1204 2677 1631 2745 reformidat.”
1677 2678 1812 2744 Nec
1857 2686 2074 2744 tamen
2121 2678 2530 2745 Hermannus
2569 2679 2902 2746 Dindorfio

503 2787 854 2872 persuasit,
904 2788 1014 2871 qui
1059 2787 1128 2850 in
1176 2783 1493 2872 Lipsiensi
1540 2784 1818 2850 editione
1867 2787 2242 2870 pronunciat
2288 2808 2354 2851 se
2402 2806 2659 2852 manere
2707 2788 2776 2850 in
2825 2805 2900 2851 ea

503 2894 848 2976 sententia,
897 2905 1091 2977 quam
1139 2891 1296 2957 olim
1340 2889 1648 2956 XXVIII
1695 2894 1876 2957 annis
1940 2898 2086 2957 ante
2148 2890 2429 2958 Oxoniae
2491 2890 2899 2957 defendisset.

501 2997 645 3066 Hoc
714 3004 881 3065 certe
949 2997 1249 3075 concedo,
1317 2999 1374 3062 si
1435 2996 1671 3063 Atossa
1729 2996 1799 3062 id
1861 3017 2049 3063 omne
2110 2998 2318 3064 dicere
2378 2997 2689 3084 voluerit,
2732 2995 2900 3083 quod

502 3126 645 3173 eam
705 3103 1116 3171 Hermannus
1178 3103 1495 3169 dicentem
1556 3103 1749 3181 facit,
1817 3110 1950 3169 tam
2013 3104 2310 3192 perplexe
2358 3106 2649 3192 reginam
2697 3104 2899 3170 fuisse

500 3212 823 3291 locutam,
893 3217 967 3278 ut
1013 3214 1149 3278 sine
1196 3213 1559 3297 interpretis
1605 3231 1721 3297 ope
1764 3213 1877 3277 vix
1925 3232 1996 3276 ac
2042 3232 2122 3276 ne
2167 3214 2281 3277 vix
2329 3210 2591 3296 quidem
2639 3231 2677 3278 a
2723 3232 2900 3297 spec·

500 3320 818 3386 tatoribus
864 3317 1147 3406 intelligi
1192 3320 1492 3404 potuerit.
1558 3316 1731 3382 Illud
1779 3319 1978 3382 etiam
2025 3337 2254 3402 parum
2302 3316 2605 3383 credibile
2624 3365 2641 3398 ,
2677 3338 2898 3383 secun·

501 3424 661 3491 dum
708 3426 971 3491 Atossae
1018 3426 1400 3490 sententiam
1447 3422 1724 3488 Xerxem
1747 3470 1762 3499 ‚
1812 3422 2068 3488 etiamsi
2122 3430 2456 3509 superatus
2502 3424 2624 3496 sit,
2672 3444 2898 3512 regna-

500 3537 722 3598 turum
807 3531 1066 3617 quidem
1136 3551 1298 3601 esse,
1375 3530 1484 3595 sed
1549 3529 1809 3606 ἀτίμως.
1909 3529 2052 3614 Ipsa
2113 3535 2318 3596 matre
2379 3529 2622 3613 iudice,
2689 3529 2895 3596 multo

496 3640 706 3727 igitur
760 3639 1050 3704 miserior
1097 3637 1375 3703 conditio
1420 3636 1548 3701 fuit
1594 3636 1832 3702 Xerxis
1878 3655 2073 3721 quam
2120 3636 2439 3701 Francisci
2486 3638 2681 3722 primi
2732 3633 2890 3703 Gal-

495 3742 732 3813 liarum
778 3746 951 3832 regis
968 3791 986 3821 ,
1035 3745 1147 3829 qui
1192 3748 1407 3809 tamen
1456 3744 1996 3808 existimationem
2045 3741 2291 3807 salvam
2339 3763 2372 3808 e
2421 3740 2600 3807 clade
2645 3740 2886 3808 retulit.

496 3850 773 3921 Etiamsi
836 3853 1033 3917 matri
1093 3870 1465 3936 persuasum
1532 3850 1619 3914 sit
1642 3898 1657 3926 ,
1707 3851 1992 3915 inustam
2038 3868 2172 3914 esse
2219 3846 2352 3914 filio
2398 3848 2703 3915 infamiae
2751 3869 2889 3913 ma·

497 3959 748 4045 culam,
807 3978 935 4023 non
997 3962 1211 4023 tamen
1258 3958 1468 4042 potuit
1515 3956 1768 4022 disertis
1808 3956 2018 4022 verbis
2064 3954 2130 4019 id
2177 3957 2591 4040 pronunciare
2639 3958 2706 4021 in
2760 3974 2890 4021 ora·

496 4068 669 4133 tione
736 4066 1105 4151 praesertim
1177 4062 1255 4130 ad
1326 4068 1642 4129 senatores
1710 4062 1931 4127 habita
1998 4066 2063 4126 et
2129 4060 2295 4125 illud
2367 4060 2640 4139 ἀτίμως,
2719 4058 2882 4147 quod

493 4168 833 4241 Dindorfiii
914 4170 1174 4258 ingenio
1241 4190 1369 4236 non
1434 4168 1619 4235 libris
1688 4168 1986 4243 debetur,
2059 4187 2314 4252 prorsus
2382 4169 2624 4234 reiici0.
2720 4164 2884 4248 Quid

493 4280 701 4346 dicere
761 4277 1052 4344 debuerit
1095 4277 1351 4364 regina,
1400 4275 1726 4343 ostendere
1771 4280 2070 4361 poterunt
2114 4272 2395 4339 Eteoclis
2443 4275 2636 4340 verba
2657 4324 2673 4350 ‚
2724 4292 2882 4360 quae

496 4383 861 4457 Dindorfius
905 4386 1043 4474 ipse
1086 4382 1348 4449 attulit:
