3192 5017
1269 264 1634 314 summm.
2495 241 2625 312 2¹71

378 437 845 515 Ἀγαμέμνονος
893 432 936 500 ὦ
985 435 1170 521 κόρα,

375 540 636 626 ἤλυθον,
684 540 1029 621 Ἠλέκτρα,
1079 544 1220 607 ποτὶ
1270 544 1388 608 σαν
1438 543 1644 609 αὐλὰν
1691 541 2086 624 ἀγρότειραν.

376 649 559 726 ἔμολέ
607 672 699 722 τις
750 645 936 725 ἔμολέ
983 671 1075 719 τις
1126 650 1273 728 ἀνὴρ
1319 648 1826 727 γαλακτοπότας

377 763 730 827 Μυκηναῖος
773 755 1266 834 οὖριβάτας·

377 859 693 939 ἀγγέλλει
742 860 794 925 δ’
843 859 933 925 ὅτι
982 865 1084 925 νῦν
1132 864 1418 939 τριταΙαν
1468 862 1867 942 καρύσσουσιν
1916 862 2133 927 θυσίαν

382 968 681 1047 ’Λργεῒοι,
732 970 934 1031 ποῖσαι
983 965 1045 1032 δὲ
1094 968 1242 1047 παρ’
1284 967 1479 1048 Ἥραν
1518 967 1817 1045 μέλλουσι
1859 967 2232 1046 παρθενικαὶ
2271 968 2528 1049 cdxciv.

240 1074 339 1139 De
402 1073 708 1140 vocabulo
771 1073 1267 1151 γαλακτοπότας
1289 1120 1305 1151 ,
1365 1073 1531 1160 quod
1581 1080 1759 1140 tanto
1808 1077 2019 1162 magis
2062 1073 2307 1159 placuit
2356 1072 2588 1141 Weilio
2609 1121 2624 1150 ‚

239 1184 480 1265 quanto
543 1182 755 1245 minus
815 1178 1057 1265 placuit
1119 1179 1411 1246 Nauckio
1427 1228 1445 1254 ‚
1508 1182 1577 1245 in
1636 1186 1931 1246 neutram
1979 1186 2227 1266 partem
2274 1180 2624 1266 quidquam

242 1287 657 1373 pronunciare
703 1287 914 1352 ausim
929 1333 945 1361 ,
997 1285 1108 1352 sed
1151 1285 1506 1370 plurimum
1553 1306 1662 1351 me
1709 1284 1968 1351 offendit
2016 1285 2286 1352 nuncius
2331 1284 2443 1351 ille
2480 1286 2632 1363 οὐρι-

244 1390 459 1469 βάτας
525 1389 629 1458 vel
688 1389 1019 1470 ὀρειβάτας
1035 1440 1054 1476 ,
1117 1410 1267 1456 nam
1327 1396 1391 1456 et
1450 1389 1763 1478 Mycenae
1808 1393 1874 1456 in
1921 1391 2189 1477 planitie
2234 1393 2395 1457 sitae
2442 1396 2592 1455 sunt
2611 1439 2628 1474 ,

245 1518 448 1584 neque
516 1496 628 1563 ille
689 1496 1022 1577 αὐτουργὸς
1089 1496 1360 1562 fundum
1420 1497 1698 1563 habebat
1751 1501 1817 1563 in
1879 1496 2150 1564 saltibus
2176 1545 2192 1575 ,
2240 1498 2322 1564 cf.
2373 1518 2465 1563 vs.
2519 1494 2627 1562 79.

244 1602 542 1670 Solemus
602 1609 820 1670 autem
869 1606 936 1667 in
983 1602 1217 1670 nuncio
1264 1602 1658 1670 celeritatem
1704 1603 1964 1671 laudare
2012 1611 2077 1670 et
2122 1603 2402 1671 conferre
2448 1604 2631 1670 iuvat

247 1709 651 1798 Hesychium
716 1712 784 1774 in
843 1730 996 1775 voce
1053 1708 1439 1789 αὖριβάτας·
1491 1708 1810 1789 Αἰσχύλος
1860 1710 1962 1796 (fr.
2013 1708 2175 1797 278)
2222 1710 2292 1776 τὸ
2341 1704 2475 1791 αὖρι
2528 1710 2630 1774 ἐπὶ

247 1822 356 1884 τοῦ
416 1816 670 1899 ταχέως
717 1815 929 1891 τίθησι
978 1818 1082 1881 καὶ
1133 1817 1162 1879 ὁ
1213 1816 1401 1888 αὐτὸς
1453 1818 1836 1900 Ψυχοςασία
1885 1813 2071 1890 οὕτως
2118 1818 2273 1896 Φησὶ
2324 1819 2394 1882 τὸ
2441 1815 2634 1893 ὄνομα

246 1921 676 2004 ταχυβάμων.
724 1920 1011 1998 Quocum
1061 1928 1449 2007 componunt
1495 1922 1731 1988 Anecd.
1780 1921 1901 1987 Bk.
1954 1922 2291 2002 αὐρίβατον
2318 1945 2332 1961 ·
2378 1924 2448 1990 τὸ
2498 1920 2630 2002 αὖρι

248 2026 532 2095 τιθέασιν
594 2027 695 2093 ἐπὶ
759 2031 866 2094 τοῦ
927 2026 1213 2109 ταχέως,
1271 2027 1378 2092 καὶ
1442 2029 1631 2107 τάχα
1676 2028 1785 2094 οὐκ
1830 2027 1955 2094 άπὸ
2005 2038 2115 2102 τῆς
2168 2028 2400 2109 αὔρας,
2452 2029 2633 2095 άλλά

248 2134 424 2201 κατά
470 2158 608 2200 τινα
657 2133 1049 2214 βαρβαρικὴν
1094 2131 1299 2212 λέξιν,
1351 2131 1540 2216 τάχα
1587 2133 1654 2199 δὲ
1703 2134 1811 2201 καὶ
1859 2137 1984 2202 άπὸ
2033 2140 2139 2201 τοῦ
2190 2135 2411 2216 αὔριον.
2462 2134 2634 2201 Illud

246 2245 461 2329 ipsum
508 2266 551 2307 α
572 2243 651 2322 ὖρ
674 2240 758 2320 ιβ
774 2239 934 2306 άτα
955 2265 983 2312 ς
1033 2242 1231 2306 etiam
1276 2240 1571 2328 Euripidi
1617 2240 2004 2307 reddiderim
2054 2245 2316 2329 eiusque
2362 2243 2455 2308 rei
2492 2240 2635 2309 leve

246 2347 563 2414 indicium
623 2354 720 2413 est
766 2348 836 2412 in
880 2347 1325 2433 Aristophanis
1370 2346 1556 2414 Pace.
1651 2346 1834 2423 Quod
1883 2347 2222 2434 Euripides
2270 2350 2338 2413 in
2382 2347 2637 2414 Electra

245 2456 465 2542 posuit
513 2475 608 2520 vs.
660 2450 872 2519 11472
922 2452 1298 2534 μετάτροποι
1346 2454 1625 2518 πνέουσιν
1670 2450 1850 2535 αὖραι
1897 2453 2094 2532 δόμων
2116 2504 2135 2529 ,
2185 2454 2252 2520 id
2289 2457 2636 2541 respexisse

245 2561 502 2629 videtur
548 2559 1000 2645 Aristophanes
1046 2562 1112 2625 in
1163 2559 1328 2625 Pace
1375 2580 1471 2626 vs.
1516 2558 1681 2625 9452
1729 2561 2003 2638 πολέμου
2042 2559 2430 2641 μετάτροπος
2471 2560 2633 2640 αὔρα

245 2674 312 2734 et
369 2665 654 2732 indidem
718 2659 852 2743 αὖρι
900 2672 1237 2731 mutuatus
1289 2670 1386 2730 est
1431 2667 1499 2729 in
1546 2665 1794 2733 ludicro
1841 2670 2193 2752 composito
2240 2666 2636 2747 ἑνδιαεραυρι-

246 2771 539 2854 νηχέτους
613 2793 709 2838 vs.
780 2769 931 2849 830,
1010 2771 1120 2836 ubi
1182 2768 1551 2837 Dindorfius
1616 2771 1919 2859 Aeschyli
1984 2768 2120 2853 αὖρι
2186 2771 2493 2849 contulit,
2558 2772 2635 2838 de

245 2878 553 2964 Euripide
614 2884 827 2943 autem
851 2925 867 2956 ‚
933 2898 1122 2962 quem
1186 2877 1407 2943 eadem
1469 2898 1659 2962 opera
1721 2878 2052 2944 emendare
2113 2881 2463 2964 potuisset,
2508 2899 2634 2945 non

246 2988 598 3076 cogitavit,
646 2984 830 3051 credo
879 2987 1031 3069 quia
1073 2984 1260 3050 hodie
1306 2984 1483 3051 sedet
1531 2986 1747 3070 opinio
1785 2986 2106 3052 Electram
2148 2985 2401 3051 doctam
2441 2986 2635 3050 fuisse

248 3093 494 3179 aliquot
539 3094 720 3158 annis
764 3098 907 3177 post
950 3091 1217 3175 Pacem,
1261 3111 1487 3176 nempe
1533 3090 1667 3156 413
1688 3139 1703 3170 ‚
1748 3111 1872 3177 qua
1912 3091 1991 3157 de
2027 3113 2095 3158 re
2137 3090 2446 3157 Weilium
2487 3090 2634 3158 vide

245 3221 309 3286 p.
345 3197 498 3264 569.
551 3202 1025 3286 Argumentum
1067 3206 1317 3275 tamen,
1360 3216 1485 3282 quo
1523 3199 1649 3263 viri
1690 3197 1859 3263 docti
1899 3196 2256 3283 plurimum
2283 3196 2626 3275 confidunt,

245 3305 444 3371 nimis
488 3310 586 3371 est
632 3304 956 3369 lubricum
975 3350 992 3379 ‚
1039 3322 1188 3367 nam
1241 3302 1411 3386 quod
1457 3302 1849 3368 contendunt
1895 3301 2210 3369 Helenam
2259 3304 2441 3369 brevi
2489 3308 2632 3388 post

245 3410 569 3479 Electram
616 3409 855 3476 editam
902 3408 1131 3491 fuisse,
1180 3428 1329 3473 cum
1378 3407 1675 3474 Dioscuri
1721 3411 1791 3474 in
1829 3409 1947 3474 hac
1987 3408 2317 3496 tragoedia
2355 3413 2631 3485 narrent,

243 3538 399 3584 mox
455 3515 770 3583 Helenam
832 3515 1053 3591 aflore,
1113 3533 1273 3599 quae
1324 3534 1680 3599 numquam
1725 3513 1981 3601 'I'rojam
2032 3516 2276 3582 venerit
2296 3535 2323 3591 ‚·
2362 3514 2472 3579 sed
2523 3534 2635 3599 per

245 3630 459 3690 totum
519 3629 776 3707 tempus
823 3619 976 3687 belli
1020 3619 1277 3706 Trojani
1321 3622 1387 3684 in
1431 3617 1736 3707 Aegypto
1780 3620 2135 3687 latitaverit
2181 3622 2400 3706 itaque
2448 3619 2632 3684 Elec-

245 3737 416 3796 tram
480 3730 888 3794 commissam
951 3727 1145 3792 fuisse
1193 3746 1252 3791 a.
1315 3725 1468 3803 413,
1520 3746 1671 3791 cum
1721 3725 1969 3793 Helena
2016 3729 2301 3813 primum
2352 3732 2635 3812 spectata

246 3840 335 3903 sit.
398 3856 451 3901 a.
505 3834 674 3910 412,
736 3834 802 3898 id
864 3832 1301 3914 concederem,
1350 3834 1406 3897 si
1453 3831 1794 3918 Euripides
1841 3835 2089 3918 primus
2137 3833 2300 3898 hanc
2348 3830 2635 3897 Helenae

246 3943 579 4010 cecinisset
637 3938 1025 4026 palinodiam
1047 3984 1063 4015 ‚
1110 3938 1220 4004 sed
1266 3940 1423 4003 satis
1469 3939 1641 4024 apud
1686 3958 1908 4005 omnes
1957 3939 2200 4006 celebre
2249 3945 2385 4004 erat
2432 3936 2633 4003 Stesi-

245 4049 422 4115 chori
492 4067 766 4123 carmen,
839 4044 1006 4131 quod
1067 4042 1357 4110 Platonis
1419 4043 1750 4110 Phaedrus
1808 4045 2071 4111 indicat.
2171 4042 2417 4110 Deinde
2464 4042 2633 4128 quod

246 4160 592 4242 provocant
641 4152 721 4218 ad
768 4172 861 4219 vs.
916 4147 1117 4215 1347:

844 4258 918 4337 νῷ
961 4255 1015 4320 δ’
1061 4256 1161 4319 ἐπὶ
1213 4255 1427 4321 πόντον
1477 4256 1735 4322 Σικελὸν
1780 4257 2012 4337 σπουδῇ

839 4363 1100 4429 σώσοντε
1147 4368 1286 4426 νεῶν
1336 4360 1576 4444 πρῴρας
1624 4361 1876 4436 ἐνάλους
1895 4411 1914 4448 ,
