3192 5017
1357 343 1600 402 crosno.
2562 330 2689 404 147

296 528 650 594 internecivi
694 541 892 594 notae.
951 525 1339 593 Testamenta
1360 573 1376 602 ‚
1424 527 1600 592 credo
1620 573 1636 604 ‚
1673 526 1999 592 subiiciunt
2035 540 2146 593 aut
2183 528 2431 593 eiiciunt
2465 527 2692 592 vicinos

285 643 395 696 aut
456 633 940 700 adolescentulos
985 633 1507 698 circumscribunt.
1561 631 1693 718 [his
1738 633 1909 698 enim
1957 634 2137 701 vitiis
2184 632 2436 699 affectos
2483 636 2548 699 et
2593 638 2687 698 ta·

285 736 449 803 libus
494 737 711 806 malos
757 744 870 806 aut
916 739 1186 806 audaces
1233 736 1552 825 appellare
1600 739 1984 805 consuetudo
2034 738 2243 825 solet].
2295 739 2551 805 Bellum
2589 741 2687 804 in·

286 846 585 932 &piabile
633 848 703 911 in
695 848 835 933 sert
881 883 963 895 —
1013 869 1172 911 unus
1219 848 1496 911 omnium
1544 845 1863 911 latronum
1911 849 2321 911 taeterrimus.

364 949 784 1038 Quicumque
845 953 1016 1017 hunc
1077 952 1290 1018 locum
1354 950 1701 1039 diligenter
1763 951 2255 1020 consideraverit
2299 949 2686 1040 Pluygersio

283 1060 672 1124 assentietur
718 1059 1110 1146 expungenti
1156 1057 1416 1124 evidens
1461 1055 1806 1123 emblema.
1856 1055 2076 1125 Cicero
2123 1057 2367 1124 duriter
2404 1060 2689 1145 increpat

284 1160 663 1242 Consulem,
716 1166 828 1250 qui
876 1163 1267 1230 Antonianos
1314 1161 1653 1230 sceleratos
1690 1161 1968 1230 latrones
2006 1185 2133 1231 non
2172 1165 2369 1231 hostes
2398 1166 2653 1253 patriae
2670 1212 2686 1243 ‚

281 1269 383 1335 sed
427 1272 758 1359 improbos
802 1282 860 1336 et
897 1272 1157 1335 audaces
1199 1268 1654 1356 appellaverat.
1703 1268 1868 1336 Sunt
1905 1271 2047 1336 haec
2069 1272 2455 1337 urbanarum
2478 1272 2684 1337 litium

284 1378 611 1443 maledicta
634 1425 650 1456 ,
700 1374 1018 1443 exclamat
1064 1372 1284 1443 Cicero
1303 1426 1322 1451 ,
1374 1377 1431 1442 si
1479 1382 1623 1461 quis
1669 1380 2127 1443 testamentum
2174 1377 2514 1444 subiecerit
2571 1381 2686 1442 aut

287 1482 538 1550 eiecerit
586 1485 853 1551 vicinos.

367 1589 554 1670 Quod
623 1589 859 1656 sciolus
921 1589 999 1656 ad
1061 1589 1218 1655 haec
1279 1592 1612 1656 annotavit
1658 1610 1911 1677 prorsus
1958 1609 2427 1677 supervacuum
2477 1595 2573 1656 est
2621 1593 2687 1655 et

283 1716 318 1760 a
380 1694 694 1763 Cicerone
751 1694 960 1762 multo
1021 1695 1257 1762 melius
1319 1697 1565 1761 dictum
1633 1703 1696 1763 et
1757 1698 1959 1763 oratio
2024 1717 2221 1782 prava
2284 1702 2380 1762 est
2441 1697 2583 1762 haec
2625 1708 2685 1762 ct

282 1802 433 1867 talia
480 1805 642 1869 vitia
662 1850 678 1881 ,
728 1821 928 1889 quum
971 1823 1096 1868 non
1142 1804 1274 1867 sint
1319 1805 1471 1869 vitia
1510 1803 1619 1868 sed
1651 1804 1951 1890 facinora
1972 1850 1987 1881 ,
2027 1808 2092 1869 et
2127 1803 2490 1868 consuetudo
2512 1803 2683 1868 solet.

282 1906 420 1973 Una
464 1908 674 1976 litura
718 1911 925 1997 igitur
968 1910 1125 1976 haec
1172 1912 1389 1976 omnia
1435 1909 1702 1977 delenda
1745 1917 1912 1976 sunt.

367 2153 404 2238 ξ
450 2152 530 2219 93
574 2169 762 2242 ‘quas
824 2157 987 2219 enim
1051 2157 1468 2243 turpitudines
1514 2152 1781 2219 Antonii
1823 2154 2075 2220 libenter
2126 2156 2298 2241 [cum
2351 2154 2678 2243 dedecore]

290 2260 611 2326 subierunt
630 2308 645 2338 ‚
692 2263 933 2325 easdem
969 2284 1091 2350 per
1136 2265 1260 2327 vim
1307 2262 1621 2326 loetantm·
1664 2261 1806 2326 aliis
1852 2284 1913 2326 se
1957 2261 2253 2327 intulisse.

370 2363 573 2434 Recte
622 2369 931 2452 expunxit
974 2367 1324 2433 molestum
1373 2373 1437 2433 et
1482 2368 1925 2454 importunum
1966 2391 2107 2433 cum
2146 2369 2466 2447 dedecor&
2507 2367 2690 2436 nulla

290 2470 634 2559 turpitudo
671 2477 767 2539 est
811 2474 949 2539 sine
996 2473 1315 2540 dedecore.
2045 2462 2062 2466 ’

375 2721 411 2803 ᾗ
455 2718 585 2786 213
648 2741 872 2786 necesse
931 2732 1021 2786 est
1064 2743 1163 2786 eos
1208 2722 1321 2808 qui
1362 2744 1430 2787 rs
1475 2733 1622 2787 sunt
1667 2721 1866 2787 hostes
1913 2720 2156 2806 [verbis
2202 2721 2442 2806 notari]
2465 2767 2483 2798 ‚
2541 2743 2679 2787 sen-

295 2826 489 2891 tentiis
536 2828 771 2892 nostris
819 2826 1015 2891 hostes
1061 2828 1346 2893 iudicavi.

371 2929 643 2999 Sublato
687 2930 1073 3000 emblemate
1119 2934 1359 3018 optime
1405 2935 1622 3001 omnia
1669 2933 2035 3020 procedunt.

379 3174 411 3259 §
474 3173 603 3240 233
687 3175 874 3259 qra've
940 3173 1163 3239 bellum
1240 3171 1646 3240 Octavianum
1716 3177 2052 3239 insecutum
2120 3186 2208 3239 est
2226 3198 2246 3238 .-
2315 3173 2684 3261 supplicatio

298 3274 589 3452 Εἴθε]
665 3280 838 3345 nulla
907 3283 1143 3347 victori.
1248 3279 1480 3347 Cinnae
1552 3282 1876 3348 victoriam
1946 3283 2289 3368 impe-rator
2356 3280 2526 3345 ultus
2594 3293 2683 3348 est

382 3475 537 3574 Quiri
580 3515 708 3561 non
755 3492 974 3559 statim
1026 3512 1063 3559 a
1110 3494 1499 3582 Pluygersio
1544 3493 1913 3560 admonitus
1960 3494 2156 3559 sentit
2213 3491 2445 3560 Cinnae
2489 3495 2681 3560 inter·

300 3598 579 3682 polutum
650 3597 827 3668 esse?
898 3599 1057 3681 Quis
1118 3617 1243 3667 non
1303 3601 1483 3668 videt
1545 3603 1617 3666 in
1677 3599 1955 3668 alienam
2002 3599 2217 3667 sedem
2264 3620 2343 3667 ex
2389 3603 2683 3689 margine

302 3701 613 3794 irrepsisse
630 3705 657 3773 ‘f

386 3936 420 4020 ἓ
463 3937 586 4003 243
643 3941 811 4025 quod
868 3960 1011 4023 erqo
1072 3939 1173 4003 ille
1237 3961 1331 4015 re,
1380 3941 1450 4003 id
1498 3960 1601 4026 eqo
1647 3940 1834 4004 etiam
1881 3939 2057 4004 verbo
2094 3961 2233 4002 cum
2283 3939 2686 4025 imperatores

309 4062 395 4106 eos
451 4045 694 4136 appello
714 4069 734 4109 .·
799 4044 906 4110 hoc
966 4047 1102 4133 ipso
1164 4048 1408 4111 nomine
1465 4058 1524 4111 et
1568 4067 1667 4111 eos
1711 4047 1822 4133 qui
1865 4047 1994 4110 iam
2038 4046 2256 4109 devicti
2299 4057 2444 4111 sunt
2486 4058 2545 4112 et
2589 4069 2686 4114 eos

312 4153 409 4231 qui
462 4165 794 4240 supersunt
854 4152 1049 4218 hostes
1113 4154 1313 4219 iudico
1380 4153 1554 4238 [cum
1602 4154 1876 4218 victores
1924 4148 2171 4236 appello
2217 4151 2681 4239 imperatores}

390 4256 566 4338 Quod
628 4257 949 4325 emblema
991 4257 1314 4347 Pluygers
1361 4257 1748 4325 eiiciendum
1801 4278 1934 4325 esse
1980 4257 2145 4324 vidit
2190 4263 2417 4323 natum
2465 4264 2561 4325 est
2607 4280 2685 4326 ex

313 4377 582 4443 perversa
637 4365 982 4433 verborum
1039 4364 1468 4431 distinctione.
1563 4363 1786 4431 Cicero
1831 4366 2004 4431 enim
2050 4366 2145 4430 ita
2191 4362 2472 4432 dixerat:
2521 4368 2690 4454 quod

318 4487 438 4554 προ
505 4473 603 4538 ille
669 4495 735 4538 re
753 4519 769 4551 ‚
832 4475 902 4537 id
959 4495 1066 4558 eqo
1137 4475 1326 4538 etiam
1390 4472 1600 4542 verbo:
1664 4496 1802 4539 cum
1863 4474 2265 4564 imperatores
2308 4496 2406 4539 eos
2450 4471 2693 4564 appello
