<?xml version="1.0" encoding="UTF-8"?>
<!DOCTYPE html PUBLIC "-//W3C//DTD XHTML 1.0 Transitional//EN"
    "http://www.w3.org/TR/xhtml1/DTD/xhtml1-transitional.dtd">
<html xmlns="http://www.w3.org/1999/xhtml" xml:lang="en" lang="en">
 <head>
  <title>
</title>
<meta http-equiv="Content-Type" content="text/html;charset=utf-8" />
  <meta name='ocr-system' content='tesseract 3.04.00' />
  <meta name='ocr-capabilities' content='ocr_page ocr_carea ocr_par ocr_line ocrx_word'/>
</head>
<body>
  <div class='ocr_page' id='page_1' title='image "./mnemosynebiblio14servgoog_0237.png"; bbox 0 0 3192 5017; ppageno 0'>
   <div class='ocr_carea' id='block_1_1' title="bbox 1190 290 2578 360">
    <p class='ocr_par' dir='ltr' id='par_1_1' title="bbox 1190 290 2578 360">
     <span class='ocr_line' id='line_1_1' title="bbox 1190 290 2578 360; baseline 0.001 -2"><span class='ocrx_word' id='word_1_1' title='bbox 1190 305 1581 358; x_wconf 66' lang='lat' dir='ltr'>sornocnm.</span> <span class='ocrx_word' id='word_1_2' title='bbox 2446 290 2578 360; x_wconf 82' lang='lat'>233</span> 
     </span>
    </p>
   </div>
   <div class='ocr_carea' id='block_1_2' title="bbox 831 477 1900 561">
    <p class='ocr_par' dir='ltr' id='par_1_2' title="bbox 831 477 1900 561">
     <span class='ocr_line' id='line_1_2' title="bbox 831 477 1900 561; baseline -0.003 -14"><span class='ocrx_word' id='word_1_3' title='bbox 831 480 927 547; x_wconf 79' lang='grc' dir='ltr'>ἵνα</span> <span class='ocrx_word' id='word_1_4' title='bbox 981 481 1109 561; x_wconf 72' lang='grc' dir='ltr'>γὰρ</span> <span class='ocrx_word' id='word_1_5' title='bbox 1157 480 1285 555; x_wconf 77' lang='grc' dir='ltr'><strong><em>δέος</em></strong></span> <span class='ocrx_word' id='word_1_6' title='bbox 1333 477 1490 544; x_wconf 68' lang='grc' dir='ltr'>ἔνθα</span> <span class='ocrx_word' id='word_1_7' title='bbox 1540 479 1648 544; x_wconf 75' lang='grc' dir='ltr'>καὶ</span> <span class='ocrx_word' id='word_1_8' title='bbox 1697 477 1900 551; x_wconf 76' lang='grc' dir='ltr'><strong><em>αἰδώς.</em></strong></span> 
     </span>
    </p>
   </div>
   <div class='ocr_carea' id='block_1_3' title="bbox 242 690 2638 3435">
    <p class='ocr_par' dir='ltr' id='par_1_3' title="bbox 317 690 2578 780">
     <span class='ocr_line' id='line_1_3' title="bbox 317 690 2578 780; baseline 0 -22"><span class='ocrx_word' id='word_1_9' title='bbox 317 692 595 774; x_wconf 77' lang='lat' dir='ltr'>Quaerere</span> <span class='ocrx_word' id='word_1_10' title='bbox 634 697 826 780; x_wconf 84' lang='lat' dir='ltr'>juvat</span> <span class='ocrx_word' id='word_1_11' title='bbox 872 694 1026 778; x_wconf 90' lang='lat' dir='ltr'>quid</span> <span class='ocrx_word' id='word_1_12' title='bbox 1073 696 1161 757; x_wconf 87' lang='lat' dir='ltr'>sit</span> <span class='ocrx_word' id='word_1_13' title='bbox 1207 690 1547 768; x_wconf 76' lang='grc' dir='ltr'><strong><em>ἐξεκίνησεν</em></strong></span> <span class='ocrx_word' id='word_1_14' title='bbox 1593 695 1661 755; x_wconf 89' lang='lat' dir='ltr'>in</span> <span class='ocrx_word' id='word_1_15' title='bbox 1708 691 1998 758; x_wconf 80' lang='lat' dir='ltr'>Electrae</span> <span class='ocrx_word' id='word_1_16' title='bbox 2034 695 2246 758; x_wconf 84' lang='lat' dir='ltr'>verbis</span> <span class='ocrx_word' id='word_1_17' title='bbox 2286 716 2378 759; x_wconf 84' lang='lat' dir='ltr'>vs.</span> <span class='ocrx_word' id='word_1_18' title='bbox 2410 693 2578 760; x_wconf 81' lang='lat'><strong>567:</strong></span> 
     </span>
    </p>

    <p class='ocr_par' dir='ltr' id='par_1_4' title="bbox 638 797 2061 880">
     <span class='ocr_line' id='line_1_4' title="bbox 638 797 2061 880; baseline -0.002 -14"><span class='ocrx_word' id='word_1_19' title='bbox 638 803 847 880; x_wconf 70' lang='grc' dir='ltr'><strong><em>πατήρ</em></strong></span> <span class='ocrx_word' id='word_1_20' title='bbox 898 800 1031 865; x_wconf 80' lang='grc' dir='ltr'><strong><em>ποθ’</em></strong></span> <span class='ocrx_word' id='word_1_21' title='bbox 1078 799 1301 876; x_wconf 77' lang='grc' dir='ltr'><strong><em>οὑμός,</em></strong></span> <span class='ocrx_word' id='word_1_22' title='bbox 1352 801 1427 870; x_wconf 81' lang='grc' dir='ltr'>ὥς</span> <span class='ocrx_word' id='word_1_23' title='bbox 1477 798 1600 876; x_wconf 69' lang='grc' dir='ltr'>ἐγὼ</span> <span class='ocrx_word' id='word_1_24' title='bbox 1650 798 1849 876; x_wconf 78' lang='grc' dir='ltr'><strong><em>κλύω,</em></strong></span> <span class='ocrx_word' id='word_1_25' title='bbox 1904 797 2061 871; x_wconf 68' lang='grc' dir='ltr'>θεᾶς</span> 
     </span>
    </p>

    <p class='ocr_par' dir='ltr' id='par_1_5' title="bbox 647 901 2101 986">
     <span class='ocr_line' id='line_1_5' title="bbox 647 901 2101 986; baseline -0.003 -14"><span class='ocrx_word' id='word_1_26' title='bbox 647 906 885 986; x_wconf 71' lang='grc' dir='ltr'><strong><em>παίζων</em></strong></span> <span class='ocrx_word' id='word_1_27' title='bbox 935 908 1080 970; x_wconf 80' lang='grc' dir='ltr'><strong><em>κατ’</em></strong></span> <span class='ocrx_word' id='word_1_28' title='bbox 1129 901 1320 976; x_wconf 76' lang='grc' dir='ltr'><strong><em>ἄλο-ος</em></strong></span> <span class='ocrx_word' id='word_1_29' title='bbox 1371 901 1850 978; x_wconf 73' lang='grc' dir='ltr'><strong><em>ἐξεκίνησεν</em></strong></span> <span class='ocrx_word' id='word_1_30' title='bbox 1898 905 2101 970; x_wconf 72' lang='grc' dir='ltr'><strong><em>ποδοῖν</em></strong></span> 
     </span>
    </p>

    <p class='ocr_par' dir='ltr' id='par_1_6' title="bbox 646 1006 2143 1092">
     <span class='ocr_line' id='line_1_6' title="bbox 646 1006 2143 1092; baseline -0.004 -11"><span class='ocrx_word' id='word_1_31' title='bbox 646 1019 851 1081; x_wconf 57' lang='lat' dir='ltr'>sum-bv</span> <span class='ocrx_word' id='word_1_32' title='bbox 900 1010 1163 1091; x_wconf 70' lang='grc' dir='ltr'><strong><em>κεμάς-ην</em></strong></span> <span class='ocrx_word' id='word_1_33' title='bbox 1211 1009 1486 1092; x_wconf 80' lang='grc' dir='ltr'><strong><em>ἔλαφον,</em></strong></span> <span class='ocrx_word' id='word_1_34' title='bbox 1537 1006 1605 1075; x_wconf 83' lang='grc' dir='ltr'>οὗ</span> <span class='ocrx_word' id='word_1_35' title='bbox 1650 1011 1823 1075; x_wconf 73' lang='grc' dir='ltr'><strong><em>κατὰ</em></strong></span> <span class='ocrx_word' id='word_1_36' title='bbox 1871 1012 2143 1091; x_wconf 70' lang='grc' dir='ltr'><strong><em>σφαγὰς</em></strong></span> 
     </span>
    </p>

    <p class='ocr_par' dir='ltr' id='par_1_7' title="bbox 242 1115 2638 3435">
     <span class='ocr_line' id='line_1_7' title="bbox 648 1115 2010 1198; baseline -0.001 -13"><span class='ocrx_word' id='word_1_37' title='bbox 648 1117 1061 1198; x_wconf 71' lang='grc' dir='ltr'><strong><em>ἐκκομπάσας</em></strong></span> <span class='ocrx_word' id='word_1_38' title='bbox 1112 1115 1255 1189; x_wconf 77' lang='grc' dir='ltr'><strong><em>ἔπος</em></strong></span> <span class='ocrx_word' id='word_1_39' title='bbox 1304 1141 1362 1182; x_wconf 81' lang='grc' dir='ltr'>τι</span> <span class='ocrx_word' id='word_1_40' title='bbox 1411 1115 1722 1196; x_wconf 73' lang='grc' dir='ltr'>τυγχάνει</span> <span class='ocrx_word' id='word_1_41' title='bbox 1771 1116 2010 1196; x_wconf 78' lang='grc' dir='ltr'><strong><em>βαλών.</em></strong></span> 
     </span>
     <span class='ocr_line' id='line_1_8' title="bbox 244 1222 2638 1310; baseline 0.002 -21"><span class='ocrx_word' id='word_1_42' title='bbox 244 1225 557 1290; x_wconf 86' lang='lat' dir='ltr'>Audiamus</span> <span class='ocrx_word' id='word_1_43' title='bbox 624 1226 996 1291; x_wconf 83' lang='lat' dir='ltr'>Nauckium</span> <span class='ocrx_word' id='word_1_44' title='bbox 1068 1223 1175 1290; x_wconf 82' lang='lat' dir='ltr'>vel</span> <span class='ocrx_word' id='word_1_45' title='bbox 1242 1225 1504 1289; x_wconf 87' lang='lat' dir='ltr'>fortasse</span> <span class='ocrx_word' id='word_1_46' title='bbox 1566 1222 2156 1303; x_wconf 82' lang='lat' dir='ltr'>Schneidewinum,</span> <span class='ocrx_word' id='word_1_47' title='bbox 2223 1247 2413 1310; x_wconf 88' lang='lat' dir='ltr'>quem</span> <span class='ocrx_word' id='word_1_48' title='bbox 2479 1230 2586 1293; x_wconf 90' lang='lat' dir='ltr'>hic</span> <span class='ocrx_word' id='word_1_49' title='bbox 2632 1263 2638 1269; x_wconf 91' lang='lat'><em>·</em></span> 
     </span>
     <span class='ocr_line' id='line_1_9' title="bbox 244 1330 2588 1420; baseline 0.002 -26"><span class='ocrx_word' id='word_1_50' title='bbox 244 1332 379 1396; x_wconf 88' lang='lat' dir='ltr'>mihi</span> <span class='ocrx_word' id='word_1_51' title='bbox 434 1334 648 1398; x_wconf 82' lang='lat' dir='ltr'>videor</span> <span class='ocrx_word' id='word_1_52' title='bbox 711 1353 1076 1420; x_wconf 80' lang='lat' dir='ltr'>agnoscere:</span> <span class='ocrx_word' id='word_1_53' title='bbox 1147 1332 1275 1394; x_wconf 70' lang='lat' dir='ltr'>dies</span> <span class='ocrx_word' id='word_1_54' title='bbox 1335 1331 1577 1394; x_wconf 78' lang='lat' dir='ltr'>mildert</span> <span class='ocrx_word' id='word_1_55' title='bbox 1640 1331 1751 1393; x_wconf 74' lang='lat' dir='ltr'>dae</span> <span class='ocrx_word' id='word_1_56' title='bbox 1822 1330 1882 1394; x_wconf 88' lang='lat' dir='ltr'><em>V</em></span> <span class='ocrx_word' id='word_1_57' title='bbox 1873 1334 2118 1412; x_wconf 74' lang='lat' dir='ltr'>eryehen</span> <span class='ocrx_word' id='word_1_58' title='bbox 2178 1334 2282 1397; x_wconf 73' lang='lat' dir='ltr'>dee</span> <span class='ocrx_word' id='word_1_59' title='bbox 2347 1336 2588 1420; x_wconf 71' lang='lat' dir='ltr'>Aqam.²</span> 
     </span>
     <span class='ocr_line' id='line_1_10' title="bbox 244 1437 2586 1525; baseline 0.002 -25"><span class='ocrx_word' id='word_1_60' title='bbox 244 1438 353 1501; x_wconf 71' lang='lat' dir='ltr'>dass</span> <span class='ocrx_word' id='word_1_61' title='bbox 407 1462 467 1503; x_wconf 82' lang='lat' dir='ltr'>er</span> <span class='ocrx_word' id='word_1_62' title='bbox 521 1440 793 1503; x_wconf 72' lang='lat' dir='ltr'>zwecklos</span> <span class='ocrx_word' id='word_1_63' title='bbox 854 1437 1425 1501; x_wconf 74' lang='lat' dir='ltr'>umberscklenderte</span> <span class='ocrx_word' id='word_1_64' title='bbox 1484 1438 1612 1499; x_wconf 79' lang='lat' dir='ltr'>und</span> <span class='ocrx_word' id='word_1_65' title='bbox 1672 1442 1821 1501; x_wconf 76' lang='lat' dir='ltr'>ohne</span> <span class='ocrx_word' id='word_1_66' title='bbox 1866 1440 1964 1502; x_wconf 82' lang='lat' dir='ltr'>die</span> <span class='ocrx_word' id='word_1_67' title='bbox 2011 1441 2250 1504; x_wconf 53' lang='lat' dir='ltr'>Absit-hc</span> <span class='ocrx_word' id='word_1_68' title='bbox 2293 1464 2370 1504; x_wconf 76' lang='lat' dir='ltr'>zu</span> <span class='ocrx_word' id='word_1_69' title='bbox 2396 1442 2586 1525; x_wconf 71' lang='lat' dir='ltr'>jayen</span> 
     </span>
     <span class='ocr_line' id='line_1_11' title="bbox 242 1543 2588 1631; baseline 0.003 -27"><span class='ocrx_word' id='word_1_70' title='bbox 242 1545 465 1629; x_wconf 66' lang='lat' dir='ltr'>zufcflliq</span> <span class='ocrx_word' id='word_1_71' title='bbox 506 1547 619 1610; x_wconf 80' lang='lat' dir='ltr'>den</span> <span class='ocrx_word' id='word_1_72' title='bbox 667 1546 897 1609; x_wconf 68' lang='lat' dir='ltr'>Hit-sch</span> <span class='ocrx_word' id='word_1_73' title='bbox 942 1545 1381 1631; x_wconf 71' lang='lat' dir='ltr'>aussckeuchte.</span> <span class='ocrx_word' id='word_1_74' title='bbox 1444 1543 1573 1607; x_wconf 92' lang='lat' dir='ltr'>Hic</span> <span class='ocrx_word' id='word_1_75' title='bbox 1621 1544 1830 1609; x_wconf 90' lang='lat' dir='ltr'>nescio</span> <span class='ocrx_word' id='word_1_76' title='bbox 1877 1545 2191 1629; x_wconf 89' lang='lat' dir='ltr'>quomodo</span> <span class='ocrx_word' id='word_1_77' title='bbox 2237 1567 2373 1611; x_wconf 90' lang='lat' dir='ltr'>rem</span> <span class='ocrx_word' id='word_1_78' title='bbox 2424 1549 2588 1612; x_wconf 90' lang='lat' dir='ltr'>mihi</span> 
     </span>
     <span class='ocr_line' id='line_1_12' title="bbox 244 1649 2590 1738; baseline 0.002 -24"><span class='ocrx_word' id='word_1_79' title='bbox 244 1658 422 1717; x_wconf 84' lang='lat' dir='ltr'>mente</span> <span class='ocrx_word' id='word_1_80' title='bbox 481 1653 821 1718; x_wconf 87' lang='lat' dir='ltr'>informare</span> <span class='ocrx_word' id='word_1_81' title='bbox 887 1651 1169 1716; x_wconf 81' lang='lat' dir='ltr'>debeam.</span> <span class='ocrx_word' id='word_1_82' title='bbox 1264 1649 1563 1714; x_wconf 88' lang='lat' dir='ltr'>Primum</span> <span class='ocrx_word' id='word_1_83' title='bbox 1613 1653 1751 1736; x_wconf 87' lang='lat' dir='ltr'>jam</span> <span class='ocrx_word' id='word_1_84' title='bbox 1798 1654 1952 1715; x_wconf 91' lang='lat' dir='ltr'>satis</span> <span class='ocrx_word' id='word_1_85' title='bbox 2000 1651 2258 1718; x_wconf 89' lang='lat' dir='ltr'>difficile</span> <span class='ocrx_word' id='word_1_86' title='bbox 2304 1662 2400 1719; x_wconf 90' lang='lat' dir='ltr'>est</span> <span class='ocrx_word' id='word_1_87' title='bbox 2435 1657 2590 1738; x_wconf 81' lang='lat' dir='ltr'>pede</span> 
     </span>
     <span class='ocr_line' id='line_1_13' title="bbox 247 1756 2587 1842; baseline 0.002 -21"><span class='ocrx_word' id='word_1_88' title='bbox 247 1777 471 1823; x_wconf 82' lang='lat' dir='ltr'>cervum</span> <span class='ocrx_word' id='word_1_89' title='bbox 518 1760 810 1841; x_wconf 81' lang='grc' dir='ltr'><strong><em>ε’κκινεῑν,</em></strong></span> <span class='ocrx_word' id='word_1_90' title='bbox 859 1758 967 1822; x_wconf 89' lang='lat' dir='ltr'>sed</span> <span class='ocrx_word' id='word_1_91' title='bbox 1010 1757 1261 1839; x_wconf 72' lang='lat' dir='ltr'>pedibus</span> <span class='ocrx_word' id='word_1_92' title='bbox 1306 1757 1619 1841; x_wconf 90' lang='lat' dir='ltr'>quomodo</span> <span class='ocrx_word' id='word_1_93' title='bbox 1659 1757 1724 1821; x_wconf 90' lang='lat' dir='ltr'>id</span> <span class='ocrx_word' id='word_1_94' title='bbox 1767 1756 1902 1821; x_wconf 86' lang='lat' dir='ltr'>fieri</span> <span class='ocrx_word' id='word_1_95' title='bbox 1941 1761 2174 1842; x_wconf 77' lang='lat' dir='ltr'>possit,</span> <span class='ocrx_word' id='word_1_96' title='bbox 2214 1780 2338 1825; x_wconf 89' lang='lat' dir='ltr'>non</span> <span class='ocrx_word' id='word_1_97' title='bbox 2381 1761 2587 1826; x_wconf 84' lang='lat' dir='ltr'>video.</span> 
     </span>
     <span class='ocr_line' id='line_1_14' title="bbox 244 1862 2592 1951; baseline 0.002 -24"><span class='ocrx_word' id='word_1_98' title='bbox 244 1862 453 1930; x_wconf 83' lang='lat' dir='ltr'>Deinde</span> <span class='ocrx_word' id='word_1_99' title='bbox 517 1868 572 1931; x_wconf 89' lang='lat' dir='ltr'>si</span> <span class='ocrx_word' id='word_1_100' title='bbox 632 1864 1026 1929; x_wconf 70' lang='lat' dir='ltr'>ludibundus</span> <span class='ocrx_word' id='word_1_101' title='bbox 1083 1869 1146 1928; x_wconf 91' lang='lat' dir='ltr'>et</span> <span class='ocrx_word' id='word_1_102' title='bbox 1212 1864 1450 1928; x_wconf 90' lang='lat' dir='ltr'>otiosus</span> <span class='ocrx_word' id='word_1_103' title='bbox 1508 1869 1697 1946; x_wconf 84' lang='lat' dir='ltr'>atque</span> <span class='ocrx_word' id='word_1_104' title='bbox 1759 1862 1921 1927; x_wconf 89' lang='lat' dir='ltr'>nihil</span> <span class='ocrx_word' id='word_1_105' title='bbox 1972 1883 2165 1951; x_wconf 90' lang='lat' dir='ltr'>agens</span> <span class='ocrx_word' id='word_1_106' title='bbox 2211 1886 2322 1949; x_wconf 89' lang='lat' dir='ltr'>per</span> <span class='ocrx_word' id='word_1_107' title='bbox 2366 1888 2592 1931; x_wconf 83' lang='lat' dir='ltr'>nemus</span> 
     </span>
     <span class='ocr_line' id='line_1_15' title="bbox 247 1969 2594 2059; baseline 0.003 -29"><span class='ocrx_word' id='word_1_108' title='bbox 247 1980 369 2034; x_wconf 81' lang='lat' dir='ltr'>tunc</span> <span class='ocrx_word' id='word_1_109' title='bbox 422 1972 774 2059; x_wconf 82' lang='lat' dir='ltr'>vagabatur</span> <span class='ocrx_word' id='word_1_110' title='bbox 835 1969 1328 2056; x_wconf 80' lang='lat' dir='ltr'>Agamemnon,</span> <span class='ocrx_word' id='word_1_111' title='bbox 1377 1969 1693 2052; x_wconf 90' lang='lat' dir='ltr'>quomodo</span> <span class='ocrx_word' id='word_1_112' title='bbox 1740 1989 1999 2034; x_wconf 86' lang='lat' dir='ltr'>cervum</span> <span class='ocrx_word' id='word_1_113' title='bbox 2048 1969 2400 2057; x_wconf 83' lang='lat' dir='ltr'>fugientem</span> <span class='ocrx_word' id='word_1_114' title='bbox 2453 1993 2594 2037; x_wconf 89' lang='lat' dir='ltr'>con·</span> 
     </span>
     <span class='ocr_line' id='line_1_16' title="bbox 247 2072 2593 2164; baseline 0.005 -29"><span class='ocrx_word' id='word_1_115' title='bbox 247 2072 405 2161; x_wconf 86' lang='lat' dir='ltr'>figere</span> <span class='ocrx_word' id='word_1_116' title='bbox 464 2074 714 2164; x_wconf 78' lang='lat' dir='ltr'>potuit?</span> <span class='ocrx_word' id='word_1_117' title='bbox 762 2075 873 2141; x_wconf 83' lang='lat' dir='ltr'>Sin</span> <span class='ocrx_word' id='word_1_118' title='bbox 923 2083 1140 2141; x_wconf 86' lang='lat' dir='ltr'>autem</span> <span class='ocrx_word' id='word_1_119' title='bbox 1190 2079 1480 2140; x_wconf 88' lang='lat' dir='ltr'>cominus</span> <span class='ocrx_word' id='word_1_120' title='bbox 1527 2078 1872 2159; x_wconf 78' lang='lat' dir='ltr'>percussit,</span> <span class='ocrx_word' id='word_1_121' title='bbox 1920 2078 2236 2161; x_wconf 91' lang='lat' dir='ltr'>quomodo</span> <span class='ocrx_word' id='word_1_122' title='bbox 2283 2100 2358 2145; x_wconf 91' lang='lat' dir='ltr'>ea</span> <span class='ocrx_word' id='word_1_123' title='bbox 2404 2079 2480 2145; x_wconf 93' lang='lat' dir='ltr'>de</span> <span class='ocrx_word' id='word_1_124' title='bbox 2527 2101 2593 2146; x_wconf 91' lang='lat' dir='ltr'>re</span> 
     </span>
     <span class='ocr_line' id='line_1_17' title="bbox 249 2180 2592 2271; baseline 0.002 -26"><span class='ocrx_word' id='word_1_125' title='bbox 249 2180 477 2266; x_wconf 83' lang='lat' dir='ltr'>gloriari</span> <span class='ocrx_word' id='word_1_126' title='bbox 531 2186 744 2270; x_wconf 90' lang='lat' dir='ltr'>potuit</span> <span class='ocrx_word' id='word_1_127' title='bbox 809 2188 873 2247; x_wconf 91' lang='lat' dir='ltr'>et</span> <span class='ocrx_word' id='word_1_128' title='bbox 934 2183 1143 2247; x_wconf 87' lang='lat' dir='ltr'>dicere</span> <span class='ocrx_word' id='word_1_129' title='bbox 1201 2203 1268 2246; x_wconf 91' lang='lat' dir='ltr'>se</span> <span class='ocrx_word' id='word_1_130' title='bbox 1316 2185 1522 2267; x_wconf 81' lang='lat' dir='ltr'>ipsam</span> <span class='ocrx_word' id='word_1_131' title='bbox 1572 2182 1843 2247; x_wconf 83' lang='lat' dir='ltr'>Dianam</span> <span class='ocrx_word' id='word_1_132' title='bbox 1895 2184 2179 2249; x_wconf 83' lang='lat' dir='ltr'>venando</span> <span class='ocrx_word' id='word_1_133' title='bbox 2226 2183 2592 2271; x_wconf 80' lang='lat' dir='ltr'>superasse?</span> 
     </span>
     <span class='ocr_line' id='line_1_18' title="bbox 252 2287 2595 2375; baseline 0.003 -25"><span class='ocrx_word' id='word_1_134' title='bbox 252 2290 471 2354; x_wconf 80' lang='lat' dir='ltr'>Accedit</span> <span class='ocrx_word' id='word_1_135' title='bbox 531 2291 702 2375; x_wconf 89' lang='lat' dir='ltr'>quod</span> <span class='ocrx_word' id='word_1_136' title='bbox 767 2290 1195 2353; x_wconf 90' lang='lat' dir='ltr'>communiter</span> <span class='ocrx_word' id='word_1_137' title='bbox 1242 2287 1477 2352; x_wconf 88' lang='lat' dir='ltr'>dicitur</span> <span class='ocrx_word' id='word_1_138' title='bbox 1522 2290 1969 2374; x_wconf 81' lang='lat' dir='ltr'>Agamemnon</span> <span class='ocrx_word' id='word_1_139' title='bbox 2020 2290 2120 2354; x_wconf 76' lang='grc' dir='ltr'>ἐπὶ</span> <span class='ocrx_word' id='word_1_140' title='bbox 2170 2293 2317 2375; x_wconf 72' lang='grc' dir='ltr'>θήρᾳ</span> <span class='ocrx_word' id='word_1_141' title='bbox 2365 2294 2595 2369; x_wconf 76' lang='grc' dir='ltr'><strong><em>βαλεῖν</em></strong></span> 
     </span>
     <span class='ocr_line' id='line_1_19' title="bbox 250 2393 2593 2485; baseline 0.004 -30"><span class='ocrx_word' id='word_1_142' title='bbox 250 2394 331 2456; x_wconf 78' lang='grc' dir='ltr'>τὸν</span> <span class='ocrx_word' id='word_1_143' title='bbox 389 2395 615 2476; x_wconf 72' lang='grc' dir='ltr'><strong><em>ἔλαφον</em></strong></span> <span class='ocrx_word' id='word_1_144' title='bbox 682 2403 748 2460; x_wconf 91' lang='lat' dir='ltr'>et</span> <span class='ocrx_word' id='word_1_145' title='bbox 811 2414 1066 2458; x_wconf 88' lang='lat' dir='ltr'>causam</span> <span class='ocrx_word' id='word_1_146' title='bbox 1132 2393 1472 2478; x_wconf 89' lang='lat' dir='ltr'>perspicio,</span> <span class='ocrx_word' id='word_1_147' title='bbox 1520 2415 1634 2458; x_wconf 90' lang='lat' dir='ltr'>cur</span> <span class='ocrx_word' id='word_1_148' title='bbox 1680 2393 1930 2461; x_wconf 84' lang='lat' dir='ltr'>Electra</span> <span class='ocrx_word' id='word_1_149' title='bbox 1975 2402 2050 2461; x_wconf 87' lang='lat' dir='ltr'>ut</span> <span class='ocrx_word' id='word_1_150' title='bbox 2095 2402 2292 2482; x_wconf 89' lang='lat' dir='ltr'>patris</span> <span class='ocrx_word' id='word_1_151' title='bbox 2339 2399 2593 2485; x_wconf 89' lang='lat' dir='ltr'>culpam</span> 
     </span>
     <span class='ocr_line' id='line_1_20' title="bbox 255 2499 2594 2584; baseline 0.004 -23"><span class='ocrx_word' id='word_1_152' title='bbox 255 2502 569 2577; x_wconf 84' lang='lat' dir='ltr'>minueret,</span> <span class='ocrx_word' id='word_1_153' title='bbox 639 2521 784 2567; x_wconf 87' lang='lat' dir='ltr'>eam</span> <span class='ocrx_word' id='word_1_154' title='bbox 847 2502 1027 2577; x_wconf 75' lang='grc' dir='ltr'><strong><em>θήραν</em></strong></span> <span class='ocrx_word' id='word_1_155' title='bbox 1089 2499 1505 2584; x_wconf 85' lang='lat' dir='ltr'>appellaverit</span> <span class='ocrx_word' id='word_1_156' title='bbox 1567 2500 1842 2566; x_wconf 69' lang='grc' dir='ltr'>παιδιάν.</span> <span class='ocrx_word' id='word_1_157' title='bbox 1935 2503 2180 2568; x_wconf 76' lang='lat' dir='ltr'>Notum</span> <span class='ocrx_word' id='word_1_158' title='bbox 2238 2511 2334 2570; x_wconf 90' lang='lat' dir='ltr'>est</span> <span class='ocrx_word' id='word_1_159' title='bbox 2379 2512 2594 2573; x_wconf 86' lang='lat' dir='ltr'>autem</span> 
     </span>
     <span class='ocr_line' id='line_1_21' title="bbox 252 2606 2597 2689; baseline 0.005 -23"><span class='ocrx_word' id='word_1_160' title='bbox 252 2616 455 2680; x_wconf 75' lang='grc' dir='ltr'><strong><em>κινῆσαι</em></strong></span> <span class='ocrx_word' id='word_1_161' title='bbox 514 2614 579 2674; x_wconf 88' lang='lat' dir='ltr'>et</span> <span class='ocrx_word' id='word_1_162' title='bbox 635 2614 878 2680; x_wconf 75' lang='grc' dir='ltr'><strong><em>νικῆσαι</em></strong></span> <span class='ocrx_word' id='word_1_163' title='bbox 937 2609 1287 2670; x_wconf 83' lang='lat' dir='ltr'>sexcenties</span> <span class='ocrx_word' id='word_1_164' title='bbox 1349 2606 1649 2671; x_wconf 89' lang='lat' dir='ltr'>confundi</span> <span class='ocrx_word' id='word_1_165' title='bbox 1711 2613 1775 2672; x_wconf 88' lang='lat' dir='ltr'>et</span> <span class='ocrx_word' id='word_1_166' title='bbox 1833 2608 1994 2673; x_wconf 89' lang='lat' dir='ltr'>forte</span> <span class='ocrx_word' id='word_1_167' title='bbox 2056 2608 2309 2676; x_wconf 87' lang='lat' dir='ltr'>fortuna</span> <span class='ocrx_word' id='word_1_168' title='bbox 2366 2610 2471 2689; x_wconf 75' lang='lat' dir='ltr'>fit,</span> <span class='ocrx_word' id='word_1_169' title='bbox 2523 2619 2597 2678; x_wconf 90' lang='lat' dir='ltr'>ut</span> 
     </span>
     <span class='ocr_line' id='line_1_22' title="bbox 252 2708 2595 2803; baseline 0.005 -32"><span class='ocrx_word' id='word_1_170' title='bbox 252 2730 388 2778; x_wconf 90' lang='lat' dir='ltr'>nuuc</span> <span class='ocrx_word' id='word_1_171' title='bbox 444 2735 689 2798; x_wconf 83' lang='lat' dir='ltr'>quoque</span> <span class='ocrx_word' id='word_1_172' title='bbox 756 2714 822 2775; x_wconf 91' lang='lat' dir='ltr'>in</span> <span class='ocrx_word' id='word_1_173' title='bbox 889 2708 1120 2776; x_wconf 88' lang='lat' dir='ltr'>Codice</span> <span class='ocrx_word' id='word_1_174' title='bbox 1182 2711 1455 2795; x_wconf 87' lang='lat' dir='ltr'>quodam</span> <span class='ocrx_word' id='word_1_175' title='bbox 1517 2709 1900 2799; x_wconf 87' lang='lat' dir='ltr'>Augustano</span> <span class='ocrx_word' id='word_1_176' title='bbox 1947 2713 2202 2801; x_wconf 86' lang='lat' dir='ltr'>legatur</span> <span class='ocrx_word' id='word_1_177' title='bbox 2249 2716 2595 2803; x_wconf 75' lang='grc' dir='ltr'><strong><em>ἐξενίκησε,</em></strong></span> 
     </span>
     <span class='ocr_line' id='line_1_23' title="bbox 252 2818 2594 2902; baseline 0.005 -25"><span class='ocrx_word' id='word_1_178' title='bbox 252 2818 361 2881; x_wconf 81' lang='lat' dir='ltr'>sive</span> <span class='ocrx_word' id='word_1_179' title='bbox 404 2842 469 2885; x_wconf 86' lang='lat' dir='ltr'>ea</span> <span class='ocrx_word' id='word_1_180' title='bbox 516 2822 602 2884; x_wconf 88' lang='lat' dir='ltr'>sit</span> <span class='ocrx_word' id='word_1_181' title='bbox 651 2819 897 2883; x_wconf 89' lang='lat' dir='ltr'>librarii</span> <span class='ocrx_word' id='word_1_182' title='bbox 945 2820 1306 2902; x_wconf 88' lang='lat' dir='ltr'>conjectura</span> <span class='ocrx_word' id='word_1_183' title='bbox 1351 2838 1430 2882; x_wconf 89' lang='lat' dir='ltr'>an</span> <span class='ocrx_word' id='word_1_184' title='bbox 1478 2838 1694 2883; x_wconf 89' lang='lat' dir='ltr'>merus</span> <span class='ocrx_word' id='word_1_185' title='bbox 1737 2819 2149 2886; x_wconf 84' lang='lat' dir='ltr'>describentis</span> <span class='ocrx_word' id='word_1_186' title='bbox 2198 2843 2386 2888; x_wconf 90' lang='lat' dir='ltr'>error.</span> <span class='ocrx_word' id='word_1_187' title='bbox 2450 2824 2594 2891; x_wconf 88' lang='lat' dir='ltr'>Non</span> 
     </span>
     <span class='ocr_line' id='line_1_24' title="bbox 252 2917 2596 3008; baseline 0.006 -26"><span class='ocrx_word' id='word_1_188' title='bbox 252 2917 501 2990; x_wconf 85' lang='lat' dir='ltr'>lubenter</span> <span class='ocrx_word' id='word_1_189' title='bbox 545 2926 823 3008; x_wconf 89' lang='lat' dir='ltr'>recipere</span> <span class='ocrx_word' id='word_1_190' title='bbox 870 2921 1149 2988; x_wconf 89' lang='lat' dir='ltr'>solemus</span> <span class='ocrx_word' id='word_1_191' title='bbox 1197 2923 1583 2988; x_wconf 84' lang='lat' dir='ltr'>deteriorum</span> <span class='ocrx_word' id='word_1_192' title='bbox 1634 2922 1940 2990; x_wconf 87' lang='lat' dir='ltr'>Codicum</span> <span class='ocrx_word' id='word_1_193' title='bbox 1988 2925 2331 2993; x_wconf 85' lang='lat' dir='ltr'>lectiones:</span> <span class='ocrx_word' id='word_1_194' title='bbox 2381 2936 2596 2996; x_wconf 88' lang='lat' dir='ltr'>tamen</span> 
     </span>
     <span class='ocr_line' id='line_1_25' title="bbox 252 3027 2596 3117; baseline 0.006 -27"><span class='ocrx_word' id='word_1_195' title='bbox 252 3047 437 3095; x_wconf 78' lang='lat' dir='ltr'>verum</span> <span class='ocrx_word' id='word_1_196' title='bbox 521 3040 617 3097; x_wconf 91' lang='lat' dir='ltr'>est</span> <span class='ocrx_word' id='word_1_197' title='bbox 708 3029 1227 3106; x_wconf 77' lang='grc' dir='ltr'><strong><em>ἐξενίκησεν·</em></strong></span> <span class='ocrx_word' id='word_1_198' title='bbox 1301 3027 1751 3117; x_wconf 87' lang='lat' dir='ltr'>Agamemnon</span> <span class='ocrx_word' id='word_1_199' title='bbox 1822 3053 2082 3098; x_wconf 85' lang='lat' dir='ltr'>cervum</span> <span class='ocrx_word' id='word_1_200' title='bbox 2154 3055 2342 3100; x_wconf 88' lang='lat' dir='ltr'>cursu</span> <span class='ocrx_word' id='word_1_201' title='bbox 2415 3040 2596 3104; x_wconf 86' lang='lat' dir='ltr'>vicit.</span> 
     </span>
     <span class='ocr_line' id='line_1_26' title="bbox 254 3130 2594 3224; baseline 0.003 -24"><span class='ocrx_word' id='word_1_202' title='bbox 254 3130 411 3202; x_wconf 83' lang='lat' dir='ltr'>Recte</span> <span class='ocrx_word' id='word_1_203' title='bbox 474 3147 693 3203; x_wconf 87' lang='lat' dir='ltr'>autem</span> <span class='ocrx_word' id='word_1_204' title='bbox 769 3139 1020 3202; x_wconf 77' lang='grc' dir='ltr'><strong><em>ἑκκινεῒν</em></strong></span> <span class='ocrx_word' id='word_1_205' title='bbox 1089 3135 1332 3223; x_wconf 86' lang='lat' dir='ltr'>legitur</span> <span class='ocrx_word' id='word_1_206' title='bbox 1389 3134 1544 3201; x_wconf 91' lang='lat' dir='ltr'>Oed.</span> <span class='ocrx_word' id='word_1_207' title='bbox 1610 3134 1760 3224; x_wconf 80' lang='lat' dir='ltr'>Tyr.</span> <span class='ocrx_word' id='word_1_208' title='bbox 1823 3137 1955 3202; x_wconf 84' lang='lat'>354</span> <span class='ocrx_word' id='word_1_209' title='bbox 2002 3144 2066 3203; x_wconf 89' lang='lat' dir='ltr'>et</span> <span class='ocrx_word' id='word_1_210' title='bbox 2113 3140 2340 3206; x_wconf 85' lang='lat' dir='ltr'>Trach.</span> <span class='ocrx_word' id='word_1_211' title='bbox 2397 3144 2594 3208; x_wconf 77' lang='lat'>1242.</span> 
     </span>
     <span class='ocr_line' id='line_1_27' title="bbox 254 3235 2596 3317; baseline 0.005 -12"><span class='ocrx_word' id='word_1_212' title='bbox 254 3235 449 3307; x_wconf 83' lang='lat' dir='ltr'>Eodem</span> <span class='ocrx_word' id='word_1_213' title='bbox 512 3244 703 3308; x_wconf 92' lang='lat' dir='ltr'>modo</span> <span class='ocrx_word' id='word_1_214' title='bbox 767 3241 1093 3308; x_wconf 90' lang='lat' dir='ltr'>Dobraeus</span> <span class='ocrx_word' id='word_1_215' title='bbox 1156 3242 1427 3307; x_wconf 85' lang='lat' dir='ltr'>correxit</span> <span class='ocrx_word' id='word_1_216' title='bbox 1489 3242 1642 3307; x_wconf 86' lang='lat' dir='ltr'>Eur.</span> <span class='ocrx_word' id='word_1_217' title='bbox 1694 3244 2003 3309; x_wconf 86' lang='lat' dir='ltr'>Androm.</span> <span class='ocrx_word' id='word_1_218' title='bbox 2057 3244 2187 3311; x_wconf 88' lang='lat'>996</span> <span class='ocrx_word' id='word_1_219' title='bbox 2235 3253 2300 3312; x_wconf 87' lang='lat' dir='ltr'>et</span> <span class='ocrx_word' id='word_1_220' title='bbox 2351 3250 2494 3314; x_wconf 85' lang='lat' dir='ltr'>vide</span> <span class='ocrx_word' id='word_1_221' title='bbox 2541 3255 2596 3317; x_wconf 90' lang='lat' dir='ltr'>si</span> 
     </span>
     <span class='ocr_line' id='line_1_28' title="bbox 256 3347 2528 3435; baseline 0.006 -25"><span class='ocrx_word' id='word_1_222' title='bbox 256 3350 383 3412; x_wconf 81' lang='lat' dir='ltr'>taut-i</span> <span class='ocrx_word' id='word_1_223' title='bbox 427 3356 520 3415; x_wconf 91' lang='lat' dir='ltr'>est</span> <span class='ocrx_word' id='word_1_224' title='bbox 565 3371 728 3435; x_wconf 87' lang='lat' dir='ltr'>quae</span> <span class='ocrx_word' id='word_1_225' title='bbox 774 3370 975 3434; x_wconf 90' lang='lat' dir='ltr'>nuper</span> <span class='ocrx_word' id='word_1_226' title='bbox 1022 3349 1155 3412; x_wconf 80' lang='lat' dir='ltr'>dixi</span> <span class='ocrx_word' id='word_1_227' title='bbox 1205 3348 1284 3413; x_wconf 91' lang='lat' dir='ltr'>ad</span> <span class='ocrx_word' id='word_1_228' title='bbox 1333 3347 1673 3414; x_wconf 88' lang='lat' dir='ltr'>Isocratem</span> <span class='ocrx_word' id='word_1_229' title='bbox 1721 3352 1788 3414; x_wconf 91' lang='lat' dir='ltr'>in</span> <span class='ocrx_word' id='word_1_230' title='bbox 1836 3350 2078 3419; x_wconf 85' lang='lat' dir='ltr'>Mnem</span> <span class='ocrx_word' id='word_1_231' title='bbox 2137 3353 2372 3421; x_wconf 87' lang='lat' dir='ltr'>XVIII.</span> <span class='ocrx_word' id='word_1_232' title='bbox 2425 3355 2528 3424; x_wconf 85' lang='lat'>75.</span> 
     </span>
    </p>
   </div>
   <div class='ocr_carea' id='block_1_4' title="bbox 259 3558 2608 4509">
    <p class='ocr_par' dir='ltr' id='par_1_8' title="bbox 259 3558 2608 4509">
     <span class='ocr_line' id='line_1_29' title="bbox 330 3558 2599 3645; baseline 0.006 -23"><span class='ocrx_word' id='word_1_233' title='bbox 330 3559 391 3624; x_wconf 90' lang='lat' dir='ltr'>In</span> <span class='ocrx_word' id='word_1_234' title='bbox 445 3562 697 3627; x_wconf 86' lang='lat' dir='ltr'>Electra</span> <span class='ocrx_word' id='word_1_235' title='bbox 759 3583 851 3625; x_wconf 84' lang='lat' dir='ltr'>vs.</span> <span class='ocrx_word' id='word_1_236' title='bbox 917 3558 1046 3624; x_wconf 83' lang='lat'>596</span> <span class='ocrx_word' id='word_1_237' title='bbox 1096 3581 1208 3645; x_wconf 88' lang='lat' dir='ltr'>pro</span> <span class='ocrx_word' id='word_1_238' title='bbox 1252 3560 1370 3634; x_wconf 77' lang='grc' dir='ltr'>ἵης</span> <span class='ocrx_word' id='word_1_239' title='bbox 1420 3560 1848 3645; x_wconf 84' lang='lat' dir='ltr'>reponendum</span> <span class='ocrx_word' id='word_1_240' title='bbox 1898 3567 1993 3628; x_wconf 90' lang='lat' dir='ltr'>est</span> <span class='ocrx_word' id='word_1_241' title='bbox 2039 3565 2231 3645; x_wconf 82' lang='grc' dir='ltr'><strong><em>ἱεῖς,</em></strong></span> <span class='ocrx_word' id='word_1_242' title='bbox 2283 3591 2430 3636; x_wconf 88' lang='lat' dir='ltr'>nam</span> <span class='ocrx_word' id='word_1_243' title='bbox 2481 3573 2599 3639; x_wconf 84' lang='lat' dir='ltr'>hae</span> 
     </span>
     <span class='ocr_line' id='line_1_30' title="bbox 259 3662 2602 3763; baseline 0.009 -39"><span class='ocrx_word' id='word_1_244' title='bbox 259 3662 491 3732; x_wconf 83' lang='lat' dir='ltr'>sincerae</span> <span class='ocrx_word' id='word_1_245' title='bbox 537 3669 779 3733; x_wconf 88' lang='lat' dir='ltr'>formae</span> <span class='ocrx_word' id='word_1_246' title='bbox 825 3672 977 3731; x_wconf 89' lang='lat' dir='ltr'>sunt</span> <span class='ocrx_word' id='word_1_247' title='bbox 1023 3668 1368 3751; x_wconf 83' lang='lat' dir='ltr'>praesentis</span> <span class='ocrx_word' id='word_1_248' title='bbox 1417 3666 1958 3752; x_wconf 54' lang='lat' dir='ltr'>temperiei-1355</span> <span class='ocrx_word' id='word_1_249' title='bbox 2002 3679 2065 3735; x_wconf 87' lang='lat' dir='ltr'>et</span> <span class='ocrx_word' id='word_1_250' title='bbox 2102 3674 2235 3745; x_wconf 79' lang='grc' dir='ltr'><strong><em>ἱεῖς.</em></strong></span> <span class='ocrx_word' id='word_1_251' title='bbox 2287 3675 2602 3763; x_wconf 85' lang='lat' dir='ltr'>Imposuit</span> 
     </span>
     <span class='ocr_line' id='line_1_31' title="bbox 261 3769 2601 3867; baseline 0.006 -34"><span class='ocrx_word' id='word_1_252' title='bbox 261 3769 566 3839; x_wconf 79' lang='lat' dir='ltr'>editoribus</span> <span class='ocrx_word' id='word_1_253' title='bbox 627 3775 971 3839; x_wconf 86' lang='lat' dir='ltr'>auctoritas</span> <span class='ocrx_word' id='word_1_254' title='bbox 1036 3772 1323 3850; x_wconf 88' lang='lat' dir='ltr'>Porsoni,</span> <span class='ocrx_word' id='word_1_255' title='bbox 1386 3776 1494 3858; x_wconf 89' lang='lat' dir='ltr'>qui</span> <span class='ocrx_word' id='word_1_256' title='bbox 1542 3773 1624 3837; x_wconf 89' lang='lat' dir='ltr'>ad</span> <span class='ocrx_word' id='word_1_257' title='bbox 1670 3772 1958 3839; x_wconf 83' lang='lat' dir='ltr'>Orestem</span> <span class='ocrx_word' id='word_1_258' title='bbox 2006 3799 2098 3842; x_wconf 84' lang='lat' dir='ltr'>vs.</span> <span class='ocrx_word' id='word_1_259' title='bbox 2155 3780 2278 3845; x_wconf 88' lang='lat'>141</span> <span class='ocrx_word' id='word_1_260' title='bbox 2329 3803 2601 3867; x_wconf 82' lang='lat' dir='ltr'>pronun-</span> 
     </span>
     <span class='ocr_line' id='line_1_32' title="bbox 263 3876 2600 3955; baseline 0.006 -18"><span class='ocrx_word' id='word_1_261' title='bbox 263 3877 453 3955; x_wconf 84' lang='lat' dir='ltr'>ciavit,</span> <span class='ocrx_word' id='word_1_262' title='bbox 499 3880 662 3945; x_wconf 87' lang='lat' dir='ltr'>solas</span> <span class='ocrx_word' id='word_1_263' title='bbox 711 3882 956 3944; x_wconf 87' lang='lat' dir='ltr'>Atticas</span> <span class='ocrx_word' id='word_1_264' title='bbox 1002 3879 1238 3943; x_wconf 87' lang='lat' dir='ltr'>formas</span> <span class='ocrx_word' id='word_1_265' title='bbox 1285 3900 1419 3943; x_wconf 88' lang='lat' dir='ltr'>esse</span> <span class='ocrx_word' id='word_1_266' title='bbox 1466 3876 1649 3953; x_wconf 68' lang='grc' dir='ltr'><strong><em>τίθης</em></strong></span> <span class='ocrx_word' id='word_1_267' title='bbox 1700 3886 1764 3946; x_wconf 89' lang='lat' dir='ltr'>et</span> <span class='ocrx_word' id='word_1_268' title='bbox 1808 3877 1918 3954; x_wconf 75' lang='grc' dir='ltr'>ἵης.</span> <span class='ocrx_word' id='word_1_269' title='bbox 2018 3883 2278 3951; x_wconf 86' lang='lat' dir='ltr'>Frustra</span> <span class='ocrx_word' id='word_1_270' title='bbox 2325 3885 2600 3952; x_wconf 87' lang='lat' dir='ltr'>Cobetus</span> 
     </span>
     <span class='ocr_line' id='line_1_33' title="bbox 264 3979 2604 4070; baseline 0.007 -27"><span class='ocrx_word' id='word_1_271' title='bbox 264 3979 315 4043; x_wconf 90' lang='lat' dir='ltr'>in</span> <span class='ocrx_word' id='word_1_272' title='bbox 365 3982 557 4050; x_wconf 87' lang='lat' dir='ltr'>Variis</span> <span class='ocrx_word' id='word_1_273' title='bbox 617 3985 1028 4050; x_wconf 89' lang='lat' dir='ltr'>Lectionibus</span> <span class='ocrx_word' id='word_1_274' title='bbox 1086 4006 1146 4070; x_wconf 86' lang='lat' dir='ltr'>p.</span> <span class='ocrx_word' id='word_1_275' title='bbox 1214 3984 1341 4048; x_wconf 80' lang='lat'>221</span> <span class='ocrx_word' id='word_1_276' title='bbox 1396 3986 1850 4052; x_wconf 86' lang='lat' dir='ltr'>mathematica</span> <span class='ocrx_word' id='word_1_277' title='bbox 1899 3992 2141 4055; x_wconf 86' lang='lat' dir='ltr'>ratione</span> <span class='ocrx_word' id='word_1_278' title='bbox 2188 3993 2228 4055; x_wconf 88' lang='lat' dir='ltr'>i.</span> <span class='ocrx_word' id='word_1_279' title='bbox 2283 4013 2335 4056; x_wconf 90' lang='lat' dir='ltr'>e.</span> <span class='ocrx_word' id='word_1_280' title='bbox 2385 3992 2604 4059; x_wconf 85' lang='lat' dir='ltr'>literas</span> 
     </span>
     <span class='ocr_line' id='line_1_34' title="bbox 263 4090 2601 4185; baseline 0.008 -38"><span class='ocrx_word' id='word_1_281' title='bbox 263 4091 611 4170; x_wconf 84' lang='lat' dir='ltr'>numerando</span> <span class='ocrx_word' id='word_1_282' title='bbox 679 4092 956 4156; x_wconf 89' lang='lat' dir='ltr'>ostendit</span> <span class='ocrx_word' id='word_1_283' title='bbox 1025 4097 1169 4155; x_wconf 89' lang='lat' dir='ltr'>utra</span> <span class='ocrx_word' id='word_1_284' title='bbox 1230 4090 1431 4156; x_wconf 84' lang='lat' dir='ltr'>forma</span> <span class='ocrx_word' id='word_1_285' title='bbox 1492 4093 1698 4158; x_wconf 87' lang='lat' dir='ltr'>verior</span> <span class='ocrx_word' id='word_1_286' title='bbox 1759 4097 1884 4172; x_wconf 90' lang='lat' dir='ltr'>sit;</span> <span class='ocrx_word' id='word_1_287' title='bbox 1956 4094 2064 4160; x_wconf 91' lang='lat' dir='ltr'>sed</span> <span class='ocrx_word' id='word_1_288' title='bbox 2114 4099 2222 4160; x_wconf 82' lang='lat' dir='ltr'>vix</span> <span class='ocrx_word' id='word_1_289' title='bbox 2269 4101 2601 4185; x_wconf 88' lang='lat' dir='ltr'>quisquam</span> 
     </span>
     <span class='ocr_line' id='line_1_35' title="bbox 266 4197 2606 4290; baseline 0.009 -37"><span class='ocrx_word' id='word_1_290' title='bbox 266 4210 387 4256; x_wconf 88' lang='lat' dir='ltr'>eum</span> <span class='ocrx_word' id='word_1_291' title='bbox 445 4198 636 4261; x_wconf 86' lang='lat' dir='ltr'>audit.</span> <span class='ocrx_word' id='word_1_292' title='bbox 738 4198 835 4262; x_wconf 90' lang='lat' dir='ltr'>Ne</span> <span class='ocrx_word' id='word_1_293' title='bbox 896 4197 1015 4262; x_wconf 88' lang='lat' dir='ltr'>hoc</span> <span class='ocrx_word' id='word_1_294' title='bbox 1077 4198 1335 4282; x_wconf 89' lang='lat' dir='ltr'>quidem</span> <span class='ocrx_word' id='word_1_295' title='bbox 1381 4199 1652 4264; x_wconf 86' lang='lat' dir='ltr'>editores</span> <span class='ocrx_word' id='word_1_296' title='bbox 1699 4200 2285 4267; x_wconf 82' lang='lat' dir='ltr'>animadverterunt</span> <span class='ocrx_word' id='word_1_297' title='bbox 2330 4205 2606 4290; x_wconf 91' lang='lat' dir='ltr'>optimos</span> 
     </span>
     <span class='ocr_line' id='line_1_36' title="bbox 266 4293 2606 4388; baseline 0.01 -30"><span class='ocrx_word' id='word_1_298' title='bbox 266 4293 491 4367; x_wconf 85' lang='lat' dir='ltr'>Codices</span> <span class='ocrx_word' id='word_1_299' title='bbox 536 4308 781 4369; x_wconf 85' lang='lat' dir='ltr'>tantum</span> <span class='ocrx_word' id='word_1_300' title='bbox 828 4324 950 4368; x_wconf 90' lang='lat' dir='ltr'>non</span> <span class='ocrx_word' id='word_1_301' title='bbox 992 4325 1242 4388; x_wconf 90' lang='lat' dir='ltr'>semper</span> <span class='ocrx_word' id='word_1_302' title='bbox 1282 4304 1449 4370; x_wconf 88' lang='lat' dir='ltr'>fideli</span> <span class='ocrx_word' id='word_1_303' title='bbox 1493 4306 1827 4371; x_wconf 86' lang='lat' dir='ltr'>concordia</span> <span class='ocrx_word' id='word_1_304' title='bbox 1866 4328 2113 4371; x_wconf 86' lang='lat' dir='ltr'>servare</span> <span class='ocrx_word' id='word_1_305' title='bbox 2153 4330 2334 4374; x_wconf 84' lang='lat' dir='ltr'>veras</span> <span class='ocrx_word' id='word_1_306' title='bbox 2374 4313 2606 4381; x_wconf 87' lang='lat' dir='ltr'>formas</span> 
     </span>
     <span class='ocr_line' id='line_1_37' title="bbox 270 4409 2608 4509; baseline 0.01 -45"><span class='ocrx_word' id='word_1_307' title='bbox 270 4409 525 4474; x_wconf 80' lang='grc' dir='ltr'>ΤΙΘΕΙΣ</span> <span class='ocrx_word' id='word_1_308' title='bbox 583 4418 644 4475; x_wconf 88' lang='lat' dir='ltr'>et</span> <span class='ocrx_word' id='word_1_309' title='bbox 707 4420 920 4488; x_wconf 79' lang='grc' dir='ltr'>ίΕΙΣ,</span> <span class='ocrx_word' id='word_1_310' title='bbox 988 4432 1136 4475; x_wconf 88' lang='lat' dir='ltr'>nam</span> <span class='ocrx_word' id='word_1_311' title='bbox 1200 4410 1483 4477; x_wconf 89' lang='lat' dir='ltr'>solemne</span> <span class='ocrx_word' id='word_1_312' title='bbox 1544 4415 1780 4479; x_wconf 84' lang='lat' dir='ltr'>vitium</span> <span class='ocrx_word' id='word_1_313' title='bbox 1847 4414 1915 4476; x_wconf 89' lang='lat' dir='ltr'>in</span> <span class='ocrx_word' id='word_1_314' title='bbox 1973 4420 2236 4481; x_wconf 88' lang='lat' dir='ltr'>accentu</span> <span class='ocrx_word' id='word_1_315' title='bbox 2280 4419 2608 4509; x_wconf 83' lang='lat' dir='ltr'>negligere</span> 
     </span>
    </p>
   </div>
  </div>
 </body>
</html>
