3192 5017
488 269 525 334 4
544 268 619 333 10
1560 274 1793 331 mnus.

493 456 704 522 Simul
765 456 1143 541 perspicitur
1204 456 1270 518 in
1333 453 1435 518 his
1478 452 1839 544 indignatio
1884 456 1952 518 in
2001 475 2105 521 eos
2153 459 2262 541 qui
2308 461 2443 525 sine
2488 457 2626 524 ulla
2671 479 2883 524 neces·

491 565 682 628 sitate
742 563 1006 626 miseros
1073 559 1454 626 Macedonas
1515 579 1663 639 cum
1729 561 2033 626 uxoribus
2095 568 2160 627 et
2207 563 2426 629 liberis
2470 566 2751 646 attempta
2798 585 2876 629 ex

495 670 651 734 urbe
711 668 1087 754 praecipites
1153 666 1470 731 eiecerint.
1521 665 1681 731 Vide
1728 686 1921 749 quam
1969 667 2212 734 duriter
2258 677 2322 735 et
2366 672 2579 736 acerbe
2629 676 2693 735 et
2740 680 2871 733 tru-

493 774 741 840 culente
804 776 1019 838 omnia
1083 772 1237 837 haec
1286 792 1323 836 a
1368 771 1674 836 Romanis
1726 779 2088 860 agerentur.
2179 775 2438 863 Legatis
2481 776 2867 861 deprecanti·

492 882 611 947 bus
669 878 760 943 ni]
829 877 1267 963 respondetur:
1334 874 1578 941 bellum
1631 877 2015 944 decernitur:
2065 879 2267 967 legati
2314 903 2461 947 cum
2509 884 2683 946 omni
2729 880 2874 947 Ma-

495 986 803 1052 cedonum
845 982 1265 1049 multitudine
1299 983 1579 1066 extemplo
1616 984 1950 1048 moenibus
1990 985 2166 1051 urbis
2204 987 2643 1075 exturbantur.
2689 986 2878 1052 Nihil

493 1091 597 1157 his
667 1090 828 1156 addo
895 1095 1155 1175 praeter,
1205 1087 1396 1154 verba
1455 1086 1672 1153 Persei
1730 1089 1899 1176 apud
1964 1089 2224 1157 Livium
2289 1092 2398 1177 42,
2428 1091 2570 1169 43:
2626 1094 2876 1179 frustra

495 1198 836 1261 clementiae
898 1194 1338 1279 qravitatieque
1396 1200 1627 1258 vestrae
1677 1195 1866 1279 fama
1929 1198 2174 1278 vulyata
2228 1221 2338 1281 per
2391 1205 2595 1279 ,σακία
2656 1206 2775 1282 eet,
2820 1200 2876 1263 ei

494 1303 719 1368 talibus
779 1302 853 1365 de
915 1306 1135 1385 causis,
1195 1322 1345 1385 quae
1389 1301 1491 1362 vix
1535 1303 1777 1385 querela
1823 1309 1880 1366 et
1925 1305 2393 1385 empostulatione
2436 1306 2652 1386 diynae
2693 1313 2835 1369 eunt
2853 1352 2867 1377 .

493 1430 661 1472 arma
706 1408 919 1490 capitis
965 1416 1023 1470 et
1068 1406 1302 1487 reqibus
1346 1405 1525 1469 sociis
1569 1406 1728 1470 bella
1774 1407 2042 1490 infertis.
2379 1404 2388 1413 '

583 1514 881 1600 Agnosco
944 1511 1213 1595 denique
1280 1507 1586 1576 Catonem
1651 1518 1882 1577 testem
1930 1534 2063 1598 cap.
2111 1512 2240 1579 XV
2288 1517 2357 1579 in
2402 1515 2534 1581 his:
2590 1516 2878 1581 Marcius

493 1617 732 1685 Consul
793 1617 871 1682 ad
932 1619 1160 1682 incitas
1205 1616 1497 1682 redactus
1544 1617 1684 1704 agit
1729 1639 1877 1683 cum
1923 1617 2317 1685 Rhodiorum
2365 1620 2601 1708 legatis
2646 1627 2720 1686 ut
2764 1642 2877 1706 pa-

497 1746 635 1791 cem
697 1723 1102 1789 reconciliare
1165 1721 1399 1799 velint,
1452 1723 1619 1789 unde
1667 1727 2066 1808 suspicantur
2109 1724 2346 1791 Rhodii
2388 1728 2496 1791 οὐκ
2546 1725 2691 1792 ἄνευ
2732 1730 2876 1791 Ῥω-

492 1831 693 1909 μαίων
732 1833 942 1895 ταῦτα
991 1827 1265 1910 Μάρκιον
1315 1830 1736 1902 ἐπισκήπτειν.
1787 1831 1814 1894 ὁ
1862 1830 1913 1894 δ’
1963 1833 2083 1911 αφ’
2132 1833 2350 1897 ἑαυτοῦ
2401 1832 2505 1898 καὶ
2556 1833 2710 1898 τάδε
2763 1833 2873 1897 καὶ

495 1939 674 2019 ἕτερα
723 1938 935 2003 πολλοὶ
981 1937 1091 2001 ΔΓ
1150 1938 1645 2001 'ATOAMIAN
1712 1935 2031 2016 ἔπραττεν.
2129 1936 2285 2017 Quis
2344 1938 2514 2004 enim
2579 1939 2746 2004 alius
2806 1938 2875 2004 id

494 2046 866 2131 exprobrare
926 2063 1115 2107 ausus
1175 2047 1337 2106 esset
1404 2043 1542 2107 viro
1611 2042 2060 2127 nobilissimo‚'
2108 2043 2465 2111 decemviro
2511 2065 2834 2111 sacrorum
2856 2093 2876 2130 ‚

494 2155 731 2217 iterum
779 2146 1043 2214 Consuli
1087 2152 1335 2233 praeter
1380 2152 1661 2212 atrocem
1706 2148 1992 2213 animum
2044 2146 2343 2214 Catonis?

588 2357 934 2424 Videamus
991 2359 1123 2422 iam
1180 2376 1292 2419 cur
1350 2354 1620 2421 Romani
1685 2360 1860 2422 tanto
1923 2377 2107 2442 opere
2151 2357 2457 2424 Perseum
2506 2368 2873 2445 suspectum

494 2466 835 2531 haberent:
907 2467 1192 2539 Ῥωμαῖοι
1264 2461 1547 2541 ταχέως·
1577 2460 1988 2541 αὐξανόμενον
2051 2464 2153 2529 τὸν
2216 2465 2453 2546 Περσέα
2522 2468 2875 2546 ὑφεωρῶντο

495 2570 795 2657 (Appian.
856 2568 1093 2637 Maced.
1141 2566 1255 2631 IX.
1311 2566 1396 2651 l.)
1446 2567 1550 2631 καὶ
1599 2567 1848 2643 μαλιςα
1893 2569 2119 2641 αὐτοὺς
2169 2571 2427 2651 ἠρέθισεν
2476 2573 2508 2646 ἦ
2558 2580 2674 2637 τῶν
2721 2576 2874 2638 Ἑλ·

493 2677 685 2753 λήνων
732 2677 920 2758 φιλία
968 2673 1074 2738 καὶ
1123 2673 1496 2751 γειτνίασις,
1546 2670 1632 2744 οἷς
1670 2674 1847 2755 ἔχθος
1887 2675 1947 2746 ἐς
1985 2678 2319 2753 Ῥωμαίους
2360 2679 2874 2755 ἑνεπεποιήκεσαν

492 2787 540 2850 οἱ
591 2782 905 2861 Ῥωμαίων
954 2782 1271 2861 ςρατηγοί.
1322 2782 1398 2851 ὡς
1444 2780 1504 2845 δὲ
1556 2780 1659 2845 καὶ
1695 2764 1760 2845 ὀἱ
1809 2781 2097 2860 πρέσβεις
2148 2784 2198 2847 οἱ
2249 2784 2309 2855 ἐς
2356 2785 2678 2865 Βαςοὶρνας
2715 2787 2876 2851 οἶα-ε·

493 2890 786 2968 ςαλμένοι
850 2891 958 2961 τὴν
1005 2887 1393 2951 Μακεδονίαν
1440 2882 1714 2967 ἔφασκον
1762 2886 1906 2952 ἰδεῖν
1953 2889 2262 2969 ἀσφαλῶς
2313 2891 2714 2971 ὠχυρωμένην
2763 2893 2872 2957 καὶ

495 2996 887 3077 παρασκευὴν
934 2995 1149 3067 ἱκανὴν
1196 2992 1301 3056 καὶ
1351 2991 1610 3066 νεότητα
1651 2993 2175 3071 γεγυμνασμένην
2209 2997 2544 3074 Ῥωμαίους
2588 2998 2692 3063 καὶ
2718 2998 2874 3063 τάδε

493 3104 912 3184 διεταρασσεν.
961 3100 1186 3164 Livius
1234 3096 1340 3174 42,
1394 3097 1470 3162 5:
1519 3099 1770 3162 Persem
1817 3101 2030 3163 bellum
2076 3100 2198 3164 iam
2243 3101 2376 3166 vivo
2412 3111 2590 3186 patre
2650 3105 2875 3188 coyita-

490 3220 612 3276 tum
660 3209 727 3272 in
773 3212 966 3270 animo
1011 3205 1248 3269 volvem
1292 3224 1482 3267 omnes
1526 3225 1644 3267 non
1684 3212 1886 3285 ,σακία
1932 3207 2096 3269 modo
2138 3207 2423 3273 Graeciae
2460 3211 2568 3273 ced
2601 3210 2877 3276 civitatee

487 3317 667 3381 etiam
728 3311 1124 3394 leyationibue
1184 3308 1489 3374 mittendis
1520 3309 1864 3391 pollicendo
1902 3315 2090 3393 plura
2134 3334 2309 3396 quam
2342 3320 2709 3396 praestando
2756 3322 2875 3379 eibi

488 3422 860 3487 concibiabat.
953 3418 1107 3481 Erat
1162 3423 1354 3480 tamen
1413 3438 1659 3496 maynae
1707 3422 1907 3499 partis
1964 3418 2259 3482 hominum
2304 3421 2388 3483 ad
2419 3421 2698 3506 favorem
2741 3422 2866 3485 eius

487 3527 771 3592 inclinati
828 3523 1017 3587 animi
1081 3533 1139 3586 et
1201 3522 1511 3607 aliquanto
1557 3544 1732 3605 quam
1777 3523 1844 3586 in
1891 3523 2204 3587 Eumenem
2239 3528 2673 3609 propensiores.
2765 3527 2866 3598 In,-

490 3636 794 3721 dignatur
855 3629 1080 3695 Livius
1140 3627 1339 3715 vulgo
1403 3628 1697 3693 civitates
1759 3625 2059 3694 Graeciae
2105 3630 2414 3696 Perseum
2460 3633 2688 3699 multis
2735 3655 2872 3701 cae·

497 3742 686 3807 dibus
748 3735 1054 3800 infamem
1120 3755 1234 3799 nec
1279 3732 1414 3799 ullo
1460 3734 2030 3800 commendabilem
2080 3740 2306 3802 merito
2353 3739 2663 3823 praeferre
2713 3741 2875 3829 (Eu-

500 3844 698 3930 meni)
750 3849 883 3906 tam
934 3842 1040 3923 pio
1087 3859 1239 3925 erga
1286 3840 1667 3925 propinquos
1706 3846 1846 3905 *tam
1884 3842 2053 3906 iusto
2093 3844 2159 3905 in
2194 3845 2380 3921 cives,
2427 3844 2651 3911 deinde
2689 3868 2880 3933 quae—

498 3956 584 4019 rit
642 3950 835 4014 buius
897 3947 990 4010 rei
1049 3965 1337 4009 causam:
1397 3968 1500 4009 seu
1547 3948 1728 4033 fama
1789 3955 1844 4011 et
1887 3947 2195 4012 maiestate
2240 3950 2634 4015 Macedonum
2675 3977 2878 4035 reyum

489 4052 903 4143 praeve-mati
929 4089 1010 4099 —-
1038 4074 1142 4115 sen
1183 4051 1327 4135 quia
1373 4073 1492 4115 non
1537 4053 1752 4117 abiecti
1796 4075 1920 4117 eece
1964 4054 2249 4119 Romanis
2285 4057 2576 4122 volebant.
2627 4057 2877 4127 Ultima

501 4164 693 4232 verba
751 4180 939 4225 sensu
1000 4178 1174 4223 cassa
1234 4162 1413 4223 sunt:
1464 4160 1801 4224 verborum
1850 4162 2231 4226 amissorum
2281 4165 2661 4229 sententiam
2708 4165 2874 4232 hanc

498 4273 697 4336 ferme
755 4266 1038 4350 suspicor
1098 4264 1321 4329 fuisse:
1368 4286 1472 4328 seu
1517 4270 1660 4350 quia
1704 4265 2016 4330 Eumenem
2061 4268 2367 4331 obnoxium
2417 4291 2538 4333 esse
2581 4270 2877 4335 Romanis

504 4375 802 4441 videbant.
871 4369 1181 4436 Civitates
1242 4367 1545 4436 Graeciae
1608 4370 1904 4436 favebant
1948 4371 2177 4439 Perseo
2221 4372 2655 4441 Romanorum
2704 4377 2874 4444 hosti
