3192 5017
598 275 732 339 366
1546 296 2040 345 Amsrornffles.

593 466 816 530 literae
878 470 942 529 et
1004 464 1205 529 factae
1268 470 1416 528 sunt
1473 462 1788 550 quinque!
1827 464 1972 549 ,Sed
2036 466 2365 553 indignor,
2429 468 2593 551 quod
2645 471 2967 548 iuventae,

584 590 735 637 nam
801 570 869 634 in
933 590 1121 635 usum
1186 571 1544 636 iuventutis
1593 570 1707 637 illa
1755 573 1987 655 scripta
2035 571 2322 649 fuerunt,
2376 576 2570 639 etiam
2619 577 2690 638 in
2737 574 2852 640 hac
2895 572 2968 638 li·

590 682 874 742 terarum
924 675 1066 742 luce
1116 682 1250 741 tam
1296 675 1537 742 insulsa
1587 676 1876 742 doctrina
1920 678 2258 743 imbuitur.

675 843 1059 929 Strepsiadis
1106 844 1300 909 verba
1348 849 1498 910 sunt
1544 866 1641 911 vs.
1693 844 1815 909 94:

1083 956 1364 1032 ψυχῶν
1411 955 1614 1030 σοφῶν
1662 952 1828 1016 τοῦτ’
1879 952 1968 1021 ἐςὶ
2016 956 2451 1033 φροντιςήριον.

581 1054 728 1122 Scio
793 1056 1111 1141 quomodo
1175 1058 1548 1141 interpretes
1612 1078 1754 1123 eam
1815 1058 2149 1124 lectionem
2222 1064 2521 1125 tueantur
2583 1067 2649 1125 et
2698 1061 2976 1126 Kockius

580 1184 616 1228 e
685 1161 951 1227 Platone
1012 1161 1185 1227 locos
1231 1162 1536 1247 quosdam
1589 1164 1845 1249 attulit,
1896 1170 1967 1229 ut
2015 1165 2310 1250 probaret
2355 1168 2422 1230 in
2469 1166 2714 1232 chartis
2765 1164 2972 1233 Socra·

581 1270 730 1333 ticis
792 1270 961 1353 ipsos
1022 1267 1313 1333 homines
1373 1268 1597 1352 ψυχάς
1649 1272 1777 1335 dici
1795 1316 1812 1345 ,
1863 1270 1973 1335 sed
2021 1272 2323 1336 interesse
2371 1278 2587 1337 tamen
2633 1273 2812 1338 mihi
2857 1273 2969 1339 ali-

580 1374 733 1460 quid
795 1375 1051 1441 videtur
1109 1381 1175 1439 et
1220 1377 1330 1441 vix
1376 1378 1588 1460 potuit
1635 1374 2030 1461 Strepsiades
2077 1377 2442 1463 philosophi
2491 1378 2846 1465 discipulos
2888 1382 2970 1444 sic

579 1479 958 1566 simpliciter
1016 1482 1242 1562 ψυχὰς
1307 1480 1509 1561 σοφάς
1560 1481 1897 1566 appellare.
1992 1485 2061 1546 Si
2112 1504 2338 1549 verum
2386 1489 2482 1548 est
2530 1485 2704 1569 quod
2754 1483 2970 1550 Heim·

580 1586 819 1653 richius
882 1588 1152 1652 coniecit
1200 1594 1453 1671 propter
1499 1586 1781 1653 scholion
1829 1588 1908 1654 ad
1954 1588 2126 1654 hunc
2177 1608 2434 1656 versum
2457 1638 2473 1661 ,
2521 1589 2686 1655 olim
2738 1590 2970 1655 editam

578 1695 776 1759 fuisse
821 1693 1194 1759 lectionem:
1242 1698 1464 1773 ψυχῶν
1515 1693 1752 1764 σύνοδος
1798 1697 1967 1759 τοῦτ’
2016 1695 2106 1764 ἐςὶ
2158 1695 2262 1759 καὶ
2316 1699 2494 1768 θᾶκος
2545 1701 2780 1774 σοφῶν,
2823 1716 2974 1781 quae

579 1800 771 1866 verba
816 1799 1078 1865 fortasse
1125 1804 1465 1864 manarunt
1510 1820 1588 1865 ex
1638 1799 1837 1865 altera
1873 1804 2233 1867 recensione
2255 1849 2271 1879 ,
2308 1804 2376 1867 in
2424 1822 2496 1867 ea
2537 1804 2752 1889 igitur
2791 1805 2974 1888 scrip-

578 1912 724 1972 tura
742 1953 758 1983 ‚
838 1926 999 1991 quae
1069 1907 1277 1971 nescio
1349 1899 1543 1990 quam
1618 1908 1929 1993 tragicam
2002 1908 2620 1996 magniloquentiam
2698 1908 2973 1992 redolet,

577 2014 802 2094 ψυχῶν
863 2011 1116 2077 facilius
1176 2012 1401 2089 feram3
1467 2014 1537 2076 in
1600 2012 2080 2097 simplicissima
2126 2017 2438 2080 sententia
2485 2021 2714 2096 ψυχῶν
2777 2019 2969 2087 σοφῶν

578 2118 749 2183 τοῦτ’
825 2118 914 2186 ἐς)
986 2117 1429 2201 φροντιςήριον,
1504 2117 1682 2183 aliud
1752 2121 2040 2203 requiro,
2118 2119 2325 2187 veluti
2393 2129 2698 2186 λεπτῶν
2751 2129 2964 2203 σοφῶν.

579 2225 821 2291 Notum
871 2232 969 2290 est
1016 2237 1074 2289 A
1131 2230 1195 2289 et
1241 2233 1300 2289 Ψ
1349 2243 1533 2309 saepe
1580 2224 1901 2289 confundi.

669 2389 893 2478 Pergit
937 2409 1125 2455 senex
1176 2411 1266 2456 vs.
1320 2388 1442 2455 97:

1035 2495 1271 2560 ἐνταῦθ’
1320 2496 1603 2561 ἔνοικοῦσ’
1648 2495 1893 2575 ἄνδρες,
1942 2490 1995 2562 οἳ
2041 2500 2144 2562 τὸν
2191 2500 2432 2578 οὐρανὸν

1031 2599 1322 2679 λέγοντες
1371 2602 1795 2667 ἀναπείθουσιν
1840 2604 1916 2673 ῶς
1968 2603 2092 2671 ἒςὶν
2138 2605 2429 2689 πνιγεύς,

1033 2705 1210 2775 κᾶςιν
1260 2708 1393 2788 περὶ
1443 2710 1613 2783 ἡμᾶς
1661 2704 1747 2773 οὗ
1760 2733 1924 2787 τος,
1979 2710 2154 2787 ἡμεῖς
2202 2711 2255 2774 δ’
2303 2709 2622 2790 ἄνθρακες.

575 2816 851 2880 Etiamsi
897 2815 1273 2898 interpretes
1319 2820 1604 2898 taceant,
1655 2814 1838 2880 facile
1883 2822 1979 2879 est
2025 2816 2240 2881 videre
2289 2819 2527 2880 mirum
2580 2821 2646 2881 in
2701 2819 2960 2883 modum

575 2921 682 2987 hic
728 2920 1030 3007 languere
1075 2938 1421 3004 pronomen
1467 2916 1675 3004 οὗτος,
1723 2920 1830 2984 sed
1870 2920 2267 3006 probabilem
2307 2925 2764 2988 correctionem
2811 2923 2960 2987 mihi

574 3028 889 3092 invenisse
942 3025 1177 3090 videor.
1227 3024 1394 3103 Quid
1442 3032 1538 3091 est
1585 3023 1885 3102 πνιγεύςῖ
1930 3025 2084 3109 Vas,
2134 3029 2389 3111 opinor,
2442 3030 2509 3092 in
2556 3049 2683 3111 quo
2739 3028 2961 3093 inclusi

571 3134 870 3199 carbones
933 3131 1317 3196 suffocantur
1379 3137 1444 3196 et
1504 3134 2002 3220 extinguuntur,
2067 3154 2212 3197 nam
2274 3137 2604 3218 proprium
2653 3135 2955 3199 Latinum

571 3238 957 3306 vocabulum
1018 3258 1141 3302 non
1206 3239 1462 3302 invenio
1526 3247 1591 3302 et
1654 3236 1840 3302 facile
1906 3237 2162 3323 quidem
2213 3244 2308 3303 est
2354 3240 2804 3303 exstinctor-ium
2852 3262 2957 3324 ap·

572 3344 844 3430 pellere,
920 3343 1027 3407 sed
1099 3347 1310 3407 metus
1372 3348 1468 3407 est
1528 3364 1607 3407 ne
1670 3342 1948 3408 incidam
2014 3347 2079 3407 in
2134 3344 2620 3409 barbarismum.
2718 3346 2952 3411 Eadem

571 3451 1038 3534 comparatione
1099 3454 1284 3531 poeta
1346 3469 1499 3514 usus
1561 3458 1657 3513 est
1705 3451 1771 3512 in
1819 3450 1937 3514 Av.
1994 3448 2201 3514 1000:
2254 3450 2484 3513 aba-ixx
2533 3451 2658 3530 γὰρ
2706 3454 2828 3529 ἀήρ
2873 3453 2955 3517 ἕςι

574 3557 683 3628 τὴν
746 3554 912 3619 ἰδέαν
960 3550 1095 3624 ὅλος
1144 3554 1313 3618 κατὰ
1363 3554 1591 3632 πνιγέα
1642 3554 1909 3632 μάλιςοι.
1963 3554 2095 3619 Iam
2146 3555 2436 3620 homines
2481 3576 2627 3620 cum
2678 3558 2954 3623 carboni-

570 3663 690 3727 bus
738 3652 1215 3743 comparantur,
1267 3659 1515 3725 coelum
1565 3667 1780 3725 autem
1830 3681 1978 3726 cum
2026 3660 2340 3745 operculo.
2414 3661 2485 3725 Id
2533 3668 2750 3727 autem
2801 3682 2951 3747 quo·

568 3767 760 3834 modo
823 3763 1063 3833 Graece
1124 3763 1400 3830 dicitur?
1461 3766 1631 3831 Nota
1695 3787 1794 3831 res
1842 3772 1970 3831 est:
2023 3787 2208 3831 omne
2258 3766 2652 3847 ἡμισφαίριον
2701 3767 2950 3833 Graecis

569 3874 808 3940 dicitur
853 3871 1174 3951 κύτταρος.
1226 3869 1333 3936 Sic
1381 3871 1617 3936 dicitur
1666 3874 1699 3947 ἦ
1748 3883 1858 3947 τῆς
1906 3871 2191 3950 βαλάνου
2240 3874 2498 3947 πυελίς,
2547 3874 2618 3937 τὸ
2665 3871 2926 3951 προεξάν

572 3981 738 4058 θημοι
797 3985 906 4051 τῆς
955 3982 1150 4060 ῥοιᾶς,
1208 3978 1241 4050 ἧ
1296 3976 1357 4041 ἐν
1402 3985 1526 4048 τοῖς
1576 3980 1792 4056 κηρίοις
1840 3985 1956 4043 τῶν
2002 3985 2309 4056 μελιττῶν
2360 3979 2776 4055 scm-drumm,
2830 3984 2944 4042 cet.

569 4087 921 4171 itidemque
985 4106 1021 4150 a
1084 4084 1290 4149 forma
1347 4083 1806 4149 semicirculari
1854 4084 2102 4149 coelum
2149 4087 2241 4149 sic
2291 4084 2528 4150 dicitur
2573 4084 2720 4149 Pac.
2779 4082 2942 4147 198:

571 4192 675 4256 ὑπ’
722 4190 909 4255 αὐτὸν
956 4192 1236 4271 ἀτεχνῶς
1285 4191 1572 4266 τούρκνοῢ
1618 4192 1719 4252 τὸν
1769 4190 2082 4268 κύτταρον.
2159 4190 2303 4255 Alia
2353 4190 2430 4254 de
2479 4190 2596 4254 hoc
2643 4187 2940 4256 vocabulo

568 4297 761 4363 attuli
828 4299 895 4361 in
967 4295 1443 4382 Prolegomenis
1513 4295 1590 4360 ad
1654 4295 1956 4362 Photium
2027 4318 2090 4382 p.
2146 4295 2228 4361 17
2291 4303 2356 4361 et
2420 4298 2476 4361 si
2522 4296 2675 4381 quid
2723 4296 2931 4365 video,

572 4404 921 4467 rectissime
969 4408 1149 4484 poeta
1195 4401 1464 4466 scribere
1510 4403 1756 4485 potuit:
