3192 5017
523 231 651 297 104
1604 247 1837 297 Livius.

517 421 660 503 viri]
732 419 1046 504 adscripta
1114 420 1194 483 ab
1256 440 1362 502 e0‚
1420 422 1533 505 qui
1595 421 1751 505 quid
1811 427 1976 486 esset
2034 421 2231 483 maine
2289 443 2463 505 quan
2498 441 2621 503 pro
2670 441 2909 482 nauem

516 525 810 588 auxilium
869 527 1269 610 interpretari
1333 525 1559 592 voluit.
1658 526 1873 589 Maius
1930 549 2105 612 quam
2150 549 2269 609 pro
2316 547 2559 590 numero
2610 525 2909 588 aua-ilina

518 638 614 695 est
674 652 871 715 quum
919 633 1030 715 qui
1079 630 1478 715 opitulantur
1520 639 1672 697 sunt
1719 653 1984 698 numero
2032 633 2213 718 pauci
2263 632 2374 697 sed
2420 639 2684 717 propter
2734 631 2911 694 forti-

516 737 807 801 tudinem
879 736 1235 801 multorum
1292 740 1510 802 instar.
1577 737 2115 804 Additamentum
2180 740 2715 823 compositionem
2790 735 2910 802 loci

514 862 770 926 prorsus
832 845 1135 927 corrupit.
1199 842 1425 908 Livius
1490 864 1606 909 suo
1664 864 1839 909 more
1899 844 2178 909 dixerat:
2228 854 2287 908 et
2331 844 2525 908 maius
2572 865 2755 929 quaa
2790 863 2905 925 pro

515 970 754 1012 numero
801 949 1099 1012 auaeibium
1145 957 1201 1013 et
1237 955 1440 1032 partis
1484 951 1735 1014 alteriue
1780 951 2030 1014 victoria
2078 986 2164 998 —
2200 951 2498 1032 proelium
2547 954 2838 1014 restituit.

613 1192 689 1256 X.
745 1192 846 1256 11.
899 1192 978 1255 4:
1031 1193 1122 1257 M.
1185 1191 1488 1256 Valerium
1533 1194 1829 1257 comentem
1874 1215 2068 1257 omnes
2112 1194 2519 1275 [sententiae]
2568 1199 2910 1258 centuriae-

525 1299 708 1383 [que]
758 1299 982 1362 dixere.
2014 1333 2019 1336 -

611 1403 1130 1490 Dittographiam
1193 1403 1370 1469 vides
1433 1411 1497 1469 et
1561 1405 1719 1469 duas
1776 1407 2152 1490 scripturae,
2212 1411 2285 1469 ut
2348 1404 2616 1488 assolet,
2669 1404 2901 1490 copula

519 1513 787 1575 iunctas.
837 1509 1156 1575 Similiter
1202 1508 1406 1575 XXIL
1458 1507 1568 1576 28.
1616 1512 1683 1573 in
1730 1509 1914 1575 libris
1960 1516 2088 1575 est:
2134 1515 2306 1574 vanis
2354 1511 2617 1595 [animis
2663 1511 2755 1594 et]
2798 1511 2910 1573 mi-

521 1617 618 1678 nio
661 1616 928 1698 increpat
971 1616 1207 1679 hostem.
1257 1616 1518 1680 Primus
1565 1617 1854 1679 omnium
1907 1614 2329 1679 Ruhnkenius
2372 1617 2437 1679 in
2501 1618 2910 1681 annotatione

521 1719 647 1788 Ms.
695 1726 912 1784 animis
955 1728 1011 1785 et
1057 1721 1320 1786 delevit.

611 1964 792 2032 XXI.
860 1966 974 2033 27:
1047 1966 1345 2030 terrebant
1413 1987 1484 2028 ex
1550 1967 1796 2029 adverso
1862 1967 2052 2030 hostes
2115 1987 2334 2029 onmem
2395 1966 2590 2049 ripam
2650 1973 2906 2052 equine

526 2073 773 2149 virIQUB
818 2078 1162 2137 obtinentes.

613 2179 817 2244 Miror
860 2179 1016 2244 haec
1062 2177 1112 2242 Ι.
1163 2178 1233 2242 F.
1281 2174 1605 2243 Gronovio
1651 2183 1716 2241 et
1762 2176 2094 2265 Madvigio
2141 2197 2293 2243 sana
2338 2198 2472 2243 esse
2520 2178 2727 2243 videri
2790 2199 2905 2265 pro

523 2285 695 2370 equis
757 2285 1041 2360 virisouss
1102 2284 1445 2347 obtinentes.
1521 2280 1809 2348 Caesaris
1855 2283 2059 2360 locus,
2113 2304 2237 2367 quo
2289 2279 2653 2349 Gronovius
2702 2287 2911 2350 utitur

520 2391 595 2454 de
656 2392 805 2455 bello
864 2391 1035 2454 civili
1079 2388 1168 2453 ΙΙ.
1221 2386 1345 2452 39:
1395 2388 1555 2471 eapti
1600 2389 1863 2452 homines
1908 2393 2241 2474 equitesque
2274 2390 2797 2471 producebantur.-
2844 2397 2913 2454 uc

519 2497 814 2581 quidquid
856 2496 1241 2560 intercederet
1287 2494 1564 2584 temporis
1609 2495 1717 2560 hoc
1760 2516 1924 2558 omne
1971 2499 2274 2558 victoriam
2322 2495 2545 2557 morari
2582 2497 2907 2573 vider-etv,

521 2603 858 2668 manifesto
905 2608 1238 2687 corruptus
1284 2613 1381 2667 est
1428 2609 1493 2665 et
1538 2621 1726 2665 sensu
1777 2621 2033 2665 vacuus.
2082 2599 2250 2680 Quid
2310 2601 2479 2665 enim
2538 2602 2912 2668 morabatur

519 2710 855 2773 victoriam
915 2710 970 2772 si
1031 2709 1200 2792 capti
1263 2705 1505 2791 pedites
1567 2707 1935 2789 equitesque
1983 2703 2523 2788 producerentur?
2573 2705 2912 2772 Praeterea

520 2835 712 2900 quam
761 2814 1029 2879 absurde
1075 2815 1239 2877 inter
1286 2832 1352 2876 se
1407 2816 1811 2895 opponuntur
1856 2811 2118 2873 homines
2165 2817 2229 2875 et
2274 2812 2536 2895 equites!

611 2920 1000 2986 Simillimus
1047 2917 1224 2983 locus
1272 2927 1367 2981 est
1413 2914 1488 2980 V.
1540 2913 1647 2980 37.
1700 2913 1760 2978 5.
1812 2915 1889 2980 de
1936 2914 2135 2980 Gallis
2182 2915 2457 2982 Romam
2508 2921 2901 3004 properanti-

518 3029 664 3092 bus:
718 3047 1074 3112 quacumque
1118 3024 1284 3086 ibant
1331 3023 1495 3106 equis
1539 3014 1804 3104 virisqice
1850 3022 2018 3101 lonqe
2064 3044 2134 3083 ac
2180 3022 2301 3086 late
2328 3026 2480 3102 suso
2521 3026 2755 3104 aquine
2798 3026 2905 3088 im-

519 3155 776 3197 mensum
824 3132 1152 3194 obtinentes
1199 3128 1333 3192 loci.

610 3363 784 3430 XXI.
841 3361 948 3428 30.
999 3361 1072 3427 3:
1125 3361 1413 3426 Hiberum
1453 3357 1756 3425 traiecisse
1788 3357 1872 3423 ad
1906 3357 2216 3423 delendum
2255 3381 2461 3424 nomen
2486 3359 2903 3426 Ronanonum

516 3472 999 3556 liberandumque
1044 3471 1233 3533 orbem
1280 3475 1597 3538 terrarum.

606 3576 846 3642 Mirum
894 3577 961 3639 ni
1007 3575 1365 3658 scripserit:
1414 3595 1619 3637 nomen
1670 3573 2020 3637 Roman-uu.

607 3819 853 3887 Multas
913 3838 1098 3902 saepe
1144 3816 1279 3883 vidi
1331 3814 1631 3880 absurdas
1682 3813 2197 3898 interpolationes
2243 3814 2646 3881 indoctorum
2692 3809 2900 3883 homi-

512 3947 704 4009 num,
755 3923 864 3991 sed
908 3924 1228 3989 neminem
1278 3924 1388 4006 qui
1438 3924 1652 4009 magis
1701 3920 1995 3986 deliraret
2043 3941 2236 4005 quam
2287 3922 2342 3985 is
2391 3923 2503 4005 qui
2549 3923 2721 4006 apud
2786 3923 2898 3988 Li-

511 4035 692 4100 vium
740 4028 911 4095 XXI
960 4026 1066 4091 40.
1120 4025 1179 4094 ’7.
1228 4025 1309 4091 ad
1357 4028 1575 4092 verba:
1633 4026 1861 4088 duabus
1894 4030 2175 4107 partibus
2205 4026 2480 4108 peditum
2526 4032 2897 4115 equitumque

511 4140 577 4202 in
636 4137 902 4201 transitu
960 4134 1208 4218 Aspium
1270 4133 1535 4214 amissis,
1587 4131 1957 4197 annotavit:
2010 4153 2187 4214 quum
2220 4130 2435 4214 plures
2465 4155 2664 4215 paene
2698 4141 2899 4217 perie-

509 4245 639 4307 rint
684 4264 857 4326 quam
903 4246 1239 4325 supersunt.

597 4348 934 4433 Imperitus
979 4348 1320 4414 homuncio
1363 4365 1442 4409 ne
1490 4344 1610 4408 hoc
1658 4342 1916 4426 quidem
1965 4342 2205 4409 sciebat
2249 4344 2406 4428 quid
2451 4349 2617 4412 esset
2662 4347 2899 4413 duabu
