3192 5017
1485 1124 2161 1200 EMENDATIONES

876 1276 1106 1355 QUAE
1155 1275 1269 1351 AD
1318 1274 1772 1351 EPISTOLAS
1820 1276 2206 1353 SENECAE
2255 1278 2776 1355 PERTINENT.

722 1842 928 1929 Epist.
983 1844 1040 1906 1.
1088 1842 1126 1928 fi
1174 1841 1237 1906 5.
1301 1841 1540 1928 Agitur
1604 1837 1683 1905 de
1740 1837 2085 1927 diligenter
2136 1846 2421 1929 tempore
2465 1842 2725 1910 utendo.
2824 1842 2985 1929 Equi·

632 1949 779 2015 dem
831 1985 912 1997 —-
964 1947 1119 2013 haec
1181 1944 1311 2012 fere
1368 1943 1605 2011 Seneca
1649 1943 1728 2010 de
1771 1964 1838 2010 se
1883 1946 2019 2032 ipse
2065 1946 2402 2015 confitetur
2455 1987 2531 2001 --
2582 1970 2712 2016 non
2757 1949 2984 2036 quidem

630 2056 1043 2142 parcissimus
1110 2054 1414 2138 temporis
1474 2051 1611 2128 fui,
1675 2071 1878 2137 neque
1925 2057 2139 2119 tamen
2187 2056 2392 2120 vitam
2440 2060 2676 2122 temere
2731 2054 2986 2143 perdidi,

630 2165 921 2228 accurate
982 2159 1294 2225 rationem
1343 2158 1492 2223 dare
1540 2177 1838 2244 possum,
1885 2161 2119 2244 quibus
2164 2180 2308 2226 eam
2355 2163 2634 2249 negotiis
2680 2160 2984 2250 impende·

627 2271 772 2336 rim.
873 2266 1007 2345 „1¹2⁶
1066 2273 1261 2330 men
1319 2264 1476 2327 malo
1519 2285 1714 2329 serves
1759 2274 1867 2328 tua
1913 2274 1972 2329 et
2019 2266 2164 2330 bono
2209 2273 2463 2350 tempore
2506 2266 2799 2352 incipite.
2888 2266 2984 2348 Qui

628 2395 884 2441 mecum
929 2372 1196 2449 sentiet,
1243 2369 1452 2458 leget.
1510 2374 1604 2433 Pu
1649 2380 1843 2436 tannen
1882 2372 2036 2437 malo
2072 2394 2264 2438 server
2301 2381 2442 2452 tua,
2483 2384 2544 2439 et
2577 2376 2727 2440 bono
2767 2383 2985 2459 ten-pm

626 2497 913 2547 naum
959 2478 1248 2561 incipiAS.
1350 2474 1634 2541 Additur
1679 2478 1848 2542 enim
1899 2477 2110 2556 „Nam
2158 2485 2233 2544 ut
2271 2481 2486 2547 visum
2525 2486 2625 2547 est
2660 2481 2984 2548 maioribus
3089 2518 3090 2531 κ

625 2588 892 2660 nostris.
933 2605 1071 2651 sera
1120 2583 1506 2669 parsimonia
1550 2584 1617 2647 in
1665 2582 1862 2650 fundo
1916 2583 2133 2672 [est]”.
2203 2584 2500 2652 Alterum
2548 2598 2670 2672 eet,
2720 2590 2980 2675 spurium

624 2693 899 2761 videtur.
994 2687 1259 2757 Codices
1327 2690 1579 2755 variant
1648 2691 1815 2754 inter
1881 2690 2141 2774 incipias
2203 2697 2268 2757 et
2328 2692 2602 2777 incipies.
2697 2689 2980 2760 Nonnulli

624 2799 776 2866 libri
838 2796 1000 2865 MSS
1060 2794 1231 2863 male
1291 2794 1588 2861 lacunam
1653 2795 1960 2881 implent,
2024 2797 2412 2864 exhibendo:
2465 2807 2521 2863 et
2568 2804 2715 2865 bono
2762 2808 2982 2885 tenpore

624 2906 718 2972 uti
790 2903 1049 2991 incipias
1127 2900 1230 2969 vel
1298 2901 1565 2985 incipies.
1660 2900 1903 2968 Locum
1969 2922 2117 2969 vero
2178 2902 2554 2970 lacunosum
2616 2926 2755 2972 esse
2775 2956 2794 2990 ,
2842 2908 2981 2972 recte

623 3015 1089 3100 perspexerant.

714 3226 916 3311 Epist.
991 3224 1054 3288 4.
1120 3225 1159 3308 g
1207 3223 1271 3288 4.
1341 3220 1622 3288 Mortem
1696 3227 2095 3287 contemnere
2162 3242 2289 3289 non
2357 3231 2455 3289 est
2524 3224 2976 3292 difficillimum.

624 3332 828 3400 Multi
875 3350 1017 3397 eam
1069 3337 1322 3416 propter
1369 3325 1632 3394 frivolas
1678 3346 1898 3393 causas
1942 3349 2256 3413 sprevere.
2334 3330 2560 3408 „Alius
2604 3340 2747 3398 ante
2788 3338 2980 3398 σπέσσι

626 3439 836 3526 ,fora
898 3437 1109 3522 laqueo
1158 3434 1476 3519 pependit,
1528 3432 1696 3499 alius
1740 3453 1807 3499 se
1852 3435 2298 3520 praecipitavit
2343 3456 2379 3501 e
2427 3442 2630 3522 tecto,
2678 3460 2762 3504 ne
2804 3439 2981 3505 domi·

628 3564 826 3623 „num
898 3541 1401 3609 stomachantem
1474 3538 1723 3604 diutius
1790 3539 2070 3625 audiret,
2142 3540 2309 3608 alius
2366 3562 2447 3608 ne
2505 3543 2906 3611 reduceretur
2951 3562 2978 3606 e

626 3650 860 3738 „fuga,
923 3649 1164 3714 ferrum
1230 3645 1448 3732 adegit
1505 3647 1573 3710 in
1639 3644 1940 3712 viscera.”
2029 3645 2175 3712 Non
2238 3647 2404 3733 quod
2445 3652 2730 3733 pependit
2775 3650 2978 3736 aliquis

620 3765 766 3825 ante
821 3760 1084 3844 januam
1150 3754 1424 3828 amicae,
1488 3751 1870 3819 documento
1933 3761 2063 3831 est,
2126 3761 2400 3820 mortem
2446 3776 2632 3842 saepe
2679 3756 2977 3824 levissima

620 3866 699 3932 de
761 3881 951 3930 causa
1009 3858 1250 3925 multos
1313 3860 1663 3943 aspernari,
1731 3878 2006 3943 namque
2066 3857 2205 3924 fieri
2271 3858 2513 3945 potest,
2577 3870 2653 3926 ut
2697 3884 2818 3929 non
2864 3864 2976 3948 ipoe

620 3971 742 4037 sibi
803 3986 1031 4033 manus
1077 3962 1399 4047 attulerit,
1449 3962 1558 4029 sed
1607 3974 1710 4046 ut,
1758 3966 1894 4031 sive
1942 3984 1980 4028 a
2022 3963 2375 4031 latronibus
2422 3968 2559 4033 sive
2607 3988 2645 4033 a
2690 3971 2975 4036 concitata

620 4071 1079 4154 multitudine,
1129 4072 1228 4136 vis
1275 4068 1375 4133 illi
1425 4072 1511 4134 sit
1556 4068 1762 4135 illata.
1859 4069 2235 4154 Requiritur
2277 4073 2543 4138 verbum
2594 4076 2970 4141 transitivum

624 4182 815 4249 sicuti
869 4180 1111 4265 priora:
1160 4175 1618 4260 praecipitavit,
1671 4176 1889 4258 adegit.
1939 4176 2310 4264 Legendum
2353 4184 2607 4245 autem:
2648 4186 2821 4249 Alius
2858 4184 2975 4245 ante

620 4294 842 4355 amicae
875 4287 1067 4373 forne
1115 4301 1192 4351 813
1239 4284 1446 4367 laqueo
1492 4282 1833 4365 suspendit.
