<?xml version="1.0" encoding="UTF-8"?>
<!DOCTYPE html PUBLIC "-//W3C//DTD XHTML 1.0 Transitional//EN"
    "http://www.w3.org/TR/xhtml1/DTD/xhtml1-transitional.dtd">
<html xmlns="http://www.w3.org/1999/xhtml" xml:lang="en" lang="en">
 <head>
  <title>
</title>
<meta http-equiv="Content-Type" content="text/html;charset=utf-8" />
  <meta name='ocr-system' content='tesseract 3.04.00' />
  <meta name='ocr-capabilities' content='ocr_page ocr_carea ocr_par ocr_line ocrx_word'/>
</head>
<body>
  <div class='ocr_page' id='page_1' title='image "./mnemosynebiblio14servgoog_0362.png"; bbox 0 0 3192 5017; ppageno 0'>
   <div class='ocr_carea' id='block_1_1' title="bbox 447 264 1788 334">
    <p class='ocr_par' dir='ltr' id='par_1_1' title="bbox 447 264 1788 334">
     <span class='ocr_line' id='line_1_1' title="bbox 447 264 1788 334; baseline 0.005 -7"><span class='ocrx_word' id='word_1_1' title='bbox 447 264 580 327; x_wconf 80' lang='lat'><strong><em>358</em></strong></span> <span class='ocrx_word' id='word_1_2' title='bbox 1481 283 1788 334; x_wconf 55' lang='lat' dir='ltr'>cinnanos..</span> 
     </span>
    </p>
   </div>
   <div class='ocr_carea' id='block_1_2' title="bbox 441 449 2840 1174">
    <p class='ocr_par' dir='ltr' id='par_1_2' title="bbox 444 449 2835 641">
     <span class='ocr_line' id='line_1_2' title="bbox 446 449 2835 542; baseline 0 -22"><span class='ocrx_word' id='word_1_3' title='bbox 446 479 627 532; x_wconf 78' lang='grc' dir='ltr'><strong><em>μενος</em></strong></span> <span class='ocrx_word' id='word_1_4' title='bbox 690 454 832 526; x_wconf 85' lang='grc' dir='ltr'><strong><em>τοὺς</em></strong></span> <span class='ocrx_word' id='word_1_5' title='bbox 898 453 1317 533; x_wconf 76' lang='grc' dir='ltr'><strong><em>νενικηκότας,</em></strong></span> <span class='ocrx_word' id='word_1_6' title='bbox 1380 456 1432 520; x_wconf 80' lang='grc' dir='ltr'><strong><em>οἱ</em></strong></span> <span class='ocrx_word' id='word_1_7' title='bbox 1492 456 1556 521; x_wconf 75' lang='grc' dir='ltr'><strong><em>δὲ</em></strong></span> <span class='ocrx_word' id='word_1_8' title='bbox 1620 462 1849 534; x_wconf 76' lang='grc' dir='ltr'><strong><em>κροτεῖν</em></strong></span> <span class='ocrx_word' id='word_1_9' title='bbox 1907 463 2033 528; x_wconf 88' lang='grc' dir='ltr'><strong><em>τοῖς</em></strong></span> <span class='ocrx_word' id='word_1_10' title='bbox 2082 456 2357 542; x_wconf 66' lang='grc' dir='ltr'><strong><em>ἀγκῶσιν</em></strong></span> <span class='ocrx_word' id='word_1_11' title='bbox 2402 454 2592 522; x_wconf 78' lang='grc' dir='ltr'><strong><em>αὐτὸν</em></strong></span> <span class='ocrx_word' id='word_1_12' title='bbox 2636 449 2835 531; x_wconf 69' lang='grc' dir='ltr'><strong><em>ἡῖἓίουν</em></strong></span> 
     </span>
     <span class='ocr_line' id='line_1_3' title="bbox 444 559 1460 641; baseline 0 -16"><span class='ocrx_word' id='word_1_13' title='bbox 444 561 582 625; x_wconf 70' lang='grc' dir='ltr'><strong><em>ἀντὶ</em></strong></span> <span class='ocrx_word' id='word_1_14' title='bbox 631 561 954 640; x_wconf 71' lang='grc' dir='ltr'><strong><em>πτερύγων</em></strong></span> <span class='ocrx_word' id='word_1_15' title='bbox 999 562 1116 630; x_wconf 72' lang='grc' dir='ltr'><strong><em>τὰς</em></strong></span> <span class='ocrx_word' id='word_1_16' title='bbox 1167 559 1460 641; x_wconf 71' lang='grc' dir='ltr'><strong><em>πλευράς.</em></strong></span> 
     </span>
    </p>

    <p class='ocr_par' dir='ltr' id='par_1_3' title="bbox 441 665 2840 1174">
     <span class='ocr_line' id='line_1_4' title="bbox 539 665 2834 751; baseline -0.001 -17"><span class='ocrx_word' id='word_1_17' title='bbox 539 668 738 734; x_wconf 82' lang='lat' dir='ltr'><strong>Addit</strong></span> <span class='ocrx_word' id='word_1_18' title='bbox 800 666 1082 734; x_wconf 84' lang='lat' dir='ltr'>Galenus</span> <span class='ocrx_word' id='word_1_19' title='bbox 1146 666 1320 733; x_wconf 85' lang='lat' dir='ltr'>aliud</span> <span class='ocrx_word' id='word_1_20' title='bbox 1384 665 1833 732; x_wconf 76' lang='lat' dir='ltr'>melancholici</span> <span class='ocrx_word' id='word_1_21' title='bbox 1884 666 2254 751; x_wconf 83' lang='lat' dir='ltr'>exemplum</span> <span class='ocrx_word' id='word_1_22' title='bbox 2304 673 2437 732; x_wconf 85' lang='lat' dir='ltr'><strong><em>tam</em></strong></span> <span class='ocrx_word' id='word_1_23' title='bbox 2488 666 2834 734; x_wconf 85' lang='lat' dir='ltr'>mirificum</span> 
     </span>
     <span class='ocr_line' id='line_1_5' title="bbox 450 773 2835 859; baseline 0 -21"><span class='ocrx_word' id='word_1_24' title='bbox 450 781 523 838; x_wconf 87' lang='lat' dir='ltr'>ut</span> <span class='ocrx_word' id='word_1_25' title='bbox 568 773 790 840; x_wconf 84' lang='lat' dir='ltr'>lubeat</span> <span class='ocrx_word' id='word_1_26' title='bbox 842 774 1191 839; x_wconf 74' lang='lat' dir='ltr'>describere</span> <span class='ocrx_word' id='word_1_27' title='bbox 1238 773 1450 839; x_wconf 91' lang='lat' dir='ltr'>locum</span> <span class='ocrx_word' id='word_1_28' title='bbox 1500 777 1582 838; x_wconf 90' lang='lat' dir='ltr'><strong><em>iis</em></strong></span> <span class='ocrx_word' id='word_1_29' title='bbox 1603 823 1621 856; x_wconf 85' lang='lat'>,</span> <span class='ocrx_word' id='word_1_30' title='bbox 1668 774 1901 857; x_wconf 89' lang='lat' dir='ltr'>quibus</span> <span class='ocrx_word' id='word_1_31' title='bbox 1948 773 2177 839; x_wconf 84' lang='lat' dir='ltr'>Galeni</span> <span class='ocrx_word' id='word_1_32' title='bbox 2223 776 2459 859; x_wconf 84' lang='lat' dir='ltr'>scripta</span> <span class='ocrx_word' id='word_1_33' title='bbox 2502 794 2625 840; x_wconf 90' lang='lat' dir='ltr'><strong><em>non</em></strong></span> <span class='ocrx_word' id='word_1_34' title='bbox 2685 782 2835 840; x_wconf 87' lang='lat' dir='ltr'>sunt</span> 
     </span>
     <span class='ocr_line' id='line_1_6' title="bbox 449 876 2836 961; baseline -0.002 -13"><span class='ocrx_word' id='word_1_35' title='bbox 449 881 529 948; x_wconf 69' lang='lat' dir='ltr'>ad</span> <span class='ocrx_word' id='word_1_36' title='bbox 590 898 892 946; x_wconf 78' lang='lat' dir='ltr'>manum:</span> <span class='ocrx_word' id='word_1_37' title='bbox 955 879 1155 959; x_wconf 75' lang='grc' dir='ltr'><strong><em>Φόβος</em></strong></span> <span class='ocrx_word' id='word_1_38' title='bbox 1220 880 1273 944; x_wconf 76' lang='grc' dir='ltr'><strong><em>δ’</em></strong></span> <span class='ocrx_word' id='word_1_39' title='bbox 1334 876 1401 953; x_wconf 74' lang='grc' dir='ltr'><strong><em>ἦν</em></strong></span> <span class='ocrx_word' id='word_1_40' title='bbox 1466 879 1643 960; x_wconf 75' lang='grc' dir='ltr'><strong><em>ἄλλῳ</em></strong></span> <span class='ocrx_word' id='word_1_41' title='bbox 1704 881 1925 956; x_wconf 77' lang='grc' dir='ltr'><strong><em>μὴπως</em></strong></span> <span class='ocrx_word' id='word_1_42' title='bbox 1990 880 2018 943; x_wconf 84' lang='grc' dir='ltr'>ὅ</span> <span class='ocrx_word' id='word_1_43' title='bbox 2081 881 2382 961; x_wconf 73' lang='grc' dir='ltr'><strong><em>βαςαζων</em></strong></span> <span class='ocrx_word' id='word_1_44' title='bbox 2444 881 2546 944; x_wconf 82' lang='grc' dir='ltr'><strong><em>τὸν</em></strong></span> <span class='ocrx_word' id='word_1_45' title='bbox 2606 879 2836 957; x_wconf 79' lang='grc' dir='ltr'><strong><em>κόσμον</em></strong></span> 
     </span>
     <span class='ocr_line' id='line_1_7' title="bbox 441 985 2840 1068; baseline -0 -16"><span class='ocrx_word' id='word_1_46' title='bbox 441 988 696 1059; x_wconf 73' lang='grc' dir='ltr'><strong><em>’Άτλας</em></strong></span> <span class='ocrx_word' id='word_1_47' title='bbox 759 987 1170 1062; x_wconf 71' lang='grc' dir='ltr'><strong><em>ἀποσείσὴται</em></strong></span> <span class='ocrx_word' id='word_1_48' title='bbox 1233 986 1551 1063; x_wconf 78' lang='grc' dir='ltr'><strong><em>κεκμηκὼς</em></strong></span> <span class='ocrx_word' id='word_1_49' title='bbox 1616 988 1803 1052; x_wconf 81' lang='grc' dir='ltr'><strong><em>αὐτὸν</em></strong></span> <span class='ocrx_word' id='word_1_50' title='bbox 1864 985 2048 1060; x_wconf 73' lang='grc' dir='ltr'><strong><em>οὕτως</em></strong></span> <span class='ocrx_word' id='word_1_51' title='bbox 2098 1012 2170 1051; x_wconf 88' lang='grc' dir='ltr'><strong><em>τε</em></strong></span> <span class='ocrx_word' id='word_1_52' title='bbox 2218 987 2322 1052; x_wconf 76' lang='grc' dir='ltr'><strong><em>καὶ</em></strong></span> <span class='ocrx_word' id='word_1_53' title='bbox 2371 989 2556 1059; x_wconf 83' lang='grc' dir='ltr'><strong><em>αὐτὸς</em></strong></span> <span class='ocrx_word' id='word_1_54' title='bbox 2603 1011 2840 1068; x_wconf 86' lang='grc' dir='ltr'><strong><em>συντρι-</em></strong></span> 
     </span>
     <span class='ocr_line' id='line_1_8' title="bbox 446 1092 1728 1174; baseline -0.002 -14"><span class='ocrx_word' id='word_1_55' title='bbox 446 1094 592 1173; x_wconf 73' lang='grc' dir='ltr'><strong><em>βείη</em></strong></span> <span class='ocrx_word' id='word_1_56' title='bbox 642 1094 748 1159; x_wconf 79' lang='grc' dir='ltr'><strong><em>καὶ</em></strong></span> <span class='ocrx_word' id='word_1_57' title='bbox 801 1096 968 1171; x_wconf 69' lang='grc' dir='ltr'><strong><em>ἡμᾶς</em></strong></span> <span class='ocrx_word' id='word_1_58' title='bbox 1016 1094 1183 1174; x_wconf 76' lang='grc' dir='ltr'><strong><em>αὐτῷ</em></strong></span> <span class='ocrx_word' id='word_1_59' title='bbox 1235 1092 1728 1159; x_wconf 77' lang='grc' dir='ltr'><strong><em>συναπολέσειεν.</em></strong></span> 
     </span>
    </p>
   </div>
   <div class='ocr_carea' id='block_1_3' title="bbox 446 1335 2837 1947">
    <p class='ocr_par' dir='ltr' id='par_1_4' title="bbox 446 1335 2837 1947">
     <span class='ocr_line' id='line_1_9' title="bbox 538 1335 2827 1425; baseline -0 -22"><span class='ocrx_word' id='word_1_60' title='bbox 538 1335 724 1403; x_wconf 81' lang='lat' dir='ltr'>Tom.</span> <span class='ocrx_word' id='word_1_61' title='bbox 775 1336 942 1402; x_wconf 87' lang='lat' dir='ltr'><strong>VIII.</strong></span> <span class='ocrx_word' id='word_1_62' title='bbox 1013 1357 1159 1425; x_wconf 86' lang='lat' dir='ltr'>pag.</span> <span class='ocrx_word' id='word_1_63' title='bbox 1223 1336 1376 1401; x_wconf 86' lang='grc'><strong>194.</strong></span> <span class='ocrx_word' id='word_1_64' title='bbox 1446 1335 1815 1416; x_wconf 78' lang='grc' dir='ltr'><strong><em>ἐρωτώμενος</em></strong></span> <span class='ocrx_word' id='word_1_65' title='bbox 1883 1338 1996 1403; x_wconf 79' lang='grc' dir='ltr'><strong><em>ὑπὸ</em></strong></span> <span class='ocrx_word' id='word_1_66' title='bbox 2052 1344 2168 1401; x_wconf 81' lang='grc' dir='ltr'><strong><em>τῶν</em></strong></span> <span class='ocrx_word' id='word_1_67' title='bbox 2217 1338 2437 1417; x_wconf 77' lang='grc' dir='ltr'><strong><em>ἰατρῶν</em></strong></span> <span class='ocrx_word' id='word_1_68' title='bbox 2491 1376 2569 1386; x_wconf 89' lang='lat'>-</span> <span class='ocrx_word' id='word_1_69' title='bbox 2620 1338 2827 1416; x_wconf 81' lang='grc' dir='ltr'><strong><em>λέγειν</em></strong></span> 
     </span>
     <span class='ocr_line' id='line_1_10' title="bbox 446 1439 2828 1524; baseline 0 -16"><span class='ocrx_word' id='word_1_70' title='bbox 446 1445 554 1509; x_wconf 79' lang='grc' dir='ltr'><strong><em>οὐκ</em></strong></span> <span class='ocrx_word' id='word_1_71' title='bbox 605 1440 776 1524; x_wconf 73' lang='grc' dir='ltr'><strong><em>εἶχεν</em></strong></span> <span class='ocrx_word' id='word_1_72' title='bbox 824 1444 852 1507; x_wconf 77' lang='grc' dir='ltr'><strong><em>ὅ</em></strong></span> <span class='ocrx_word' id='word_1_73' title='bbox 899 1451 1049 1515; x_wconf 78' lang='grc' dir='ltr'><strong><em>παῖς</em></strong></span> <span class='ocrx_word' id='word_1_74' title='bbox 1097 1446 1251 1509; x_wconf 69' lang='grc' dir='ltr'><strong><em>ἀλλ’</em></strong></span> <span class='ocrx_word' id='word_1_75' title='bbox 1300 1439 1519 1523; x_wconf 67' lang='grc' dir='ltr'><strong><em>ἕτερός</em></strong></span> <span class='ocrx_word' id='word_1_76' title='bbox 1565 1442 1647 1520; x_wconf 78' lang='grc' dir='ltr'><strong><em>γέ</em></strong></span> <span class='ocrx_word' id='word_1_77' title='bbox 1694 1468 1787 1515; x_wconf 89' lang='grc' dir='ltr'><strong><em>τις</em></strong></span> <span class='ocrx_word' id='word_1_78' title='bbox 1839 1444 2060 1507; x_wconf 76' lang='grc' dir='ltr'><strong><em>ἐκείνου</em></strong></span> <span class='ocrx_word' id='word_1_79' title='bbox 2110 1443 2416 1516; x_wconf 72' lang='grc' dir='ltr'><strong><em>νεανίσκος</em></strong></span> <span class='ocrx_word' id='word_1_80' title='bbox 2467 1446 2572 1509; x_wconf 81' lang='grc' dir='ltr'><strong><em>οὐκ</em></strong></span> <span class='ocrx_word' id='word_1_81' title='bbox 2621 1442 2828 1524; x_wconf 77' lang='grc' dir='ltr'><strong><em>ἄφρων</em></strong></span> 
     </span>
     <span class='ocr_line' id='line_1_11' title="bbox 452 1546 2836 1636; baseline -0 -22"><span class='ocrx_word' id='word_1_82' title='bbox 452 1588 535 1600; x_wconf 92' lang='lat'><strong><em>--</em></strong></span> <span class='ocrx_word' id='word_1_83' title='bbox 585 1551 946 1627; x_wconf 76' lang='grc' dir='ltr'><strong><em>ἑρμηνεῦσαι</em></strong></span> <span class='ocrx_word' id='word_1_84' title='bbox 993 1549 1044 1614; x_wconf 78' lang='grc' dir='ltr'><strong><em>δ’</em></strong></span> <span class='ocrx_word' id='word_1_85' title='bbox 1095 1550 1294 1629; x_wconf 76' lang='grc' dir='ltr'><strong><em>ἑτέρου</em></strong></span> <span class='ocrx_word' id='word_1_86' title='bbox 1344 1550 1747 1629; x_wconf 71' lang='grc' dir='ltr'><strong><em>δυνατώτερος</em></strong></span> <span class='ocrx_word' id='word_1_87' title='bbox 1799 1587 1881 1598; x_wconf 90' lang='lat'><strong><em>-·</em></strong></span> <span class='ocrx_word' id='word_1_88' title='bbox 1934 1546 2230 1629; x_wconf 75' lang='grc' dir='ltr'><strong><em>ἔφασκεν.</em></strong></span> <span class='ocrx_word' id='word_1_89' title='bbox 2279 1550 2627 1636; x_wconf 81' lang='lat' dir='ltr'>Interpres:</span> <span class='ocrx_word' id='word_1_90' title='bbox 2674 1553 2836 1614; x_wconf 70' lang='lat' dir='ltr'>alius</span> 
     </span>
     <span class='ocr_line' id='line_1_12' title="bbox 449 1654 2837 1742; baseline 0.002 -24"><span class='ocrx_word' id='word_1_91' title='bbox 449 1657 690 1740; x_wconf 70' lang='lat' dir='ltr'>quddam</span> <span class='ocrx_word' id='word_1_92' title='bbox 755 1657 828 1718; x_wconf 84' lang='lat' dir='ltr'>ab</span> <span class='ocrx_word' id='word_1_93' title='bbox 889 1658 996 1720; x_wconf 72' lang='lat' dir='ltr'><strong><em>hoe</em></strong></span> <span class='ocrx_word' id='word_1_94' title='bbox 1035 1658 1386 1720; x_wconf 63' lang='lat' dir='ltr'>adolescens.</span> <span class='ocrx_word' id='word_1_95' title='bbox 1480 1655 1695 1721; x_wconf 86' lang='lat' dir='ltr'>Facile</span> <span class='ocrx_word' id='word_1_96' title='bbox 1743 1654 2175 1742; x_wconf 79' lang='lat' dir='ltr'>intelligimus</span> <span class='ocrx_word' id='word_1_97' title='bbox 2221 1654 2407 1719; x_wconf 88' lang='lat' dir='ltr'>illum</span> <span class='ocrx_word' id='word_1_98' title='bbox 2455 1677 2723 1741; x_wconf 85' lang='lat' dir='ltr'>puerum</span> <span class='ocrx_word' id='word_1_99' title='bbox 2771 1663 2837 1722; x_wconf 86' lang='lat' dir='ltr'><strong><em>et</em></strong></span> 
     </span>
     <span class='ocr_line' id='line_1_13' title="bbox 454 1761 2833 1838; baseline 0.001 -13"><span class='ocrx_word' id='word_1_100' title='bbox 454 1761 623 1825; x_wconf 90' lang='lat' dir='ltr'>hunc</span> <span class='ocrx_word' id='word_1_101' title='bbox 672 1761 1132 1828; x_wconf 82' lang='lat' dir='ltr'>adolescentem</span> <span class='ocrx_word' id='word_1_102' title='bbox 1178 1784 1302 1828; x_wconf 88' lang='lat' dir='ltr'><strong><em>non</em></strong></span> <span class='ocrx_word' id='word_1_103' title='bbox 1350 1784 1548 1827; x_wconf 85' lang='lat' dir='ltr'>unum</span> <span class='ocrx_word' id='word_1_104' title='bbox 1601 1769 1666 1827; x_wconf 83' lang='lat' dir='ltr'><strong><em>et</em></strong></span> <span class='ocrx_word' id='word_1_105' title='bbox 1712 1761 1983 1827; x_wconf 87' lang='lat' dir='ltr'>eundem</span> <span class='ocrx_word' id='word_1_106' title='bbox 2030 1763 2258 1838; x_wconf 89' lang='lat' dir='ltr'>fuisse,</span> <span class='ocrx_word' id='word_1_107' title='bbox 2310 1769 2376 1825; x_wconf 87' lang='lat' dir='ltr'><strong><em>at</em></strong></span> <span class='ocrx_word' id='word_1_108' title='bbox 2418 1769 2491 1825; x_wconf 82' lang='lat' dir='ltr'>tu</span> <span class='ocrx_word' id='word_1_109' title='bbox 2531 1763 2833 1828; x_wconf 83' lang='lat' dir='ltr'>emenda:</span> 
     </span>
     <span class='ocr_line' id='line_1_14' title="bbox 447 1865 1264 1947; baseline 0 -16"><span class='ocrx_word' id='word_1_110' title='bbox 447 1865 704 1947; x_wconf 74' lang='grc' dir='ltr'><strong><em>ἕτΑΙρδς</em></strong></span> <span class='ocrx_word' id='word_1_111' title='bbox 755 1868 832 1946; x_wconf 79' lang='grc' dir='ltr'><strong><em>γέ</em></strong></span> <span class='ocrx_word' id='word_1_112' title='bbox 881 1892 974 1940; x_wconf 89' lang='grc' dir='ltr'><strong><em>τις</em></strong></span> <span class='ocrx_word' id='word_1_113' title='bbox 1023 1868 1264 1934; x_wconf 72' lang='grc' dir='ltr'><strong><em>ἐκείνου.</em></strong></span> 
     </span>
    </p>
   </div>
   <div class='ocr_carea' id='block_1_4' title="bbox 444 2107 2832 2827">
    <p class='ocr_par' dir='ltr' id='par_1_5' title="bbox 444 2107 2832 2827">
     <span class='ocr_line' id='line_1_15' title="bbox 540 2107 2829 2198; baseline 0.001 -24"><span class='ocrx_word' id='word_1_114' title='bbox 540 2107 828 2175; x_wconf 82' lang='lat' dir='ltr'>Galenus</span> <span class='ocrx_word' id='word_1_115' title='bbox 899 2107 1080 2175; x_wconf 80' lang='lat' dir='ltr'>Tom.</span> <span class='ocrx_word' id='word_1_116' title='bbox 1131 2108 1321 2174; x_wconf 83' lang='lat' dir='ltr'><strong>VIII.</strong></span> <span class='ocrx_word' id='word_1_117' title='bbox 1382 2131 1523 2198; x_wconf 82' lang='lat' dir='ltr'>pag.</span> <span class='ocrx_word' id='word_1_118' title='bbox 1594 2109 1743 2174; x_wconf 86' lang='lat'>414.</span> <span class='ocrx_word' id='word_1_119' title='bbox 1821 2109 1941 2187; x_wconf 80' lang='grc' dir='ltr'><strong><em>ἐγὼ</em></strong></span> <span class='ocrx_word' id='word_1_120' title='bbox 2004 2109 2066 2174; x_wconf 77' lang='grc' dir='ltr'><strong><em>δὲ</em></strong></span> <span class='ocrx_word' id='word_1_121' title='bbox 2131 2107 2511 2188; x_wconf 66' lang='grc' dir='ltr'><strong><em>θεασάμενος</em></strong></span> <span class='ocrx_word' id='word_1_122' title='bbox 2584 2113 2829 2184; x_wconf 72' lang='grc' dir='ltr'><strong><em>πολλὰς</em></strong></span> 
     </span>
     <span class='ocr_line' id='line_1_16' title="bbox 447 2215 2830 2296; baseline 0.001 -15"><span class='ocrx_word' id='word_1_123' title='bbox 447 2224 751 2295; x_wconf 85' lang='grc' dir='ltr'><strong><em>γυναῖκας</em></strong></span> <span class='ocrx_word' id='word_1_124' title='bbox 809 2254 891 2264; x_wconf 96' lang='grc'>-</span> <span class='ocrx_word' id='word_1_125' title='bbox 922 2253 1003 2263; x_wconf 89' lang='grc'><strong>-</strong></span> <span class='ocrx_word' id='word_1_126' title='bbox 1053 2216 1606 2296; x_wconf 78' lang='grc' dir='ltr'><strong><em>ΛΙΠΟδρανούσας</em></strong></span> <span class='ocrx_word' id='word_1_127' title='bbox 1669 2240 1739 2278; x_wconf 89' lang='grc' dir='ltr'><strong><em>τε</em></strong></span> <span class='ocrx_word' id='word_1_128' title='bbox 1788 2215 1890 2280; x_wconf 81' lang='grc' dir='ltr'><strong><em>καὶ</em></strong></span> <span class='ocrx_word' id='word_1_129' title='bbox 1938 2216 2124 2294; x_wconf 81' lang='grc' dir='ltr'><strong><em>μόγις</em></strong></span> <span class='ocrx_word' id='word_1_130' title='bbox 2172 2217 2620 2290; x_wconf 72' lang='grc' dir='ltr'><strong><em>ἀναπνεούσας.</em></strong></span> <span class='ocrx_word' id='word_1_131' title='bbox 2673 2216 2830 2283; x_wconf 82' lang='lat' dir='ltr'>Cor-</span> 
     </span>
     <span class='ocr_line' id='line_1_17' title="bbox 444 2321 2828 2410; baseline 0 -23"><span class='ocrx_word' id='word_1_132' title='bbox 444 2321 823 2410; x_wconf 87' lang='lat' dir='ltr'>rigendum:</span> <span class='ocrx_word' id='word_1_133' title='bbox 913 2321 1559 2402; x_wconf 78' lang='grc' dir='ltr'><strong><em>ὈΛΙΓΟδρανούσας.</em></strong></span> <span class='ocrx_word' id='word_1_134' title='bbox 1643 2323 2128 2401; x_wconf 75' lang='grc' dir='ltr'><strong><em>Ὀλιγοδρανέων</em></strong></span> <span class='ocrx_word' id='word_1_135' title='bbox 2213 2322 2627 2388; x_wconf 83' lang='lat' dir='ltr'>Homericum</span> <span class='ocrx_word' id='word_1_136' title='bbox 2697 2332 2828 2402; x_wconf 87' lang='lat' dir='ltr'>est,</span> 
     </span>
     <span class='ocr_line' id='line_1_18' title="bbox 445 2426 2832 2515; baseline 0 -22"><span class='ocrx_word' id='word_1_137' title='bbox 445 2430 612 2494; x_wconf 87' lang='lat' dir='ltr'>unde</span> <span class='ocrx_word' id='word_1_138' title='bbox 676 2426 934 2515; x_wconf 81' lang='lat' dir='ltr'>Tragici</span> <span class='ocrx_word' id='word_1_139' title='bbox 980 2429 1371 2507; x_wconf 74' lang='grc' dir='ltr'><strong><em>ὀλιγοδρανὴς</em></strong></span> <span class='ocrx_word' id='word_1_140' title='bbox 1421 2435 1485 2493; x_wconf 85' lang='lat' dir='ltr'><strong><em>et</em></strong></span> <span class='ocrx_word' id='word_1_141' title='bbox 1531 2428 1909 2505; x_wconf 79' lang='grc' dir='ltr'><strong><em>δλιγοδρανίνι</em></strong></span> <span class='ocrx_word' id='word_1_142' title='bbox 1960 2431 2330 2495; x_wconf 79' lang='lat' dir='ltr'>formarunt.</span> <span class='ocrx_word' id='word_1_143' title='bbox 2428 2431 2832 2509; x_wconf 76' lang='grc' dir='ltr'><strong><em>Λιποδρανεῖν</em></strong></span> 
     </span>
     <span class='ocr_line' id='line_1_19' title="bbox 444 2533 2830 2621; baseline 0 -21"><span class='ocrx_word' id='word_1_144' title='bbox 444 2539 509 2600; x_wconf 89' lang='lat' dir='ltr'><strong><em>et</em></strong></span> <span class='ocrx_word' id='word_1_145' title='bbox 569 2535 933 2613; x_wconf 76' lang='grc' dir='ltr'><strong><em>λιποδρανὴς</em></strong></span> <span class='ocrx_word' id='word_1_146' title='bbox 980 2535 1186 2600; x_wconf 89' lang='lat' dir='ltr'>obiter</span> <span class='ocrx_word' id='word_1_147' title='bbox 1234 2556 1268 2599; x_wconf 91' lang='lat' dir='ltr'>e</span> <span class='ocrx_word' id='word_1_148' title='bbox 1317 2533 1567 2599; x_wconf 82' lang='lat' dir='ltr'>Lexicis</span> <span class='ocrx_word' id='word_1_149' title='bbox 1615 2535 1964 2599; x_wconf 79' lang='lat' dir='ltr'>eximenda.</span> <span class='ocrx_word' id='word_1_150' title='bbox 2028 2535 2223 2619; x_wconf 85' lang='lat' dir='ltr'>Apud</span> <span class='ocrx_word' id='word_1_151' title='bbox 2268 2537 2612 2601; x_wconf 83' lang='lat' dir='ltr'>Aretaeum</span> <span class='ocrx_word' id='word_1_152' title='bbox 2662 2534 2830 2621; x_wconf 85' lang='lat' dir='ltr'>Cap-</span> 
     </span>
     <span class='ocr_line' id='line_1_20' title="bbox 445 2639 2829 2728; baseline 0 -22"><span class='ocrx_word' id='word_1_153' title='bbox 445 2641 746 2726; x_wconf 86' lang='lat' dir='ltr'>padocem</span> <span class='ocrx_word' id='word_1_154' title='bbox 795 2662 941 2728; x_wconf 88' lang='lat' dir='ltr'>pag.</span> <span class='ocrx_word' id='word_1_155' title='bbox 999 2639 1149 2707; x_wconf 82' lang='lat'>127.</span> <span class='ocrx_word' id='word_1_156' title='bbox 1199 2644 1262 2707; x_wconf 87' lang='lat'><strong><em>3.</em></strong></span> <span class='ocrx_word' id='word_1_157' title='bbox 1362 2641 1709 2706; x_wconf 83' lang='lat' dir='ltr'>Ermerins.</span> <span class='ocrx_word' id='word_1_158' title='bbox 1758 2639 1996 2706; x_wconf 79' lang='grc' dir='ltr'><strong><em>ἔκλυτοι</em></strong></span> <span class='ocrx_word' id='word_1_159' title='bbox 2045 2643 2538 2721; x_wconf 78' lang='grc' dir='ltr'><strong><em>λειποδρανέες</em></strong></span> <span class='ocrx_word' id='word_1_160' title='bbox 2585 2640 2829 2724; x_wconf 78' lang='grc' dir='ltr'><strong><em>ἄψυχοι</em></strong></span> 
     </span>
     <span class='ocr_line' id='line_1_21' title="bbox 444 2748 1275 2827; baseline 0 -14"><span class='ocrx_word' id='word_1_161' title='bbox 444 2748 711 2814; x_wconf 84' lang='lat' dir='ltr'>emenda</span> <span class='ocrx_word' id='word_1_162' title='bbox 758 2748 1275 2827; x_wconf 77' lang='grc' dir='ltr'><strong><em>ὀλιγοδρανέες.</em></strong></span> 
     </span>
    </p>
   </div>
   <div class='ocr_carea' id='block_1_5' title="bbox 442 2972 2831 3485">
    <p class='ocr_par' dir='ltr' id='par_1_6' title="bbox 442 2972 2831 3485">
     <span class='ocr_line' id='line_1_22' title="bbox 535 2972 2830 3062; baseline 0 -21"><span class='ocrx_word' id='word_1_163' title='bbox 535 2973 820 3041; x_wconf 81' lang='lat' dir='ltr'>Galenus</span> <span class='ocrx_word' id='word_1_164' title='bbox 890 2972 1072 3041; x_wconf 81' lang='lat' dir='ltr'>Tom.</span> <span class='ocrx_word' id='word_1_165' title='bbox 1137 2973 1306 3039; x_wconf 86' lang='lat' dir='ltr'>VIII.</span> <span class='ocrx_word' id='word_1_166' title='bbox 1380 2996 1524 3062; x_wconf 86' lang='lat' dir='ltr'>pag.</span> <span class='ocrx_word' id='word_1_167' title='bbox 1593 2974 1746 3040; x_wconf 83' lang='lat'>494.</span> <span class='ocrx_word' id='word_1_168' title='bbox 1818 2976 1957 3048; x_wconf 83' lang='grc' dir='ltr'><strong><em>τοὺς</em></strong></span> <span class='ocrx_word' id='word_1_169' title='bbox 2032 2976 2339 3049; x_wconf 75' lang='grc' dir='ltr'><strong><em>παλαιοὺς</em></strong></span> <span class='ocrx_word' id='word_1_170' title='bbox 2415 2977 2628 3049; x_wconf 75' lang='grc' dir='ltr'><strong><em>οὶπλῶς</em></strong></span> <span class='ocrx_word' id='word_1_171' title='bbox 2701 2977 2830 3046; x_wconf 78' lang='grc' dir='ltr'><strong><em>ἔςιν</em></strong></span> 
     </span>
     <span class='ocr_line' id='line_1_23' title="bbox 449 3080 2831 3163; baseline 0.002 -19"><span class='ocrx_word' id='word_1_172' title='bbox 449 3081 635 3160; x_wconf 81' lang='grc' dir='ltr'><strong><em>εὑρεῖν</em></strong></span> <span class='ocrx_word' id='word_1_173' title='bbox 701 3081 1049 3163; x_wconf 81' lang='grc' dir='ltr'><strong><em>χρωμένους</em></strong></span> <span class='ocrx_word' id='word_1_174' title='bbox 1117 3090 1242 3151; x_wconf 88' lang='grc' dir='ltr'><strong><em>τοῖς</em></strong></span> <span class='ocrx_word' id='word_1_175' title='bbox 1302 3081 1589 3157; x_wconf 83' lang='grc' dir='ltr'><strong><em>ὀνόμασιν</em></strong></span> <span class='ocrx_word' id='word_1_176' title='bbox 1654 3082 1777 3153; x_wconf 81' lang='grc' dir='ltr'><strong><em>ἑνὸς</em></strong></span> <span class='ocrx_word' id='word_1_177' title='bbox 1840 3081 2022 3158; x_wconf 80' lang='grc' dir='ltr'><strong><em>μόνου</em></strong></span> <span class='ocrx_word' id='word_1_178' title='bbox 2083 3080 2510 3162; x_wconf 72' lang='grc' dir='ltr'><strong><em>φροντίζοντας</em></strong></span> <span class='ocrx_word' id='word_1_179' title='bbox 2574 3084 2669 3147; x_wconf 71' lang='grc' dir='ltr'><strong><em>ἀεὶ</em></strong></span> <span class='ocrx_word' id='word_1_180' title='bbox 2719 3089 2831 3148; x_wconf 81' lang='grc' dir='ltr'><strong><em>τοῦ</em></strong></span> 
     </span>
     <span class='ocr_line' id='line_1_24' title="bbox 444 3184 2830 3267; baseline 0 -15"><span class='ocrx_word' id='word_1_181' title='bbox 444 3188 714 3262; x_wconf 76' lang='grc' dir='ltr'><strong><em>δηλῶσαι</em></strong></span> <span class='ocrx_word' id='word_1_182' title='bbox 779 3186 847 3251; x_wconf 84' lang='grc' dir='ltr'><strong><em>τὸ</em></strong></span> <span class='ocrx_word' id='word_1_183' title='bbox 896 3187 1243 3264; x_wconf 80' lang='grc' dir='ltr'><strong><em>νοούμενον,</em></strong></span> <span class='ocrx_word' id='word_1_184' title='bbox 1292 3188 1342 3250; x_wconf 82' lang='grc' dir='ltr'><strong><em>οἱ</em></strong></span> <span class='ocrx_word' id='word_1_185' title='bbox 1394 3188 1453 3251; x_wconf 75' lang='grc' dir='ltr'><strong><em>δὲ</em></strong></span> <span class='ocrx_word' id='word_1_186' title='bbox 1503 3184 1769 3263; x_wconf 79' lang='grc' dir='ltr'><strong><em>νεώτεροι</em></strong></span> <span class='ocrx_word' id='word_1_187' title='bbox 1818 3189 1996 3263; x_wconf 86' lang='grc' dir='ltr'><strong><em>μόνον</em></strong></span> <span class='ocrx_word' id='word_1_188' title='bbox 2044 3190 2178 3252; x_wconf 82' lang='grc' dir='ltr'><strong><em>καθ’</em></strong></span> <span class='ocrx_word' id='word_1_189' title='bbox 2226 3190 2452 3261; x_wconf 62' lang='lat' dir='ltr'><strong><em>{aed-mv</em></strong></span> <span class='ocrx_word' id='word_1_190' title='bbox 2498 3188 2830 3267; x_wconf 68' lang='grc' dir='ltr'><strong><em>συλλαβὴν</em></strong></span> 
     </span>
     <span class='ocr_line' id='line_1_25' title="bbox 443 3292 2829 3383; baseline 0.002 -27"><span class='ocrx_word' id='word_1_191' title='bbox 443 3293 824 3374; x_wconf 80' lang='grc' dir='ltr'><strong><em>σοφίζονται.</em></strong></span> <span class='ocrx_word' id='word_1_192' title='bbox 925 3293 1111 3358; x_wconf 81' lang='lat' dir='ltr'>Nihil</span> <span class='ocrx_word' id='word_1_193' title='bbox 1170 3292 1321 3358; x_wconf 89' lang='lat' dir='ltr'>huic</span> <span class='ocrx_word' id='word_1_194' title='bbox 1380 3292 1516 3358; x_wconf 89' lang='lat' dir='ltr'>loco</span> <span class='ocrx_word' id='word_1_195' title='bbox 1581 3293 1756 3357; x_wconf 83' lang='lat' dir='ltr'>deest</span> <span class='ocrx_word' id='word_1_196' title='bbox 1818 3301 2064 3378; x_wconf 84' lang='lat' dir='ltr'>praeter</span> <span class='ocrx_word' id='word_1_197' title='bbox 2126 3294 2411 3383; x_wconf 11' lang='lat' dir='ltr'>negandi*</span> <span class='ocrx_word' id='word_1_198' title='bbox 2447 3296 2829 3379; x_wconf 78' lang='lat' dir='ltr'>particulam</span> 
     </span>
     <span class='ocr_line' id='line_1_26' title="bbox 442 3398 1699 3485; baseline -0.002 -21"><span class='ocrx_word' id='word_1_199' title='bbox 442 3399 624 3477; x_wconf 82' lang='grc' dir='ltr'><strong><em>μόνον</em></strong></span> <span class='ocrx_word' id='word_1_200' title='bbox 671 3400 840 3485; x_wconf 79' lang='grc' dir='ltr'>(ΟΥ)</span> <span class='ocrx_word' id='word_1_201' title='bbox 894 3401 1029 3463; x_wconf 82' lang='grc' dir='ltr'><strong><em>καθ’</em></strong></span> <span class='ocrx_word' id='word_1_202' title='bbox 1078 3399 1303 3473; x_wconf 68' lang='grc' dir='ltr'><strong><em>ἑκάς-ἡν</em></strong></span> <span class='ocrx_word' id='word_1_203' title='bbox 1350 3398 1699 3476; x_wconf 85' lang='grc' dir='ltr'><strong><em>συλλαβὴν.</em></strong></span> 
     </span>
    </p>
   </div>
   <div class='ocr_carea' id='block_1_6' title="bbox 440 3630 2831 4143">
    <p class='ocr_par' dir='ltr' id='par_1_7' title="bbox 440 3630 2831 4143">
     <span class='ocr_line' id='line_1_27' title="bbox 529 3630 2831 3719; baseline 0.002 -24"><span class='ocrx_word' id='word_1_204' title='bbox 529 3630 717 3695; x_wconf 88' lang='lat' dir='ltr'>Tom.</span> <span class='ocrx_word' id='word_1_205' title='bbox 769 3630 951 3696; x_wconf 90' lang='lat' dir='ltr'>VIII.</span> <span class='ocrx_word' id='word_1_206' title='bbox 1000 3654 1148 3719; x_wconf 86' lang='lat' dir='ltr'>pag.</span> <span class='ocrx_word' id='word_1_207' title='bbox 1201 3631 1363 3697; x_wconf 84' lang='lat'>584:</span> <span class='ocrx_word' id='word_1_208' title='bbox 1415 3635 1597 3708; x_wconf 81' lang='grc' dir='ltr'><strong><em>ἡμεῖς</em></strong></span> <span class='ocrx_word' id='word_1_209' title='bbox 1645 3632 1758 3709; x_wconf 77' lang='grc' dir='ltr'><strong><em>μὲν</em></strong></span> <span class='ocrx_word' id='word_1_210' title='bbox 1806 3632 1933 3712; x_wconf 75' lang='grc' dir='ltr'><strong><em>γὰρ</em></strong></span> <span class='ocrx_word' id='word_1_211' title='bbox 1985 3671 2067 3681; x_wconf 93' lang='lat'><em>-</em></span> <span class='ocrx_word' id='word_1_212' title='bbox 2116 3634 2451 3699; x_wconf 80' lang='grc' dir='ltr'><strong><em>διαλέκτων</em></strong></span> <span class='ocrx_word' id='word_1_213' title='bbox 2505 3644 2831 3716; x_wconf 76' lang='grc' dir='ltr'><strong><em>χαρακτῆ-</em></strong></span> 
     </span>
     <span class='ocr_line' id='line_1_28' title="bbox 441 3735 2829 3828; baseline 0.003 -28"><span class='ocrx_word' id='word_1_214' title='bbox 441 3760 551 3819; x_wconf 88' lang='grc' dir='ltr'><strong><em>ρας</em></strong></span> <span class='ocrx_word' id='word_1_215' title='bbox 615 3736 795 3814; x_wconf 81' lang='grc' dir='ltr'><strong><em>ἴσμεν</em></strong></span> <span class='ocrx_word' id='word_1_216' title='bbox 855 3740 1164 3814; x_wconf 78' lang='grc' dir='ltr'><strong><em>πολλούς,</em></strong></span> <span class='ocrx_word' id='word_1_217' title='bbox 1214 3735 1313 3808; x_wconf 84' lang='grc' dir='ltr'><strong><em>οὓς</em></strong></span> <span class='ocrx_word' id='word_1_218' title='bbox 1361 3737 1715 3820; x_wconf 67' lang='grc' dir='ltr'><strong><em>φυλάττειν</em></strong></span> <span class='ocrx_word' id='word_1_219' title='bbox 1764 3739 2075 3828; x_wconf 41' lang='grc' dir='ltr'><strong><em>ἀξιοῦμενᾖ</em></strong></span> <span class='ocrx_word' id='word_1_220' title='bbox 2103 3737 2317 3808; x_wconf 76' lang='grc' dir='ltr'><strong><em>ἕκαςον</em></strong></span> <span class='ocrx_word' id='word_1_221' title='bbox 2366 3748 2483 3806; x_wconf 82' lang='grc' dir='ltr'><strong><em>τῶν</em></strong></span> <span class='ocrx_word' id='word_1_222' title='bbox 2531 3742 2829 3818; x_wconf 79' lang='grc' dir='ltr'><strong><em>ἑλομένων</em></strong></span> 
     </span>
     <span class='ocr_line' id='line_1_29' title="bbox 442 3831 2830 3926; baseline 0.001 -17"><span class='ocrx_word' id='word_1_223' title='bbox 442 3831 701 3909; x_wconf 79' lang='grc' dir='ltr'><strong><em>ὁντινοῦν</em></strong></span> <span class='ocrx_word' id='word_1_224' title='bbox 764 3844 831 3922; x_wconf 76' lang='grc' dir='ltr'><strong><em>ἐξ</em></strong></span> <span class='ocrx_word' id='word_1_225' title='bbox 895 3846 1115 3908; x_wconf 79' lang='grc' dir='ltr'><strong><em>αὐτῶν.</em></strong></span> <span class='ocrx_word' id='word_1_226' title='bbox 1185 3848 1361 3921; x_wconf 88' lang='grc' dir='ltr'><strong><em>ἡμεῖς</em></strong></span> <span class='ocrx_word' id='word_1_227' title='bbox 1423 3844 1538 3924; x_wconf 74' lang='grc' dir='ltr'><strong><em>μὲν</em></strong></span> <span class='ocrx_word' id='word_1_228' title='bbox 1602 3853 1713 3908; x_wconf 82' lang='lat' dir='ltr'><strong><em>OT</em></strong></span> <span class='ocrx_word' id='word_1_229' title='bbox 1721 3853 1775 3909; x_wconf 92' lang='lat' dir='ltr'>N</span> <span class='ocrx_word' id='word_1_230' title='bbox 1832 3845 2271 3926; x_wconf 61' lang='grc' dir='ltr'><strong><em>ΟΎΝὴρὴμεθα</em></strong></span> <span class='ocrx_word' id='word_1_231' title='bbox 2321 3849 2428 3921; x_wconf 65' lang='grc' dir='ltr'><strong><em>τὴν</em></strong></span> <span class='ocrx_word' id='word_1_232' title='bbox 2475 3852 2666 3922; x_wconf 69' lang='grc' dir='ltr'><strong><em>κοινὴν</em></strong></span> <span class='ocrx_word' id='word_1_233' title='bbox 2714 3874 2830 3911; x_wconf 88' lang='grc' dir='ltr'><strong><em>κα-</em></strong></span> 
     </span>
     <span class='ocr_line' id='line_1_30' title="bbox 442 3947 2828 4037; baseline 0.002 -23"><span class='ocrx_word' id='word_1_234' title='bbox 442 3950 738 4030; x_wconf 74' lang='grc' dir='ltr'><strong><em>λουμένην</em></strong></span> <span class='ocrx_word' id='word_1_235' title='bbox 801 3949 1137 4015; x_wconf 76' lang='grc' dir='ltr'><strong><em>διοὶλεκτον.</em></strong></span> <span class='ocrx_word' id='word_1_236' title='bbox 1237 3950 1446 4037; x_wconf 81' lang='lat' dir='ltr'>Lege:</span> <span class='ocrx_word' id='word_1_237' title='bbox 1512 3954 1690 4028; x_wconf 87' lang='grc' dir='ltr'><strong><em>ἡμεῖς</em></strong></span> <span class='ocrx_word' id='word_1_238' title='bbox 1754 3950 1868 4027; x_wconf 77' lang='grc' dir='ltr'><strong><em>μὲν</em></strong></span> <span class='ocrx_word' id='word_1_239' title='bbox 1930 3947 2028 4015; x_wconf 81' lang='grc' dir='ltr'><strong><em>οὖν</em></strong></span> <span class='ocrx_word' id='word_1_240' title='bbox 2093 3954 2466 4034; x_wconf 77' lang='grc' dir='ltr'><strong><em>Ἡιρὴμεθα,</em></strong></span> <span class='ocrx_word' id='word_1_241' title='bbox 2529 3956 2828 4037; x_wconf 65' lang='grc' dir='ltr'><strong><em>εἰσρίηκε.</em></strong></span> 
     </span>
     <span class='ocr_line' id='line_1_31' title="bbox 440 4054 2012 4143; baseline 0.002 -24"><span class='ocrx_word' id='word_1_242' title='bbox 440 4054 634 4123; x_wconf 89' lang='lat' dir='ltr'>Vides</span> <span class='ocrx_word' id='word_1_243' title='bbox 680 4057 847 4123; x_wconf 89' lang='lat' dir='ltr'>unde</span> <span class='ocrx_word' id='word_1_244' title='bbox 895 4057 1164 4123; x_wconf 88' lang='lat' dir='ltr'>molesta</span> <span class='ocrx_word' id='word_1_245' title='bbox 1209 4057 1590 4143; x_wconf 79' lang='lat' dir='ltr'>praepositio</span> <span class='ocrx_word' id='word_1_246' title='bbox 1638 4057 2012 4122; x_wconf 83' lang='lat' dir='ltr'>adhaeserit.</span> 
     </span>
    </p>
   </div>
   <div class='ocr_carea' id='block_1_7' title="bbox 445 4280 2829 4483">
    <p class='ocr_par' dir='ltr' id='par_1_8' title="bbox 445 4280 2829 4483">
     <span class='ocr_line' id='line_1_32' title="bbox 534 4280 2829 4369; baseline 0.005 -23"><span class='ocrx_word' id='word_1_247' title='bbox 534 4280 702 4361; x_wconf 81' lang='lat' dir='ltr'>Quid</span> <span class='ocrx_word' id='word_1_248' title='bbox 764 4283 1018 4348; x_wconf 87' lang='lat' dir='ltr'>intersit</span> <span class='ocrx_word' id='word_1_249' title='bbox 1082 4285 1251 4346; x_wconf 89' lang='lat' dir='ltr'>inter</span> <span class='ocrx_word' id='word_1_250' title='bbox 1308 4283 1516 4360; x_wconf 82' lang='grc' dir='ltr'><strong><em>λέγειν</em></strong></span> <span class='ocrx_word' id='word_1_251' title='bbox 1580 4288 1644 4347; x_wconf 90' lang='lat' dir='ltr'><strong><em>et</em></strong></span> <span class='ocrx_word' id='word_1_252' title='bbox 1691 4291 1948 4368; x_wconf 82' lang='grc' dir='ltr'><strong><em>λαλεῖν,</em></strong></span> <span class='ocrx_word' id='word_1_253' title='bbox 1997 4305 2156 4369; x_wconf 87' lang='lat' dir='ltr'>quae</span> <span class='ocrx_word' id='word_1_254' title='bbox 2205 4285 2503 4353; x_wconf 84' lang='lat' dir='ltr'>Graeculi</span> <span class='ocrx_word' id='word_1_255' title='bbox 2549 4291 2714 4355; x_wconf 85' lang='lat' dir='ltr'>inter</span> <span class='ocrx_word' id='word_1_256' title='bbox 2759 4312 2829 4358; x_wconf 90' lang='lat' dir='ltr'>se</span> 
     </span>
     <span class='ocr_line' id='line_1_33' title="bbox 445 4387 2827 4483; baseline 0.004 -31"><span class='ocrx_word' id='word_1_257' title='bbox 445 4387 822 4452; x_wconf 81' lang='lat' dir='ltr'>confundere</span> <span class='ocrx_word' id='word_1_258' title='bbox 869 4387 1111 4470; x_wconf 81' lang='lat' dir='ltr'>solent,</span> <span class='ocrx_word' id='word_1_259' title='bbox 1152 4391 1393 4471; x_wconf 86' lang='lat' dir='ltr'>optime</span> <span class='ocrx_word' id='word_1_260' title='bbox 1434 4388 1712 4454; x_wconf 83' lang='lat' dir='ltr'>declarat</span> <span class='ocrx_word' id='word_1_261' title='bbox 1753 4387 2035 4456; x_wconf 85' lang='lat' dir='ltr'>Galenus</span> <span class='ocrx_word' id='word_1_262' title='bbox 2070 4391 2256 4458; x_wconf 87' lang='lat' dir='ltr'>Tom.</span> <span class='ocrx_word' id='word_1_263' title='bbox 2287 4392 2449 4458; x_wconf 85' lang='lat' dir='ltr'>VIII.</span> <span class='ocrx_word' id='word_1_264' title='bbox 2497 4417 2640 4483; x_wconf 86' lang='lat' dir='ltr'>pag.</span> <span class='ocrx_word' id='word_1_265' title='bbox 2670 4395 2827 4462; x_wconf 74' lang='lat'>653.</span> 
     </span>
    </p>
   </div>
  </div>
 </body>
</html>
