3192 5017
1279 312 1498 360 uaros.
2450 291 2578 358 339

227 499 477 566 Cornelii
520 501 787 586 Nepotis
836 502 1005 565 vitae
1050 496 1502 565 excellentium
1549 500 1833 562 virorum
1882 500 2300 563 continentur.
2354 496 2578 563 Notati

225 614 356 670 sunt
409 627 445 671 a
500 605 844 672 Stavereno
919 604 1237 671 Vossianus
1297 606 1375 681 A,
1425 603 1499 688 B,
1546 600 1621 685 O,
1670 608 1735 669 et
1778 603 2108 667 Leidensis.
2202 603 2306 667 Ab
2354 603 2575 669 eodem

225 709 418 776 collati
462 720 610 776 sunt
656 711 765 776 sed
811 710 1215 798 negligenter
1260 711 1605 776 admodum
1654 717 1720 774 et
1757 711 2068 794 imperite.
2167 708 2312 774 Non
2349 712 2405 774 is
2444 717 2579 774 erat

224 815 610 901 Staverenus,
649 820 761 903 qui
797 816 994 883 talem
1037 838 1170 882 rem
1211 823 1381 882 recte
1420 836 1640 881 curare
1678 820 1888 899 posset
1910 815 2101 880 homo
2127 836 2330 899 neque
2355 815 2579 881 doctus

223 943 402 1007 neque
459 931 720 996 acutus,
771 926 951 989 cuius
998 925 1268 1009 ineptias
1313 920 1736 986 Ruhnkenius
1784 923 1851 985 in
1906 922 2177 1003 „doctore
2222 919 2579 986 umbratioo”

222 1026 543 1094 salsissime
606 1029 937 1114 descripsit
999 1050 1071 1094 ac
1134 1030 1292 1093 risit.
1388 1026 1648 1111 Itaque,
1693 1027 1926 1092 dixerit
1972 1025 2239 1111 aliquis,
2289 1048 2456 1092 nunc
2503 1027 2582 1092 de

221 1154 364 1199 novo
402 1134 781 1223 diligentius
827 1143 975 1200 sunt
1014 1135 1394 1201 excutiendi.
1443 1134 1708 1199 Nemini
1749 1135 2055 1198 suaserim
2098 1145 2173 1198 ut
2209 1134 2329 1199 hoc
2353 1133 2580 1199 faciat:

221 1240 367 1306 nihil
420 1244 589 1306 enim
608 1291 626 1325 ,
689 1262 941 1326 prorsus
986 1241 1152 1306 nihil
1197 1248 1560 1326 reperturus
1607 1247 1704 1304 est
1750 1239 1916 1324 quod
1964 1241 2048 1303 sit
2096 1239 2292 1304 simul
2338 1259 2580 1305 novum

221 1365 282 1410 ac
340 1347 576 1412 bonum
623 1357 685 1412 et
734 1354 998 1434 possunt
1043 1368 1262 1413 omnes
1309 1349 1445 1412 sine
1491 1345 1627 1411 ullo
1674 1345 1907 1411 damno
1949 1347 2017 1410 in
2062 1347 2282 1432 ignem
2333 1348 2580 1412 coniici.

219 1450 279 1515 Si
335 1454 484 1538 quid
545 1454 710 1518 inest
775 1455 923 1519 boni
971 1454 1142 1519 idem
1192 1455 1257 1517 in
1306 1452 1449 1518 aliis
1495 1452 1782 1517 melioris
1827 1458 2013 1517 notae
2060 1450 2214 1516 olim
2264 1458 2581 1537 repertum

219 1567 330 1632 est,
403 1565 467 1623 et
536 1560 686 1626 novi
756 1563 812 1624 si
875 1560 1030 1644 quid
1093 1559 1330 1624 habent
1390 1563 1541 1623 sunt
1601 1557 1903 1623 lectiones
1964 1559 2373 1644 nugatoriae,
2424 1579 2585 1642 quae

220 1664 484 1729 taedium
556 1686 628 1730 ac
697 1686 999 1732 nauseam
1069 1665 1345 1750 pariunt.
1443 1663 1791 1729 Ostendam
1855 1663 2074 1748 paucis
2136 1663 2446 1750 exemplis
2506 1685 2583 1728 ex

219 1789 350 1835 uno.
438 1769 782 1837 Vossianus
840 1773 917 1848 A,
968 1775 1080 1856 qui
1126 1771 1292 1835 mihi
1339 1770 1494 1836 haec
1541 1770 1843 1835 scribenti
1892 1768 1970 1834 ad
2019 1789 2282 1834 manum
2332 1776 2464 1845 est,
2515 1773 2583 1835 in

218 1878 592 1942 membranis
653 1877 1061 1943 nitidissimis
1122 1878 1555 1964 pereleganter
1617 1877 1890 1960 scriptus
1953 1881 2049 1939 est
2093 1880 2158 1939 et
2202 1875 2470 1960 picturis
2514 1879 2583 1941 in

222 1981 440 2048 litteris
488 1983 849 2049 initialibus
896 1986 1252 2050 distinctus.
1301 1981 1370 2046 In
1420 1980 1542 2047 fine
1586 1980 1861 2068 legitur:

295 2091 622 2156 Ani-omns
669 2087 991 2156 Cmucws
1039 2105 1321 2155 scmrsrr
1367 2106 1452 2153 ns
1497 2104 1709 2152 msa
1755 2085 1921 2152 lum
1968 2102 2210 2152 uoooot
2259 2104 2508 2161 Qumro.

295 2195 428 2260 Iam
483 2196 630 2262 vide
676 2215 837 2281 quae
881 2215 1048 2262 nova
1094 2195 1342 2261 afferat:
1393 2194 1587 2259 Ateio.
1638 2191 1724 2260 H.
1779 2192 1847 2257 1:
1898 2192 2185 2258 eruditus
2230 2217 2268 2256 a
2312 2194 2584 2275 Socrate,

219 2299 546 2366 Vossianus
592 2324 631 2365 a
675 2308 969 2366 socictate.

295 2409 491 2473 Aleis.
541 2407 651 2472 IX.
711 2407 778 2473 1:
832 2429 1088 2494 sperans
1133 2428 1316 2473 suam
1357 2408 1675 2473 fortunam
1713 2407 1904 2471 occuli
1941 2426 2142 2490 posse.
2177 2404 2361 2472 Voss.
2404 2408 2584 2488 oculi,

221 2515 278 2577 in
321 2513 446 2579 alio
492 2523 591 2580 est
635 2515 844 2582 occidi.

298 2619 537 2683 Datum.
589 2619 641 2684 Ι.
695 2620 767 2687 l:
819 2621 929 2705 qui
975 2623 1221 2709 regiam
1270 2623 1603 2685 momatur.
1653 2618 1836 2685 Voss·
1886 2620 2225 2686 turbantur.

298 2726 471 2791 Phoc.
535 2725 621 2792 Π.
676 2727 753 2792 4:
819 2750 891 2791 ea·
936 2727 1178 2791 consilii
1223 2728 1536 2793 sententia
1582 2724 1761 2790 Voss.
1809 2736 1867 2789 et
1914 2727 2207 2790 consimili
2250 2731 2583 2794 sent-entia·

297 2833 512 2913 Aqesa.
565 2835 610 2895 1.
667 2833 730 2896 l:
786 2856 824 2896 a
870 2823 1294 2918 xenophonte
1340 2832 1655 2897 Socratica
1707 2830 1887 2896 Voss,
1935 2836 2239 2896 sacratico.

297 2938 529 3024 Ecquis
599 2946 695 3005 est
759 2941 863 3003 cui
928 2935 1084 3003 talia
1146 2938 1280 3003 ullo
1328 2938 1517 3004 modo
1565 2935 1858 3022 prodesse
1903 2934 2209 3022 possunt?
2254 2937 2588 3005 Habemus

216 3043 416 3109 veram
480 3031 821 3111 lectionem
884 3046 988 3110 cui
1053 3047 1118 3109 in
1166 3044 1350 3109 libris
1398 3045 1739 3109 absurdam
1787 3051 1849 3118 et
1897 3043 2234 3110 ridiculam
2284 3045 2592 3110 substitu-

216 3159 339 3215 tam
423 3151 738 3217 videmus.
831 3149 1032 3235 Saepe
1115 3163 1455 3235 utramque
1536 3151 1780 3216 scribae
1864 3153 2295 3234 coniungunt,
2381 3161 2456 3215 ut
2522 3152 2590 3216 in

217 3257 426 3338 kaicr.
479 3257 602 3322 III.
643 3260 707 3320 4.
748 3258 958 3337 qenuit
1003 3255 1108 3322 vel
1156 3262 1399 3321 creavit.
1453 3257 1695 3321 Timotk.
1744 3255 1850 3320 IV.
1902 3255 1963 3321 3.
2011 3257 2442 3322 conditam-unt
2486 3257 2593 3325 vel

214 3369 621 3428 constituisset.
674 3363 921 3426 Eumen.
971 3360 1019 3425 l.
1071 3360 1145 3428 2:
1200 3363 1551 3426 commisisse
1594 3361 1700 3427 vel
1748 3364 2188 3428 commendasse.
2227 3360 2312 3427 V.
2358 3362 2420 3430 ’7.
2458 3367 2592 3428 sub-

214 3471 354 3533 sidio
419 3469 524 3535 vel
583 3473 692 3532 sub
753 3469 912 3533 divo.
1006 3467 1208 3553 Saepe
1278 3469 1521 3534 factum
1586 3477 1682 3534 est
1745 3474 1819 3533 ut
1878 3471 2075 3554 stipes
2121 3467 2339 3536 literas
2385 3469 2593 3558 figura

214 3575 444 3641 similes
506 3575 914 3641 confunderet
980 3574 1457 3641 Themistonem
1526 3576 1805 3639 scribens
1865 3595 1977 3658 pro
2037 3574 2549 3643 Themistoonem
2571 3627 2591 3662 ‚
2720 3573 2727 3578 ’

215 3679 450 3748 Neones
497 3702 611 3767 pro
658 3679 948 3747 Ne0012es
967 3730 985 3764 ‚
1035 3682 1362 3768 cnynastis
1411 3701 1523 3767 pro
1570 3683 1880 3767 Dynastis.
1975 3680 2215 3747 Consul
2260 3679 2450 3748 Cotta
2487 3704 2592 3768 ap-

214 3788 479 3870 pellatur
547 3796 709 3853 cocta
729 3837 744 3860 ‚
810 3809 921 3872 pro
986 3788 1230 3852 miscere
1294 3788 1448 3854 dant
1494 3793 1704 3850 misere
1720 3834 1736 3863 ‚
1790 3807 1903 3870 pro
1941 3788 2169 3852 saltare
2212 3790 2482 3853 salutare
2528 3796 2593 3854 et

218 3913 440 3982 magna
485 3897 667 3979 copia
713 3893 941 3958 talium
993 3914 1070 3957 ex
1120 3893 1462 3960 Codicibus
1510 3895 1767 3980 congeri
1812 3899 2041 3977 potest.

293 3999 363 4066 Si
433 4000 771 4074 Halmius,
844 4008 956 4064 aut
1019 4003 1416 4085 quicumque¹
1475 3998 1641 4064 alius
1716 4008 1858 4084 post
1919 3999 2110 4063 illum
2133 4048 2150 4083 ,
2214 4010 2587 4086 apparatum

219 4102 518 4172 Oriticum
569 4106 648 4170 ad
696 4105 1011 4190 Nepotem
1060 4107 1153 4170 ita
1201 4108 1571 4171 concinnare
1622 4105 1898 4170 voluerit
1946 4109 2019 4169 ut
2066 4105 2228 4170 hano
2277 4109 2594 4172 sentinam

220 4212 592 4298 ineptiarum
659 4219 857 4278 totam
922 4211 1292 4295 exhauriat,
1357 4220 1422 4277 et
1468 4212 1545 4277 de
1591 4214 1730 4296 ipso
1778 4208 2072 4277 Cornelio
2118 4229 2183 4277 et
2228 4212 2306 4277 de
2354 4215 2435 4277 iis
2482 4216 2596 4297 qui

223 4337 358 4382 eum
408 4322 909 4403 interpretantur
947 4325 1012 4382 et
1060 4318 1400 4383 emendant
1444 4320 1688 4403 optime
1733 4317 2103 4383 merebitur.

1865 4436 1937 4505 O.
1989 4437 2068 4504 G.
2120 4436 2414 4505 COBET.

1199 4593 1570 4603 ——-.———-
