3192 5017
544 219 676 296 184
1649 237 1864 297 Lmus

541 424 608 485 et
675 421 980 505 praetoris
1046 420 1441 508 benignitate
1508 418 1898 507 colligebant
1955 417 2239 507 legiones
2292 422 2361 485 in
2423 417 2823 486 Macedonia
2887 420 2960 482 in

541 544 776 612 magno
820 523 1102 611 periculo
1149 527 1405 591 versari.
1500 523 1699 590 Erant
1746 526 1856 608 qui
1902 525 2384 610 suspicabantur
2418 525 2760 592 Marcium
2800 544 2960 591 con-

543 631 749 697 sulem
816 651 941 697 non
1009 631 1087 697 de
1156 651 1273 697 sua
1332 631 1442 696 sed
1501 630 1578 696 de
1635 634 1891 696 senatus
1951 633 2264 697 sententia
2317 635 2408 698 sic
2457 653 2603 698 cum
2649 631 2962 697 Rhodiis

541 740 765 825 egisse.
832 738 1000 823 quod
1061 740 1203 823 quis
1262 733 1646 804 mirabitur?
1706 734 1885 801 Audi
1945 737 2311 822 Appianum
2382 737 2705 804 Macedon.
2785 735 2952 802 XV:

541 839 633 908 ὅτι
695 843 903 910 Ῥόδιοι
967 843 1252 924 πρέσβεις
1311 843 1372 914 ἐς
1432 841 1709 920 Μάρκιον
1751 839 2082 920 ἔπεμψαν·
2136 881 2219 892 -
2268 844 2298 909 ὅ
2346 842 2409 907 δὲ
2457 843 2750 922 Μάρκιος
2807 843 2960 914 τοὺς

543 949 834 1028 πρέσβεις
898 946 1135 1025 ἐδίδαξε
1196 947 1451 1018 Ῥοδίους
1508 954 1722 1011 πεῖσαι
1789 947 2170 1026 πέμψαντας
2236 949 2295 1021 ἐς
2347 950 2583 1028 Ῥώμην
2630 952 2958 1016 διαλῦσαι

542 1053 647 1120 τὸν
692 1056 964 1133 πόλεμον
1011 1055 1330 1131 Ῥωμαίοις
1374 1077 1447 1118 τε
1494 1053 1599 1117 καὶ
1648 1061 1902 1133 Περσεῖ·
1950 1055 2056 1119 καὶ
2105 1055 2312 1120 Ῥόδιοι
2361 1055 2683 1134 πυθόμενοι
2756 1054 2962 1135 μετέ-

541 1185 789 1227 πιπτον.
846 1199 928 1210 -
979 1162 1045 1225 οὐ
1108 1161 1235 1240 γὰρ
1295 1158 1537 1239 εἴκαζον
1595 1158 1741 1224 ἄνευ
1802 1161 2117 1237 Ῥωμαίων
2178 1165 2384 1226 ταῦτα
2449 1162 2741 1244 Μάρκιον
2815 1163 2958 1227 ἔπι-

543 1271 858 1343 σκῆπτειν.
955 1265 1272 1334 Continuo
1334 1266 1547 1331 addit:
1611 1264 1639 1330 ὃ
1687 1263 1742 1329 δ’
1793 1265 1914 1346 ἀφ’
1967 1267 2186 1332 ἑαυτοῦ
2228 1268 2331 1332 καὶ
2383 1267 2538 1334 τάδε
2583 1270 2697 1335 καὶ
2757 1266 2958 1347 ἔτερα

540 1375 751 1440 πολλοὶ
817 1372 932 1439 ΔΓ
981 1376 1473 1439 'ATOAMIAN
1522 1370 1846 1452 ἔπραττεν.
1941 1371 2325 1440 Versabatur
2370 1378 2543 1441 enim
2588 1375 2837 1442 consul
2883 1378 2957 1440 in

538 1501 777 1568 magno
837 1481 1204 1546 discrimine
1273 1485 1338 1545 et
1407 1481 1634 1545 anxius
1700 1482 1870 1545 curis
1932 1479 2009 1545 de
2066 1500 2221 1565 pace
2265 1481 2741 1548 reconcilianda
2795 1502 2954 1547 cum

542 1588 811 1655 Rhodiis
857 1609 1045 1676 agere
1090 1589 1327 1674 coepit,
1373 1592 1448 1652 ut
1492 1586 1658 1651 infra
1702 1585 1914 1672 palam
1964 1587 2168 1652 facere
2212 1589 2502 1654 conabor.

564 1725 568 1736 ’
632 1693 798 1762 Cum
857 1694 1070 1760 Rhodi
1130 1695 1393 1760 comitia
1450 1692 1835 1758 haberentur
1892 1692 1970 1758 de
2032 1714 2105 1759 eo
2166 1698 2389 1760 utrum
2448 1694 2654 1783 legati
2719 1695 2811 1761 de
2869 1693 2948 1759 fi-

542 1802 772 1868 niendo
820 1800 989 1867 bello
1036 1800 1115 1865 ad
1161 1821 1382 1888 regem
1429 1805 1494 1865 et
1539 1797 1813 1864 Romam
1862 1801 2273 1866 mitterentur
2316 1821 2431 1868 nec
2474 1822 2554 1866 ne
2572 1849 2590 1879 ,
2641 1804 2822 1868 vicit
2871 1822 2946 1867 ea

541 1931 720 1996 pars,
783 1910 888 1975 cui
949 1908 1194 1996 legatos
1255 1909 1435 1973 mitti
1493 1906 1788 1992 placeret.
1886 1905 2065 1971 Vicit
2125 1913 2342 1975 autem
2406 1930 2480 1975 ea
2526 1909 2724 1975 factio
2778 1928 2947 1995 quae

541 2015 849 2081 Romanis
881 2014 1109 2080 infesta
1147 2014 1477 2080 civitatem
1519 2013 1599 2079 ad
1633 2033 1854 2100 regem
1879 2013 2191 2078 trahebat.
2239 2013 2553 2101 Polybius
2577 2014 2840 2080 XXIX.
2870 2013 2945 2078 4:

539 2130 751 2187 πλεῖον
800 2120 1123 2203 ἐφάνησαν
1167 2119 1490 2199 ἰσχύοντες
1543 2120 1594 2184 οἱ
1643 2120 1727 2183 τὰ
1776 2123 1883 2183 τοῦ
1930 2117 2208 2198 Περσέως
2257 2119 2594 2199 αἱρούμενοι
2645 2129 2774 2188 τῶν
2828 2122 2941 2185 σώ-

541 2225 660 2307 ζειν
724 2224 1180 2307 σπουδαζόντων
1241 2228 1351 2301 τὴν
1414 2224 1685 2304 πατρίδα
1751 2224 1853 2289 καὶ
1915 2225 2054 2297 τοὺς
2100 2224 2337 2304 νόμους.
2432 2226 2517 2292 Et
2558 2227 2666 2292 his
2713 2229 2942 2294 verbis

538 2339 604 2399 et
670 2333 827 2399 alibi
886 2354 1363 2418 nonnumquam
1429 2331 1742 2419 Polybius
1804 2330 2081 2398 declarat
2142 2353 2337 2418 quam
2394 2338 2824 2400 temerarium
2876 2338 2939 2399 et

538 2439 937 2506 malesanum
1016 2438 1353 2504 consilium
1429 2437 1531 2503 illi
1607 2439 1890 2523 ceperint
1951 2441 2060 2522 qui
2123 2441 2214 2504 sic
2277 2441 2553 2524 patriam
2615 2446 2682 2506 et
2754 2440 2938 2527 leges

535 2546 859 2633 perditum
930 2544 1129 2611 ibant.
1225 2542 1377 2610 Sine
1442 2563 1623 2609 mora
1692 2548 1984 2609 creantur
2051 2544 2287 2632 legati:
2352 2546 2403 2612 οί
2466 2546 2532 2611 δὲ
2596 2546 2931 2626 πρυτάνεις

540 2660 937 2734 παραχρῆμα
1001 2650 1394 2732 πρεσβευτὰς
1454 2651 1808 2724 κατέςησαν
1854 2650 1993 2723 τοὺς
2042 2650 2448 2725 διαλύσοντας
2497 2652 2601 2718 τὸν
2650 2653 2934 2731 πόλεμον

539 2763 624 2836 εἷς
691 2761 805 2838 μὲν
874 2759 985 2832 τὴν
1051 2757 1299 2834 Ῥώμην
1365 2757 1706 2834 Ἀγέπολιν
1777 2758 1879 2821 καὶ
1956 2756 2424 2836 Κλεόμβροτον,
2492 2760 2635 2838 πρὸς
2698 2760 2767 2825 δὲ
2830 2759 2930 2823 τὸν

534 2867 846 2947 ςρατηγδν
892 2862 1276 2948 (Aemilium
1322 2861 1603 2927 Paulum
1652 2881 1815 2928 anno
1866 2859 2021 2948 168)
2065 2863 2172 2928 καὶ
2212 2863 2452 2943 Περσέα
2490 2865 2780 2943 Δάμωνα
2824 2863 2927 2930 καὶ

536 2973 916 3053 Νικόςρατον
979 2970 1085 3034 καὶ
1151 2969 1571 3051 Ἡγησίλοχον
1633 2968 1739 3033 καὶ
1787 2969 2103 3051 Τήλεφον.
2153 2970 2378 3037 deinde
2421 2974 2659 3039 iterum
2709 2975 2926 3040 incon-

535 3080 707 3148 sulto
754 3078 1165 3144 decreverunt
1212 3096 1360 3140 cum
1409 3072 1817 3141 Cretensibus
1862 3076 2219 3142 amicitiam
2266 3098 2565 3145 renovare
2610 3087 2922 3149 ποιοῦντες

538 3184 1007 3263 ἀναπολόγητον
1068 3184 1180 3258 τὴν
1242 3182 1577 3261 ἁμαρτίαν.
1673 3180 1814 3247 Non
1876 3185 1969 3248 ita
2015 3183 2222 3249 multo
2267 3189 2410 3269 post
2457 3184 2656 3273 legati
2703 3189 2787 3253 ab
2833 3206 2925 3251 re·

536 3295 728 3382 gibus
796 3291 1024 3356 Perseo
1094 3292 1159 3354 et
1227 3285 1462 3353 Gentio
1530 3286 1833 3352 Rhodum
1901 3295 2230 3355 venerunt.
2325 3288 2677 3376 Sperabant
2741 3311 2919 3380 reges

534 3404 803 3465 duorum
872 3394 1060 3460 simul
1120 3416 1333 3479 requam
1378 3396 1621 3459 nomine
1666 3396 1919 3459 incitari
1961 3394 2242 3461 Rhodios
2286 3400 2374 3462 ad
2415 3398 2638 3464 bellum
2679 3399 2917 3466 Roma-

536 3529 690 3571 num
727 3524 926 3592 posse.
1021 3498 1403 3565 Adiunctum
1443 3501 1749 3564 civitatem
1786 3523 1973 3588 penes
2017 3526 2206 3588 quam
2252 3527 2445 3568 unam
2490 3517 2622 3569 tum
2669 3510 2763 3572 rei
2804 3529 2913 3570 na-

536 3612 692 3678 valis
746 3609 951 3696 qlon'a
1011 3618 1159 3671 esset
1174 3653 1191 3683 ‚
1250 3628 1354 3670 nec
1401 3618 1570 3670 terra
1614 3628 1717 3671 nec
1758 3610 1929 3672 mari
1972 3631 2143 3696 spem
2189 3600 2545 3675 relicturam
2591 3611 2912 3678 Romanis.

538 3724 605 3785 et
654 3715 1093 3796 „Metrodorus
1110 3758 1127 3790 ‚
1175 3714 1287 3799 qui
1328 3734 1529 3800 nuper
1573 3713 1649 3776 ab
1695 3712 1921 3779 Rhodo
1967 3728 2230 3800 venerat,
2277 3718 2627 3782 auctoribus
2673 3718 2911 3784 Dinone

535 3838 593 3892 et
639 3824 986 3910 Polyarato
1023 3819 1415 3908 principibus
1458 3821 1724 3884 civitatis
1769 3822 1896 3884 eius
1941 3823 2298 3908 affirmabat
2345 3823 2623 3890 Rhodios
2654 3837 2910 3913 paratos

540 3935 627 3997 ad
667 3930 889 3996 bellum
932 3950 1070 3994 esse.
1120 3924 1265 3992 Liv.
1314 3923 1542 3990 XLIV.
1594 3923 1704 3990 23.
1755 3923 1796 3990 5
1847 3931 1912 3992 et
1961 3927 2068 3994 10.

629 4038 881 4103 Interea
937 4034 1207 4099 Perseus
1259 4030 1456 4098 classe
1502 4030 1619 4098 XL
1664 4030 2026 4098 lemborum
2073 4039 2138 4100 et
2184 4034 2238 4100 V
2285 4038 2583 4123 pristium
2628 4042 2697 4106 in
2747 4052 2905 4105 mare

536 4146 807 4211 deducta
848 4141 1121 4208 feliciter
1164 4160 1298 4205 rem
1345 4141 1538 4226 gerit.
1577 4138 1722 4205 Liv.
1771 4138 1996 4207 XLIV.
2048 4141 2152 4208 28.
2208 4168 2363 4233 „per
2406 4150 2477 4212 id
2500 4148 2644 4234 fere
2681 4160 2901 4238 tempus

533 4254 721 4338 leqati
764 4248 1126 4314 Macedones
1172 4246 1503 4333 Illyriique
1544 4246 1732 4311 simul
1779 4246 2074 4313 Rhodum
2122 4266 2438 4332 venerunt,
2493 4256 2711 4341 quanm
2770 4275 2896 4319 auc-

534 4359 850 4437 toritatem
908 4355 1155 4420 addidit
1212 4376 1335 4418 non
1397 4352 1736 4418 lemborum
1779 4357 1964 4420 modo
2006 4358 2301 4424 adventus
2336 4363 2583 4448 passim
2620 4385 2740 4449 per
2795 4357 2898 4445 Cy·
