3192 5017
570 288 700 356 446
1595 312 1914 363 mmmm.

567 483 703 550 ulla
752 487 1117 569 exceptione
1164 486 1229 549 in
1278 482 1515 551 talibus
1560 485 1802 551 vocalis
1848 503 2096 569 semper
2142 481 2430 555 eliditur,
2484 482 2706 547 eodem
2766 482 2959 549 modo

565 609 688 674 quo
735 593 803 654 in
850 588 1080 667 εἴποιμ’
1134 589 1248 665 ἄν,
1299 596 1361 656 et
1410 590 1751 655 similibus.

657 696 877 761 Solent
939 695 1185 763 librarii
1248 699 1314 761 in
1379 698 1678 762 omnibus
1740 696 1921 762 libris
1985 695 2273 761 elisiones
2336 694 2588 779 explere
2636 701 2702 760 et
2751 715 2958 760 emes

562 801 909 885 resolvere,
979 804 1085 867 sed
1153 806 1301 887 quia
1346 804 1413 867 id
1459 803 1706 869 incuria
1752 801 1824 866 fit
1869 808 1933 867 et
1979 821 2103 866 non
2150 802 2225 866 de
2270 801 2585 866 industria
2607 849 2622 875 ,
2673 804 2740 865 in
2772 810 2956 886 parte

566 907 848 974 locorum
899 914 1085 977 vetus
1133 911 1445 994 scriptura
1493 914 1744 974 servata
1790 901 1908 974 estss
1959 906 2068 973 Sic
2107 907 2297 972 modo
2336 909 2422 971 τὰ
2465 906 2682 984 ἀγαθαὶ
2703 954 2720 984 ,
2761 907 2954 972 modo

562 1012 824 1092 τάγαθά
890 1015 1230 1091 scribitur,
1293 1035 1460 1079 nunc
1525 1014 1713 1090 ὀλίγα
1762 1011 1970 1098 ἄττα,
2015 1034 2182 1078 nunc
2230 1012 2396 1090 ὀλίγ’
2446 1011 2656 1095 ἄττα,
2703 1010 2952 1097 aliaque

563 1121 632 1185 id
677 1141 879 1209 genus
925 1125 1249 1196 sexcenta,
1305 1140 1466 1205 quae
1515 1125 1577 1185 te
1631 1120 1911 1186 hiantem
1961 1118 2344 1204 relinquunt.

655 1336 815 1422 Pag.
846 1332 996 1401 106.
1023 1358 1086 1400 c:
1137 1333 1327 1412 ὀλίγα
1367 1334 1431 1399 δὲ
1466 1333 1660 1399 εἰπεῖν
1683 1336 1801 1398 τῶν
1827 1336 1982 1398 πᾶσι
2008 1333 2321 1411 γνωρίμων
2347 1332 2543 1414 τυχὸν
2567 1333 2673 1395 οὐκ
2699 1329 2950 1395 ἄτοπον.

655 1440 795 1506 Imo
859 1461 1007 1506 vero
1072 1439 1235 1505 πάνυ
1296 1438 1521 1504 ἄτοπον
1585 1445 1682 1504 est
1742 1459 1943 1524 pauca
2010 1438 2251 1515 dicere,
2301 1461 2453 1523 quae
2499 1438 2768 1501 omnibus
2810 1444 2948 1500 nota

565 1553 718 1630 mc,
779 1568 979 1632 quum
1046 1552 1251 1611 essent
1320 1546 1444 1610 alia
1490 1547 1706 1610 minus
1755 1548 1822 1609 in
1869 1544 2105 1631 vulgus
2155 1551 2303 1610 nota
2350 1564 2512 1627 quae
2559 1543 2762 1608 dicere
2809 1562 2949 1626 pos-

562 1659 677 1719 set.
729 1653 903 1732 Quae
951 1662 1100 1718 sunt
1144 1660 1356 1717 autem
1405 1651 1518 1717 illa
1563 1652 1649 1715 τα
1699 1655 1853 1715 πᾶσι
1904 1647 2226 1728 masma?
2293 1650 2542 1734 Nempe
2589 1670 2769 1737 reges
2814 1648 2942 1713 Ma·

563 1760 873 1825 cedonum
923 1779 1056 1824 esse
1102 1756 1459 1834 Τημενίδας
1512 1757 1618 1822 καὶ
1662 1757 2105 1839 Ἡρακλείδας,
2147 1756 2313 1841 quod
2350 1763 2597 1841 praeter
2635 1753 2938 1819 Herodoti

558 1864 826 1931 lectores
885 1885 1074 1930 nemo
1138 1863 1396 1929 sciebat.
1470 1861 1640 1943 Quid
1701 1860 1949 1927 multa?
2014 1862 2195 1927 Duae
2258 1860 2553 1926 literulae
2598 1863 2932 1946 perierunt.

567 1969 843 2056 Supple:
896 1977 1011 2035 τῶν
1059 1979 1171 2033 OT
1222 1972 1378 2033 πᾶσι
1429 1969 1767 2048 γνωρίμων.

651 2183 814 2271 Pag.
886 2183 1035 2248 114.
1086 2206 1149 2248 c:
1216 2182 1318 2247 δύο
1365 2184 1491 2262 γὰρ
1540 2181 1611 2256 δὴ
1659 2182 1811 2247 τώδε
1859 2183 1982 2247 τινὲ
2031 2183 2211 2246 πειθώ
2258 2206 2327 2246 τε
2381 2181 2485 2246 καὶ
2537 2180 2667 2246 ἰδέα
2714 2181 2929 2260 Φιλίας

565 2287 734 2370 ἔςον,
800 2286 876 2354 ὧν
943 2287 1044 2365 ἥδε
1107 2292 1250 2352 κατ’
1311 2290 1435 2354 ἴσον
1484 2289 1838 2367 ἄρυσαμένη
1890 2288 2338 2364 βουλευμάτων
2384 2312 2456 2351 τε
2506 2290 2670 2367 αὐτῷ
2717 2287 2933 2364 γέγονε

562 2395 822 2466 κοινωνὸς
892 2394 996 2457 καὶ
1061 2401 1251 2478 πρᾷον
1313 2393 1462 2459 ὄντα
1523 2396 1712 2474 Φύσει
1777 2394 1880 2458 τὸν
1942 2393 2221 2471 βασιλέα
2273 2431 2355 2442 --
2407 2395 2549 2472 πρὸς
2606 2390 2648 2458 ἃ
2694 2393 2931 2471 πέφυκε

561 2507 942 2578 παρακαλεῖ.

651 2605 1048 2672 Felicissime
1093 2606 1159 2671 in
1207 2608 1426 2691 paucis
1474 2605 1836 2671 emendatio
1873 2605 2136 2693 indigne
2176 2609 2509 2691 spernitur.
2562 2605 2734 2669 Vidit
2771 2607 2931 2669 enim

557 2712 771 2777 Bruno
842 2711 1200 2777 Friederich
1273 2712 1593 2777 Iulianum
1671 2714 2026 2797 scripsisse:
2104 2712 2204 2778 δύο
2275 2713 2400 2792 γὰρ
2470 2712 2539 2784 δὴ
2608 2710 2760 2775 τώδε
2817 2713 2932 2774 τινὲ

558 2826 785 2883 ΠΙΘΩ
841 2856 922 2866 —-
974 2819 1198 2897 φιλίας
1263 2818 1432 2900 ἔας-ον,
1493 2817 1659 2902 quod
1722 2824 1891 2883 esset
1953 2817 2222 2884 mirifice
2285 2819 2527 2883 dictum
2578 2820 2702 2881 nisi
2753 2838 2932 2880 unus·

558 2927 825 3009 quisque
886 2928 950 2988 et
1015 2921 1405 2990 Graecorum
1456 2930 1519 2989 et
1565 2932 1855 2989 nostrum
1910 2924 1989 2989 ad
2036 2924 2189 2989 haec
2236 2926 2459 2990 statim
2516 2923 2932 2989 recordaretur

555 3030 858 3097 versiculi
903 3030 1269 3095 Homerici:

921 3136 1058 3201 δοιοὶ
1108 3137 1232 3215 γάρ
1281 3160 1352 3200 τε
1399 3136 1555 3201 πΙθοι
1608 3136 2027 3201 κατακείαται
2078 3138 2137 3200 ἐν
2189 3135 2331 3207 Διὸς
2379 3135 2554 3200 οὔδει.

649 3241 1036 3327 Scrupulum
1087 3262 1340 3307 omnem
1391 3240 1623 3307 evellet
1670 3243 1837 3326 quod
1883 3245 2183 3307 continuo
2219 3245 2541 3327 sequitur:
2586 3238 2662 3306 ὧν
2691 3280 2768 3289 -
2794 3240 2925 3304 κατ’

555 3346 680 3411 ἴσον
730 3350 1282 3413 ’ΛΡἸὌΛΜΕΝΗ
1333 3348 1458 3411 κτέ.
1534 3347 1657 3412 Sed
1708 3351 2079 3435 ingeniosus
2124 3347 2400 3415 Criticus
2438 3347 2922 3413 emendationem

557 3473 681 3518 non
727 3452 1024 3538 perfecit:
1073 3460 1317 3538 reperto
1367 3455 1537 3517 enim
1582 3453 1731 3516 πίθω
1789 3452 2055 3518 delenda
2102 3460 2250 3518 sunt
2296 3454 2490 3519 verba
2527 3454 2800 3517 insiticia
2836 3453 2918 3534 [τε

557 3560 662 3621 καὶ
711 3559 897 3642 ἰδέα]
948 3579 1097 3623 nam
1147 3561 1527 3645 coniungere
1575 3560 1756 3622 πειθώ
1810 3559 2013 3644 (vr-Meo)
2065 3584 2132 3624 τε
2182 3559 2286 3623 καὶ
2336 3559 2507 3642 ἰδέα,
2554 3560 2620 3623 id
2661 3578 2801 3625 vero
2837 3564 2920 3621 est

555 3663 638 3725 τα
705 3664 1093 3738 ἀσύγκλωςα
1158 3664 1549 3742 συγκλώθειν.
1648 3663 1834 3730 Nunc
1897 3664 2159 3730 demum
2223 3664 2399 3730 locus
2461 3685 2652 3729 sanus
2711 3670 2801 3728 est
2864 3665 2921 3723 et

554 3769 838 3855 integer:
891 3767 992 3833 δύο
1042 3769 1163 3849 γὰρ
1213 3768 1283 3843 δὴ
1331 3768 1483 3833 τώδε
1530 3770 1656 3834 τινὲ
1697 3771 1846 3834 artem
1887 3771 2112 3847 Φιλίας
2158 3768 2323 3853 ἔςον,
2372 3767 2447 3835 ὦν
2489 3771 2588 3847 ἥδε
2630 3769 2769 3834 κατ’
2807 3769 2917 3831 ἴσον

554 3873 902 3951 ἀρυσαμένη
968 3874 1416 3951 βουλευμάτων
1482 3901 1551 3938 τε
1600 3878 1768 3954 αὐτῷ
1817 3878 2042 3953 γέγονε
2094 3876 2355 3947 κοινωνὸς
2408 3878 2509 3940 καὶ
2561 3882 2747 3959 πρᾷον
2790 3874 2917 3939 ὄντα

551 3977 653 4041 τὸν
716 3979 994 4055 βασιλέα
1044 4016 1128 4025 -—·
1183 3982 1325 4061 πρὸς
1376 3973 1419 4045 ἃ
1469 3980 1713 4062 πέφυκε
1766 3991 2143 4062 παρακαλεῖ.
2237 3981 2402 4049 Sunt
2449 3989 2662 4047 autem
2709 3984 2790 4045 τὼ
2830 3978 2918 4044 δύο

553 4084 703 4146 :riom
752 4084 779 4146 ὁ
830 4084 941 4157 μὲν
989 4087 1327 4163 Φρονήσεως
1355 4133 1371 4163 ,
1417 4087 1444 4150 ὅ
1496 4086 1557 4150 δὲ
1611 4087 1971 4170 πραότητος.

643 4186 905 4269 Proprie
958 4197 1176 4253 autem
1247 4192 1481 4256 dicitur
1531 4194 1599 4255 ἐκ
1650 4194 1822 4256 πίθου
1873 4195 2122 4259 ἀντλεῖν
2147 4245 2162 4271 ,
2232 4195 2300 4259 ἐκ
2347 4195 2521 4258 πίθου
2570 4193 2915 4274 ἀρύτεσθαι,

552 4312 621 4414 ἴα
681 4291 840 4352 dolio
905 4293 1177 4379 haurire,
1243 4303 1315 4360 nt
1380 4318 1524 4385 pag.
1578 4298 1729 4363 236.
1788 4319 1854 4363 c:
1906 4302 1973 4365 ἐκ
2023 4302 2187 4366 πάνυ
2237 4301 2534 4381 δαψιλοῦς
2583 4303 2918 4374 dna-mosten

554 4416 631 4455 αν
679 4394 872 4458 πίθου.
