3192 5017
1305 296 1641 361 nominos.
2535 292 2667 357 323

1101 485 1239 569 ὄφρ’
1287 484 1365 551 ἂν
1413 482 1560 565 ὕδωρ
1609 509 1678 549 τε
1728 483 1859 567 vain.

286 594 365 657 cf.
420 592 605 659 Plato
650 595 714 657 in
764 593 1049 658 Phaedro
1093 613 1240 681 pag.
1289 592 1422 659 264
1470 593 1530 655 d.

375 844 510 925 περὶ
581 842 768 926 ὕψους
845 844 1215 912 XXXVIII.
1272 845 1345 910 l:
1394 845 1434 885 ²⁸¹¹
1480 845 1520 885 ²⁸¹¹
1565 845 1606 885 ¹*
1652 870 1742 915 ςοι
1793 846 1896 911 καὶ
1959 846 2025 909 αἱ
2073 848 2404 908 τοιαῦται·
2456 843 2518 907 εἶ
2568 843 2670 920 μὴ

275 957 427 1018 τὸν
490 953 978 1035 ἐγκέφαλον
1039 954 1114 1017 ἔν
1175 960 1367 1023 ταῖς
1418 954 1807 1033 πτέρναις
1859 947 2670 1027 καταπεπατημένον

284 1065 641 1138 Φορεῖτε.

368 1163 810 1251 Snpplendum
862 1172 991 1231 est:
1043 1166 1553 1252 (καταγέλα)ςοι.

361 1411 496 1490 περὶ
566 1409 758 1492 ὕψους
827 1412 1053 1477 XLIII.
1121 1412 1189 1478 2.
1262 1433 1337 1477 ex
1399 1411 1840 1498 Theopompo:
1918 1449 2000 1461 —
2048 1412 2344 1491 χλανίδες
2405 1411 2491 1475 τὰ
2550 1411 2665 1487 μὲν

267 1517 600 1598 ἁλουργεῖς
628 1567 642 1593 ,
692 1518 778 1582 τοὶ
850 1519 913 1584 δὲ
961 1519 1447 1595 ποικιλταί,
1494 1520 1580 1583 τοὶ
1627 1517 1687 1582 δὲ
1736 1517 1977 1583 λευκαί.

357 1623 493 1689 Pro
541 1624 859 1689 ποικιλταί
903 1625 1334 1710 reponendum
1383 1624 1681 1690 ποικίλαι.

358 1866 500 1946 περὶ
550 1863 738 1944 ὕψους
788 1865 1021 1931 XLIV.
1073 1865 1150 1931 8:
1217 1866 1466 1942 οὶνοὶγκη
1532 1865 1757 1943 μηκέτι
1820 1866 1959 1937 τοὺς
2023 1865 2360 1946 ἀνθρώπους
2428 1868 2659 1931 ἈΝΑ-

264 1972 533 2049 βλέπειν
581 1972 735 2049 μηδὲ
783 1971 939 2053 πέρα
986 1973 1202 2053 Φήμης
1253 1967 1412 2037 εἶναι’
1456 1996 1594 2036 τινα
1642 1971 1845 2050 λόγον.

357 2078 663 2165 Suspicor
725 2078 1091 2166 Longinum
1157 2081 1480 2164 scripsisse
1519 2082 1749 2144 ’ΆΝΩ
1798 2077 2096 2162 βλέπειν,
2147 2084 2221 2143 ut
2266 2079 2452 2145 Plato
2499 2080 2660 2146 solet

263 2188 328 2251 in
395 2207 472 2252 ea
537 2207 604 2251 re
666 2186 878 2271 loqui,
943 2191 1017 2250 ut
1062 2188 1129 2251 in
1187 2187 1463 2250 Phaedro
1511 2206 1654 2273 pag.
1706 2184 1858 2250 249.
1908 2188 1980 2251 d:
2031 2185 2285 2262 βλέπων
2334 2185 2492 2264 ἅνω,
2540 2195 2655 2252 τῶν

265 2293 438 2358 κάτω
493 2293 557 2356 δὲ
607 2294 874 2369 ἀμελῶν.
972 2291 1214 2359 Deinde
1262 2295 1398 2358 sine
1444 2313 1623 2359 mora
1668 2297 1985 2378 receptam
2029 2293 2309 2379 oportuit
2347 2296 2650 2359 eximiam

263 2398 644 2464 Ruhnkenii
694 2403 1179 2465 correctionem:
1232 2399 1384 2477 μηδὲ
1436 2398 2002 2479 ὑςεροφημίας
2051 2395 2210 2464 εἶναί
2254 2423 2395 2464 τινα
2441 2399 2650 2479 λο’γον.

353 2646 491 2725 περὶ
567 2640 754 2725 ὕψους
821 2640 1051 2707 XLIV.
1117 2639 1191 2705 9:
1255 2643 1326 2707 τὸ
1383 2639 1438 2704 δ’
1493 2641 1560 2704 ἐκ
1615 2641 1781 2726 [τοῦ]
1834 2641 2063 2713 παντὸς
2113 2641 2438 2722 κερδαίνειν
2485 2642 2656 2708 ὠνού-

260 2754 423 2830 μεθα
473 2758 589 2825 τῆς
635 2755 876 2830 ψυχῆς.

350 2857 673 2943 Expunge
721 2854 1065 2920 molestum
1119 2853 1489 2919 articulum.
1585 2851 1963 2919 Constanter
2010 2873 2082 2919 eo
2128 2875 2313 2919 sensu
2362 2855 2656 2921 dicebant

259 2964 328 3028 ἐκ
377 2961 619 3032 παντός
668 2960 771 3026 vel
815 2959 884 3035 ἐξ
932 2956 1230 3031 ἅπαντος.

350 3072 519 3138 Post
581 3090 781 3154 pauca
845 3076 1055 3153 spreta
1103 3074 1201 3132 est
1249 3068 1494 3152 optima
1542 3066 1902 3131 emendatio
1949 3068 2017 3129 in
2066 3066 2309 3131 verbis:
2359 3069 2425 3133 αἱ
2476 3083 2656 3144 πλεο-

260 3177 453 3255 νεξίαι
534 3174 650 3241 κᾶν
721 3175 1134 3239 ε’πικΛύσειαν
1209 3181 1332 3245 τοῖς
1400 3180 1611 3244 κακοῖς
1681 3174 1789 3247 την
1855 3173 2218 3248 οἰκουμένην.
2316 3172 2471 3250 Quis
2528 3195 2653 3240 non

257 3290 487 3370 gratus
543 3303 579 3347 a
625 3279 1009 3346 Marklando
1059 3281 1329 3364 accipiat
1376 3274 1836 3343 ἐπικΛύσειανῩ

355 3525 456 3590 Ad
508 3524 877 3609 Longinum
929 3542 1076 3608 pag.
1129 3520 1260 3587 503
1310 3520 1566 3586 affertur
1612 3541 1687 3586 ex
1736 3520 2077 3587 Aristotele
2124 3526 2515 3590 octonarius:

637 3629 801 3709 ἀνδρὶ
852 3629 903 3691 δ’
955 3628 1251 3704 ὑγιαίνειν
1298 3624 1503 3704 ἄριςόν
1551 3628 1676 3695 έςιν
1723 3626 1796 3700 ὥς
1847 3626 1916 3706 γ’
1972 3630 2117 3704 ἡμῖν
2166 3627 2349 3695 δοκεῖ.

356 3737 664 3822 Suspicor
735 3735 890 3800 haec
952 3755 1086 3800 esse
1151 3734 1522 3819 Epicharmi
1593 3741 1658 3799 et
1720 3736 1810 3800 sic
1871 3733 2003 3822 legi
2065 3741 2383 3821 oportere:
2444 3733 2518 3808 ὥς
2581 3733 2651 3812 γ’

267 3852 487 3909 eMlN
542 3843 733 3929 (ἐμὶν)
784 3840 964 3905 δοκεῖ.

1917 4022 1988 4089 c.
2040 4022 2117 4089 o.
2171 3978 2469 4090 oossn'r.
