3192 5017
495 249 631 326 220
1494 272 1882 327 sornocnm.

495 451 605 535 qui
650 449 879 515 itidem
918 452 1153 535 recepit
1190 451 1493 517 Burtonis
1528 451 1982 517 correctionem
2020 446 2463 526 κελευσμάτων
2500 468 2612 534 pro
2636 444 2887 513 κελεύσ-

495 579 709 632 μασιν.
806 555 947 621 Non
994 578 1159 644 nego
1207 558 1273 620 ἐκ
1325 556 1769 631 κελευσμάτων
1814 554 1919 621 vel
1967 557 2034 620 ἐκ
2082 554 2520 634 κελευμάτων,
2567 576 2732 641 quae
2771 555 2887 619 for-

496 666 663 730 tasse
725 664 931 729 verior
992 664 1198 729 forma
1259 670 1388 748 est,
1434 664 1591 728 bene
1640 663 1804 740 dici,
1855 662 1964 727 sed
2014 661 2388 748 scrupulum
2436 662 2639 746 inficit
2689 662 2887 746 adjec-

498 770 711 838 tivum
782 768 1037 847 ἄθυμος.
1133 767 1255 836 Cui
1325 768 1489 834 nihil
1561 769 1693 854 spei
1767 769 2084 853 reliquum
2159 774 2283 845 est,
2351 769 2461 852 qui
2523 769 2713 833 rebus
2761 768 2887 831 suis

502 878 826 964 desperat,
878 878 935 943 is
983 874 1228 953 ἄθυμος
1280 876 1534 941 dicitur.
1631 874 2000 959 Speculator
2045 878 2112 938 in
2160 876 2385 964 Antig.
2434 897 2527 941 νε.
2577 872 2736 957 237,
2788 874 2888 939 cni

498 1005 870 1071 persuasum
934 990 1029 1050 est
1077 983 1146 1047 τὸ
1194 984 1280 1060 μὴ
1331 985 1548 1046 παθεῖν
1599 979 1674 1047 ἂν
1725 979 1886 1047 ἄλλο
1938 985 2100 1056 πλην
2147 982 2218 1046 τὸ
2266 982 2598 1066 μόρσιμον,
2645 983 2706 1047 is
2753 1001 2888 1047 con·

501 1095 682 1159 tinuo
751 1097 892 1178 post
954 1091 1190 1156 dicitur
1250 1087 1419 1169 ἔχειν
1481 1089 1773 1165 ἀθυμίαν.
1871 1089 1948 1153 111
2007 1087 2327 1174 Oedipode
2389 1089 2564 1177 Rege
2609 1113 2706 1156 νε.
2762 1088 2886 1155 319

501 1202 776 1267 Tiresias
843 1196 1090 1268 ἄθυμος
1161 1197 1371 1281 prodit
1439 1198 1507 1259 in
1565 1217 1848 1272 scenam,
1916 1196 1981 1259 h.
2005 1216 2059 1260 e.
2125 1196 2468 1262 secundum
2517 1195 2887 1262 Nauckium

502 1307 869 1386 missmuthiq
913 1305 1042 1367 und
1086 1310 1296 1383 εει-νομί.
1362 1301 1438 1365 Ι11
1488 1301 1709 1366 eadem
1755 1300 1972 1367 fabula
2016 1323 2114 1367 νε.
2170 1300 2300 1369 747
2347 1305 2484 1388 ipse
2533 1324 2642 1368 rex
2693 1303 2885 1373 δεινῶς

502 1412 768 1491 ἀθυμῶ,
833 1412 1079 1495 inquit,
1125 1411 1214 1486 μη
1264 1408 1517 1486 βλέπων
1566 1408 1592 1471 ὅ
1643 1407 1866 1484 μάντις
1917 1405 1972 1487 ᾖ.
2068 1408 2193 1474 Sed
2240 1409 2510 1474 minime
2555 1410 2677 1476 hoc
2727 1409 2889 1474 cadit

502 1522 569 1585 in
602 1515 990 1592 Creontem,
1042 1517 1152 1600 qui
1199 1517 1563 1580 etiamnunc
1608 1516 1887 1580 incertus
1933 1516 2151 1581 haeret
2196 1516 2362 1581 inter
2399 1537 2577 1601 spem
2615 1523 2886 1583 metum·

505 1645 646 1711 que.
695 1624 868 1710 Lege
914 1644 1065 1687 cum
1110 1622 1414 1706 Pompio:

956 1727 1095 1791 ταδ’
1144 1724 1563 1803 ὀξυθύμου
1614 1726 1912 1792 δεσπότου
1958 1726 2379 1804 κελεύσμασιν

952 1836 1234 1915 ἐδρῶμεν.
2033 1912 2038 1923 ‚

504 1943 630 2009 Hic
699 1948 796 2009 est
842 1941 1077 2013 Creon,
1126 1943 1232 2005 cui
1280 1962 1389 2025 per
1437 1947 1637 2005 totam
1685 1941 2077 2027 tragoediam
2125 1943 2294 2006 inest
2350 1940 2452 2004 καὶ
2502 1939 2885 2019 τούξύθυμον

504 2051 609 2114 καὶ
678 2051 746 2113 τὸ
810 2049 1135 2125 βασιλικὸν
1198 2046 1376 2123 λίαν,
1426 2052 1500 2110 ut
1545 2054 1693 2111 utar
1738 2047 1964 2111 iisdem
2016 2049 2226 2112 verbis
2273 2048 2504 2131 quibus
2553 2048 2887 2134 Euripides

506 2158 571 2221 in
619 2155 990 2221 Bacchabus
1038 2175 1129 2218 νε.
1184 2152 1337 2219 671.
1384 2152 1550 2217 Vide
1589 2162 1911 2237 praeterea
1947 2153 2117 2217 idem
2158 2153 2544 2239 adjectivum
2567 2158 2636 2218 in
2661 2155 2886 2219 Medea

508 2262 661 2347 319,
723 2263 791 2325 in
856 2259 1301 2324 Andromache
1364 2256 1495 2322 689
1559 2264 1624 2322 et
1693 2257 1823 2324 ‘728
1887 2268 1951 2323 et
2004 2262 2072 2324 in
2119 2259 2337 2325 Oreste
2389 2257 2583 2324 1198.
2681 2264 2884 2344 Atque

502 2390 671 2434 nunc
716 2369 911 2432 etiam
963 2364 1354 2451 intelligitur
1398 2366 1670 2428 minime
1716 2372 2085 2450 corruptum
2134 2387 2268 2431 esse
2303 2367 2596 2439 dativum
2637 2366 2883 2431 κελεύσ-

500 2498 715 2553 μασιν.
811 2472 1123 2555 Pompius
1186 2472 1336 2553 quia
1398 2476 1615 2555 postea
1687 2469 1906 2534 relicta
1975 2470 2321 2537 Academia
2383 2494 2459 2536 ex
2523 2474 2880 2538 studiorum

503 2579 818 2645 fructibus
875 2575 1040 2640 nihil
1104 2596 1251 2640 cum
1317 2575 1647 2639 doctorum
1717 2579 1999 2639 virorum
2047 2580 2302 2643 natione
2347 2580 2880 2649 communicavit.

504 2707 673 2751 nunc
737 2704 857 2772 ego
919 2684 1240 2747 occasione
1305 2683 1454 2746 data
1513 2701 1638 2746 non
1687 2683 2221 2748 committendum
2271 2688 2531 2769 putavi,
2581 2694 2656 2749 ut
2704 2690 2880 2751 acute

498 2796 831 2857 inventum
880 2789 1126 2854 lateret.

592 3001 735 3067 Non
773 3003 911 3066 heri
949 2999 1053 3066 vel
1092 2999 1326 3064 nudius
1363 3000 1593 3063 tertius
1628 3000 1804 3084 coepi
1839 3020 2135 3083 quaerere
2177 3000 2253 3066 de
2278 2998 2432 3067 Oed.
2459 3000 2611 3090 Tyr.
2643 3025 2735 3070 vs.
2763 3003 2875 3069 21:

954 3109 1023 3172 τὸ
1071 3107 1125 3170 δ’
1172 3102 1332 3170 ἄλλο
1377 3110 1577 3183 Φῦλον
1624 3103 2029 3181 ἑξεςεμμένον

959 3216 1247 3291 ὥγοραῖσι
1296 3212 1475 3275 θακεῑ
1518 3209 1661 3290 πρός
1711 3235 1782 3275 τε
1829 3211 2163 3284 Παλλάδος
2213 3214 2451 3287 διπλοῖς

957 3327 1116 3390 ναοῖς
1168 3319 1267 3381 ἐπ’
1313 3319 1596 3395 Ἰσμηνοῦ
1644 3342 1713 3381 τε
1762 3321 2121 3403 μαντείᾳ
2166 3323 2449 3402 σποδῷ.

502 3432 706 3496 Acute
764 3424 1066 3491 Reiskius
1126 3445 1239 3510 pro
1297 3425 1587 3503 ἄγοραῖσι
1638 3424 1872 3489 maluit
1917 3427 2188 3492 scribere
2236 3429 2553 3515 κλάδοισι,
2601 3432 2709 3498 sed
2758 3435 2878 3496 im-

501 3534 729 3622 primis
783 3554 886 3598 me
934 3533 1213 3598 advertit
1258 3530 1373 3597 illa
1419 3530 1692 3607 μαντεία
1739 3530 1960 3603 σποδός
1983 3581 1998 3603 ,
2049 3533 2126 3599 de
2167 3555 2291 3619 qua
2335 3538 2712 3623 interpretes
2757 3538 2876 3602 fere

502 3646 748 3717 tacent,
797 3639 953 3704 adeo
1001 3644 1075 3702 ut
1110 3645 1390 3702 metuam
1433 3659 1511 3701 ne
1550 3637 1789 3702 nodum
1830 3641 1893 3701 in
1933 3639 2134 3723 scirpo
2175 3645 2615 3724 quaesiverim.
2643 3643 2873 3709 Tamen

490 3752 681 3836 juvat
740 3767 887 3811 cum
946 3765 1097 3809 cura
1162 3743 1511 3827 declarare,
1575 3744 1728 3828 quid
1792 3766 2078 3809 censeam
2129 3746 2205 3811 de
2249 3745 2390 3812 loco
2436 3748 2579 3814 aliis
2629 3749 2876 3815 fortasse

501 3853 832 3939 expedito,
910 3850 1017 3916 sed
1086 3849 1251 3913 mihi
1320 3870 1624 3934 perquam
1690 3851 1971 3916 obscuro,
2070 3849 2467 3940 Confugiunt
2527 3877 2745 3921 omnes
2802 3851 2872 3919 ad

503 3958 925 4025 Scholiastam
991 3958 1249 4041 eiusque
1311 3953 1434 4019 fide
1496 3960 1739 4019 statur:
1797 3956 1902 4019 καὶ
1951 3957 2077 4036 γὰρ
2131 3956 2218 4026 ἔτι
2267 3961 2441 4039 παρὰ
2490 3962 2575 4042 τῷ
2625 3958 2871 4039 Ἰσμηνῷ

502 4061 892 4135 ’Λπόλλωνος
963 4061 1129 4141 ἱερόν.
1210 4060 1294 4125 διὸ
1364 4060 1520 4142 Φησὶ
1584 4062 1856 4144 μαντεία
1919 4063 2148 4145 σποδῷ.
2210 4070 2389 4130 τοῦτο
2450 4068 2512 4132 δὲ
2576 4068 2714 4133 ἀντὶ
2775 4068 2867 4130 τοῦ

501 4172 728 4251 βωμῷ,
781 4166 872 4233 ὅτι
922 4168 1021 4231 διὰ
1074 4169 1188 4233 τῶν
1239 4169 1521 4246 ε’μπύρων
1571 4169 1977 4245 ἐμαντεύοντο
2026 4173 2076 4235 οἱ
2123 4172 2333 4251 ἱερεῖς,
2377 4176 2454 4246 ὥς
2504 4176 2658 4251 Φησὶ
2710 4171 2869 4240 Φιλό-

503 4301 702 4361 χορος.
773 4274 1138 4340 Philochori
1183 4273 1394 4340 locum
1447 4296 1591 4339 cum
1641 4276 1857 4339 minus
1900 4275 2328 4364 intelligerem
2380 4280 2533 4364 quid
2579 4280 2868 4347 conferret

504 4386 584 4457 ad
647 4380 978 4468 Sophoclis
1041 4380 1558 4468 explicationem,
1623 4387 1687 4446 et
1733 4383 1889 4447 satis
1930 4380 2172 4450 confido
2219 4405 2350 4451 esse
2395 4386 2554 4453 alios
2600 4405 2866 4474 quoque,
