3192 5017
634 238 771 310 214
1470 252 1475 257 ’
1638 256 2023 315 somonam.

1087 433 1230 512 πρὸς
1276 438 1484 498 ταῦτα
1533 435 1638 498 καὶ
1690 434 1953 516 Κρέοντα
2003 436 2375 512 πεμπόντων
2424 436 2574 514 ἐμοῦ

1087 546 1339 619 μοιςῆρα
1390 539 1486 604 κεῖ
1529 564 1622 613 τις
1669 540 1862 614 ἄλλος
1912 544 1973 607 ἐν
2021 542 2198 609 πόλει
2250 541 2477 608 σθένει.

726 752 1022 818 Affirmat
1083 752 1419 819 Tecmessa
1486 774 1579 818 vs.
1634 750 1759 817 531
1834 775 1901 818 se
1969 753 2240 821 filiolum
2314 777 2348 821 e
2417 760 2618 840 patris
2684 763 2972 842 conspectu

635 863 1016 926 removisse:

1096 967 1199 1030 καὶ
1248 969 1371 1057 μὴν
1417 965 1771 1043 Φόβοισί
1815 969 1881 1045 γ’
1932 968 2119 1033 αὐτὸν
2166 966 2614 1055 ἐξερρυσοὶμην,

631 1094 781 1138 nam
844 1073 933 1138 sic
994 1073 1326 1138 Nauckius
1391 1072 1834 1138 Hermannum
1883 1083 2136 1139 secutus
2185 1082 2350 1140 recte
2398 1076 2600 1140 edidit
2646 1097 2752 1161 pro
2795 1074 2967 1151 ἐξελυ-

631 1179 861 1257 σάμην,
937 1180 1013 1243 de
1074 1200 1198 1264 qua
1254 1181 1561 1244 varietate
1621 1179 1912 1244 lectionis
1973 1179 2435 1246 Herwerdenus
2500 1181 2666 1246 dixit
2728 1182 2799 1247 ad
2843 1181 2973 1246 Oed.

632 1286 785 1373 Tyr.
834 1308 895 1370 p.
946 1284 1055 1350 87.
1105 1283 1228 1349 Sed
1277 1285 1432 1369 quid
1479 1292 1576 1350 est
1621 1284 1916 1367 φόβοισιῩ
1965 1287 2063 1351 Ad
2112 1286 2420 1373 pluralem
2465 1308 2798 1353 numerum
2821 1298 2971 1352 tuen·

635 1393 788 1457 dum
860 1398 1028 1457 certe
1096 1411 1222 1455 non
1290 1393 1443 1455 satis
1507 1398 1604 1456 est
1663 1393 1962 1476 praesidii
2021 1394 2090 1456 in
2155 1392 2304 1458 Oed.
2359 1392 2510 1479 Tyr.
2565 1392 2696 1458 585
2741 1402 2800 1460 et
2841 1393 2970 1458 917.

634 1498 1014 1585 Blaydesius
1060 1498 1288 1562 incidit
1334 1500 1398 1561 in
1448 1496 1634 1578 Φόβῳ
1682 1500 1763 1577 σῷ
1813 1500 1880 1575 γ’
1930 1497 2150 1576 αὐτόν,
2192 1500 2358 1583 quod
2395 1521 2519 1564 non
2559 1520 2790 1587 magno
2827 1520 2977 1585 opere

633 1605 896 1691 arridet,
944 1625 1142 1688 quum
1190 1605 1406 1668 minus
1449 1602 1843 1690 intelligam,
1882 1625 2185 1689 quorsum
2225 1604 2540 1690 particula
2579 1628 2658 1683 γε
2689 1606 2976 1691 pertineat.

634 1712 869 1779 Malim
918 1711 1251 1796 equidem:

1089 1817 1193 1880 καὶ
1243 1819 1364 1892 μὴν
1412 1814 1854 1897 Φοβηθεῖσ’
1903 1815 2091 1879 αὐτὸν
2140 1815 2571 1896 &Seppius-oium.

632 1925 878 1991 Deinde
923 1928 1093 1989 recte
1140 1929 1492 2008 sequuntur
1535 1922 1684 1987 illa:

997 2040 1106 2094 Ae.
1179 2030 1238 2092 ἐν
1285 2028 1480 2099 τοῖςδε
1526 2037 1653 2102 τοῖς
1702 2037 2015 2103 κακοῖσινς
2067 2030 2100 2103 ἢ
2150 2030 2216 2093 τί
2259 2051 2362 2107 μοι
2412 2029 2657 2106 λέγεις

996 2142 1124 2198 Τε.
1171 2134 1262 2211 μὴ
1308 2136 1402 2197 σοι’
1448 2158 1527 2211 γε
1576 2158 1693 2198 που
1740 2135 1985 2209 Bais-uvae
2035 2135 2308 2210 &vrticae
2361 2132 2558 2198 θάνοι.

723 2347 1041 2415 Continuo
1088 2352 1443 2432 sequuntur
1486 2347 1704 2412 Aiacis
1749 2346 1978 2411 verba:

1089 2456 1311 2532 πρέπον
1362 2478 1441 2530 γε
1487 2452 1635 2518 τᾶν
1688 2449 1755 2526 ἦν
1802 2452 2080 2528 δαίμονος
2131 2454 2358 2529 τούμοῦ
2407 2453 2565 2518 τόδε.

635 2562 709 2626 In
756 2562 930 2625 hisce
981 2561 1225 2625 edoceri
1273 2562 1458 2644 cupio
1504 2580 1540 2623 a
1586 2558 1807 2643 peritis
1844 2557 2210 2644 judicibus,
2263 2564 2512 2625 rectene
2558 2561 2776 2626 addita
2821 2562 2896 2624 sit
2933 2560 2980 2620 in

637 2667 752 2733 tali
816 2668 1129 2731 sententia
1188 2663 1497 2750 p'articula
1560 2664 1657 2728 ἄν.
1753 2663 1827 2727 In
1889 2663 2243 2749 periphrasi
2291 2663 2649 2732 Scholiasta
2696 2669 2896 2732 omisit
2936 2669 2984 2727 et

634 2775 829 2838 etiam
883 2772 1106 2836 Latine
1153 2771 1394 2855 aliquid
1441 2773 1705 2834 interest
1751 2771 1916 2833 inter
1962 2770 2200 2832 decebat
2247 2775 2310 2834 et
2356 2771 2605 2844 deceret,
2652 2774 2814 2837 inter
2846 2791 2983 2853 opor·

635 2885 793 2944 debat.
840 2885 904 2943 et
950 2876 1470 2961 oporteret,-licct
1516 2876 1583 2939 id
1630 2875 1817 2939 hodie
1855 2875 2052 2939 multi
2091 2876 2304 2939 minus
2343 2875 2729 2965 intelligant.
2784 2875 2984 2957 Quodsi

636 2992 852 3050 autem
918 2981 1231 3068 particula
1292 2981 1618 3046 videbitur
1678 2980 2098 3056 eliminanda,
2161 2980 2463 3065 proclivis
2521 2986 2840 3048 restitutio
2880 2986 2981 3045 est:

636 3090 861 3172 πρέπον
909 3114 989 3169 γε
1033 3085 1205 3167 τᾶρ’
1253 3084 1341 3161 ἦν.

725 3301 957 3366 Itidem
1006 3301 1231 3366 haereo
1278 3322 1372 3365 vs.
1424 3298 1582 3365 ¹700:

1179 3403 1446 3486 φάνηθ’,
1493 3402 1535 3468 ὦ
1584 3403 1742 3469 θεῶν
1788 3408 2058 3484 χοροποΓ
2107 3405 2302 3485 ἄναξ,

1176 3507 1335 3584 ὅπως
1385 3534 1486 3588 μοι
1536 3511 1747 3576 Nucem
1795 3509 2009 3576 Kvaict'
2058 3513 2371 3594 δωρήματ’

1176 3617 1453 3691 αὖτοδοιῆ
1501 3617 1684 3694 ξυνὼν
1733 3617 2014 3699 idibus,

629 3731 743 3795 ubi
788 3723 1154 3793 Dindorfius
1200 3730 1264 3789 et
1308 3722 1642 3789 Nauckius
1687 3723 1781 3788 ita
1825 3725 2159 3790 ediderunt
2206 3724 2418 3809 ἶάψῃς,
2466 3740 2618 3790 cum
2660 3725 2827 3793 solus
2849 3725 2977 3790 Lin-

629 3835 909 3902 woodius
980 3832 1341 3896 Mediceum
1412 3828 1712 3895 Codicem
1777 3838 2033 3896 secutus
2105 3831 2391 3914 ῐάψεις
2461 3834 2800 3918 scripserit.
2887 3829 2981 3895 Est

627 3942 883 4028 quidem
932 3939 999 4002 iu
1046 3935 1282 4001 talibus
1330 3937 1564 4022 exigua
1614 3935 1766 4000 fides
1815 3940 2010 4002 etiam
2062 3940 2455 4022 optimorum
2505 3936 2848 4014 Codicum,
2892 3933 2980 4001 sed

624 4070 749 4113 non
807 4045 1118 4132 perspicio
1181 4063 1293 4106 our
1351 4041 1456 4106 hic
1504 4042 1834 4107 recedatur
1879 4045 1958 4107 ab
2006 4064 2078 4108 ea
2123 4043 2424 4117 lectione,
2474 4066 2637 4130 quae
2683 4049 2749 4109 in
2795 4043 2981 4110 arche-

623 4163 779 4241 typo
825 4159 943 4218 est.
1038 4150 1256 4220 Ὅπως
1306 4169 1453 4212 cum
1503 4148 1720 4213 futuro
1769 4151 1923 4214 satis
1969 4155 2192 4214 notum
2244 4158 2369 4227 est,
2409 4152 2508 4215 uti
2552 4152 2836 4217 arbitror.
2875 4146 2980 4229 01„

623 4263 679 4327 si
726 4260 889 4324 tanti
935 4262 1062 4333 est,
1114 4254 1265 4319 Oed.
1316 4252 1465 4341 Tyr.
1523 4253 1698 4321 1075
1748 4261 1812 4319 et
1861 4254 2088 4321 Trach.
2138 4255 2290 4321 605.
