3192 5017
556 286 690 353 298
1560 305 1930 355 ennomus.

649 476 756 540 94.
821 475 1022 560 itaque
1067 498 1142 539 ne
1177 483 1355 557 putee
1400 483 1458 539 le
1503 483 1590 540 tot
1635 479 1810 540 verba
1846 480 2220 562 perdidisse,
2268 490 2591 546 amatorem
2636 485 2919 548 invenisti.

555 605 655 663 eqo
717 582 927 645 laudea
989 591 1124 644 tuae
1180 582 1540 645 carminibus·
1585 583 1852 665 implebo.
1905 622 1985 633 -
2037 584 2457 652 Scribendum
2510 597 2612 654 est
2656 592 2927 673 ampliabo

552 694 597 754 i.
646 710 699 754 e.
749 687 1084 753 illustrabo
1098 708 1115 765 3
1166 689 1245 754 cf.
1301 686 1517 768 Quint.
1570 688 1739 754 VIII.
1796 690 1859 754 4.
1908 690 2029 769 2o;
2081 692 2370 759 Martial.
2413 693 2587 761 VIII.
2635 696 2745 761 66.

649 914 759 980 98.
819 917 1050 980 utinam
1109 939 1200 980 me
1259 915 1446 979 eolwm
1509 916 1788 979 inimicus
1830 918 1987 998 iqui-5
2029 920 2302 984 hauriret
2347 932 2455 985 aut
2499 923 2810 989 hibernam
2853 927 2931 987 in-

558 1024 801 1087 vaderet
846 1044 1025 1086 mare.
1079 1059 1161 1070 —
1210 1020 1478 1107 Scripsit
1527 1021 1865 1088 Petronius
1900 1024 2195 1110 salominis
2240 1028 2420 1108 iqnis.

655 1252 805 1317 102.
876 1274 983 1316 nee
1051 1274 1151 1333 eyo
1219 1252 1286 1315 in
1349 1253 1456 1315 hoe
1502 1250 1841 1335 perieulum
1900 1250 2228 1332 Eumolpon
2289 1275 2534 1318 arcessa.
2603 1258 2759 1341 quid
2799 1257 2935 1321 enin

559 1363 776 1426 attinet
847 1366 1206 1424 innocentem
1277 1359 1473 1422 alieno
1540 1357 1805 1439 periculo
1876 1356 2210 1439 impendere
2220 1358 2257 1421 ἶ
2324 1397 2403 1408 —
2472 1360 2554 1426 V.
2618 1363 2939 1448 impendere

561 1467 884 1532 Iacobsius
938 1465 1326 1552 excogitavit
1345 1483 1360 1541 ;
1412 1462 1564 1528 libri
1611 1463 1846 1529 habent
1891 1464 2214 1547 imponere3
2272 1486 2420 1531 vera
2465 1465 2660 1533 lectio
2702 1469 2939 1536 videtur

562 1594 865 1657 exponere.

661 1802 804 1866 111.
857 1788 936 1863 ἀί
991 1798 1108 1861 illa
1165 1802 1364 1877 iqnota
1427 1796 1824 1860 consolatione
1873 1819 2156 1880 pereussa
2217 1799 2499 1864 laceravit
2561 1802 2941 1866 vehementiae

554 1916 758 1991 peetus
807 1916 1124 1990 ruptosque
1167 1902 1362 1966 crines
1408 1925 1584 1984 super
1622 1909 1833 1986 peetus
1877 1904 2129 1967 iacentis
2174 1906 2468 1989 imposuit.
2526 1946 2609 1953 -
2661 1907 2736 1972 Si
2783 1907 2940 1971 mili·

560 2017 644 2079 tis
708 2012 1132 2079 consolatione
1190 2028 1482 2094 percussa.
1528 2015 1692 2074 esset
1734 2007 2120 2075 muliercula
2144 2060 2162 2094 ,
2210 2032 2248 2077 a
2298 2011 2554 2097 planctu
2603 2016 2939 2080 immodico
3088 2022 3089 2083 1

561 2123 697 2186 sine
731 2119 925 2183 dubio
963 2117 1400 2187 abstinuisset;
1433 2122 1499 2179 at
1538 2114 2030 2181 consolationem
2072 2115 2254 2181 illam
2285 2125 2588 2203 tanquam
2615 2121 2938 2187 molestam
3088 2102 3089 2153 ¹

561 2229 684 2291 sibi
747 2232 812 2290 et
877 2226 1148 2288 invisam
1211 2228 1542 2305 aspernata
1599 2234 1695 2285 est
1742 2229 1805 2285 et
1852 2221 2249 2307 repudiavit,
2298 2227 2719 2310 quamobrem
2771 2227 2941 2292 corri-

560 2332 844 2421 gendum
895 2331 1014 2395 erit
1062 2330 1307 2408 inqrata
1351 2327 1751 2391 consolatione
1797 2329 2050 2411 repulsa.

654 2559 804 2625 112.
867 2568 1118 2622 ceterum
1184 2556 1353 2618 scitis
1370 2603 1389 2638 ,
1452 2554 1605 2640 quid
1649 2555 1999 2640 plerumque
2057 2557 2244 2619 soleat
2303 2564 2589 2640 temptare
2634 2560 2937 2624 humanam

554 2668 905 2733 satietatem.
936 2702 1016 2711 —
1045 2661 1340 2728 Satietati
1388 2660 1641 2726 nullum
1690 2660 1795 2724 hic
1835 2659 2045 2726 locum
2084 2662 2293 2728 video.
2343 2661 2568 2743 Seius,
2614 2667 2711 2731 ait
2742 2686 2938 2731 narra-

558 2784 693 2851 tor,
741 2772 893 2858 quid
940 2770 1315 2856 plerumque
1360 2768 1694 2832 hominum
1744 2770 2163 2833 constantiam
2212 2768 2582 2847 labefactet,
2633 2792 2865 2858 eosque
2908 2792 2939 2835 a

559 2880 741 2946 firmo
788 2878 1109 2963 proposito
1155 2880 1442 2946 revocet;
1494 2872 1903 2958 quamobrem
1955 2875 2201 2961 corrige
2243 2876 2657 2940 stabilitatem.

653 3123 803 3190 113.
866 3126 995 3185 rien
1056 3138 1327 3202 excepere
1362 3117 1655 3200 fabulam
1718 3128 1940 3182 nautae
2001 3123 2367 3184 erubescente
2412 3141 2533 3184 aon
2577 3123 2938 3187 mediocriter

561 3232 906 3317 Tryphaena
941 3228 1278 3309 vultumque
1311 3245 1481 3286 suum
1510 3245 1688 3306 saper
1722 3230 1995 3288 cervicem
2039 3224 2283 3288 Gitonis
2307 3227 2648 3291 amabiliter
2660 3236 2931 3310 pomie.

561 3374 642 3387 -
694 3334 912 3419 Inepte
949 3331 1193 3418 legitur
1231 3351 1406 3413 saper
1444 3335 1739 3393 cervicem.
1812 3329 2036 3395 Potius
2072 3330 2447 3397 crediderim
2491 3332 2931 3400 mulierculam

556 3443 821 3508 lascivia
900 3438 1334 3503 luxuriantem
1405 3433 1661 3501 vultum
1738 3456 1808 3499 ru
1822 3437 1965 3501 bore
2035 3435 2348 3502 suffusum
2418 3461 2596 3522 super
2660 3446 2929 3519 ,qr-emisa

557 3548 892 3615 bellissimi
935 3545 1220 3629 pusionis
1276 3542 1578 3627 posuisse.

653 3784 804 3848 115.
875 3789 932 3846 et
997 3779 1237 3843 Licham
1298 3778 1530 3862 quidem
1591 3800 1769 3858 royac
1816 3777 2078 3841 inimicis
2124 3779 2380 3843 collatus
2426 3781 2703 3844 manibus
2747 3780 2930 3845 adole·

555 3895 677 3958 bat.
726 3928 807 3938 —
858 3888 984 3952 Pro
1048 3886 1355 3957 adolebat,
1417 3884 1585 3968 quod
1648 3886 1715 3949 in
1777 3883 2102 3951 sacrificiis
2162 3887 2494 3971 proprium
2559 3886 2926 3953 vocabulum

558 4004 690 4081 est,
747 3995 996 4080 requiro
1060 3991 1362 4067 abolebat,
1426 4010 1549 4074 quo
1597 3991 1790 4056 verbo
1836 3992 1902 4055 in
1953 3990 2172 4056 eadem
2221 4012 2287 4056 re
2336 3991 2601 4058 Tacitus
2651 4015 2801 4059 usus
2845 3998 2927 4056 est

558 4104 730 4171 Ann.
778 4098 949 4166 XVI.
1001 4099 1041 4164 6
1089 4120 1297 4182 eorpus
1344 4120 1459 4161 non
1509 4103 1638 4179 iqui
1679 4098 1981 4163 abolitum.
2031 4097 2297 4183 Saepius
2339 4100 2579 4163 adolere
2616 4110 2680 4166 et
2714 4100 2928 4164 abolem

557 4234 594 4278 a
650 4209 929 4276 librariis
989 4210 1158 4273 inter
1217 4225 1284 4270 se
1342 4203 1604 4269 confusa
1660 4212 1841 4282 sunt;
1903 4207 1993 4270 sic
2042 4205 2210 4290 apud
2257 4203 2446 4270 Ovid.
2494 4205 2657 4271 Met.
2705 4206 2757 4272 Ι.
2804 4201 2923 4269 492

552 4315 895 4404 legendum
964 4323 1063 4379 est
1120 4318 1298 4395 atque
1354 4310 1510 4374 leves
1569 4311 1829 4391 stipulae
1887 4312 2133 4394 demptis
2178 4311 2489 4376 abolentur
2534 4313 2766 4395 arietis,
2812 4330 2919 4376 non

556 4424 889 4504 adocenaor,
953 4417 1119 4503 quod
1183 4416 1330 4481 libri
1380 4416 1633 4481 habent.
1731 4416 1971 4482 Eodem
2016 4416 2243 4484 mendo
2291 4417 2536 4483 laborat
2583 4415 2921 4484 Columella
