3192 5017
511 241 600 318 74
1582 259 1823 319 eonor.

508 437 795 506 Verbum
864 439 1156 522 δανείζειν
1224 459 1351 505 non
1418 446 1766 526 usurpatur
1824 443 1952 507 nisi
2010 442 2091 507 de
2150 446 2420 528 pecunia
2480 461 2643 528 quae
2688 439 2899 508 fenori

508 545 732 624 datur3
782 552 1045 610 manum
1090 546 1239 610 dare
1283 550 1380 611 est
1425 545 1749 631 κιχράναι,
1796 554 1874 612 ut
1917 549 1986 613 in
2032 547 2148 615 sslo

870 659 1098 733 χρῆσον
1142 651 1220 717 σὺ
1267 649 1540 732 pedm-pov
1558 700 1577 731 ,
1628 654 1679 717 εἰ
1729 652 1793 718 δὲ
1839 654 2100 733 βούλει,
2151 655 2466 737 κάρδοπον.

508 759 889 826 Emendatio
936 764 1033 824 est
1080 758 1402 844 perfacilis
1446 765 1511 825 et
1557 765 1766 825 certa:

967 865 1170 945 ὑδρίαν
1218 864 1624 946 διανίζειν
1674 867 2014 947 πεντέχουν
2064 870 2098 945 ἢ
2147 867 2422 950 μείζονα.

508 972 609 1065 Ad
677 972 858 1039 verbi
926 991 1119 1037 usum
1177 971 1255 1037 cf.
1316 968 1538 1037 Grates
1601 972 1673 1037 11
1729 971 1884 1051 237,
1938 975 1998 1059 l,
2049 973 2109 1040 7.
2176 973 2413 1041 Eubul.
2464 973 2572 1039 111
2618 971 2778 1057 220,
2824 971 2897 1038 2.

508 1078 774 1146 Demox.
821 1077 921 1143 IV
971 1076 1125 1156 531,
1169 1077 1257 1142 44
1306 1076 1577 1164 (Mein).

599 1292 1080 1357 Amsrorsmus
1123 1290 1197 1355 fr.
1255 1287 1387 1353 164

781 1399 1104 1478 Φήμαις
1152 1390 1284 1461 οὖν
1329 1395 1451 1473 ἐγὼ
1497 1395 1735 1475 βροτῶν
1781 1394 2080 1469 ἅπαντας
2129 1399 2618 1471 ἐκλαπῆναι.

510 1503 799 1569 Kockius
859 1504 952 1568 ait
1013 1501 1437 1567 narrationem
1483 1502 1767 1568 similem
1815 1523 1948 1569 esse
1992 1504 2198 1574 videri
2243 1505 2382 1571 eius
2427 1524 2589 1589 quae
2633 1505 2702 1568 in
2750 1500 2903 1567 Pla-

510 1611 680 1675 tonis
745 1608 1087 1696 Symposio
1157 1609 1467 1674 tribuitur
1535 1608 1975 1694 Aristophani.
2068 1609 2161 1676 At
2221 1610 2515 1676 funditus
2578 1610 2902 1675 diversam

389 1797 399 1808 .
510 1715 705 1782 tuisse
766 1716 951 1782 docet
1006 1716 1274 1782 verbum
1341 1714 1691 1789 ἐκλαπῆναι
1709 1763 1725 1792 ,
1786 1716 1954 1782 unde
2011 1718 2254 1801 primos
2298 1717 2588 1782 homines
2633 1735 2713 1781 ex
2758 1714 2906 1781 ovis

509 1823 817 1909 prodiisse
878 1829 1134 1888 auctore
1194 1827 1380 1907 poeta
1442 1827 1723 1914 apparet.
1817 1822 1962 1889 Non
2034 1824 2249 1909 inepte
2309 1825 2517 1910 igitur
2584 1821 2902 1888 Bothius:
2940 1877 2945 1881 .

783 1930 1012 2011 Φήμη
1064 1930 1156 1997 ’ςι
1177 1953 1207 1993 ν
1252 1927 1324 2007 ἐξ
1369 1926 1491 2008 ᾧῶν
1538 1927 1793 2007 βροτοὺς
1843 1925 2136 2004 ἅπαντας
2185 1930 2555 2007 δκλαπῆναι.

509 2035 633 2103 Sed
677 2034 902 2102 malim
951 2036 1190 2121 partim
1237 2054 1383 2100 cum
1434 2029 1710 2101 Cobeto:

693 2143 894 2224 φήμ’
945 2135 1075 2206 οὖν
1123 2141 1245 2219 ἐγὼ
1293 2137 1417 2228 <Ἐ
1462 2138 1649 2223 dim>
1694 2139 1952 2222 βροτοὺς
1997 2138 2294 2215 ἅπαντας
2342 2142 2719 2218 luzan-Eum.

598 2355 1083 2423 Ants‘rornmm
1130 2352 1207 2420 fr.
1260 2350 1410 2432 320,
1467 2349 1550 2417 15

1754 2454 1931 2523 ἄλλα
1979 2458 2194 2525 πολλά
2238 2456 2303 2524 θ’
2354 2455 2430 2524 ὧν

1049 2565 1171 2633 οὐδ’
1220 2564 1299 2631 ἂν
1347 2564 1550 2642 λέγων
1599 2564 1833 2643 λέξαις.

504 2675 794 2744 Kockius
832 2673 1091 2760 explens

777 2781 902 2847 οὐδ’
944 2779 1023 2845 ἂν
1073 2776 1276 2856 λέγων
1324 2776 1786 2855 <τώνόματα>
1833 2776 2044 2853 λέξαις
2095 2779 2605 2856 <son-noto>

504 2892 794 2977 peccavit
853 2894 1073 2953 contra
1132 2903 1489 2950 sermonem
1554 2885 1943 2948 comicorum
1961 2929 1980 2960 ,
2046 2885 2157 2968 qui
2216 2904 2570 2970 numquam
2620 2886 2895 2954 εὐπετῶς

507 3002 648 3083 (nee
694 2995 814 3061 hoc
859 3014 1048 3059 sensu
1094 2993 1385 3072 εὐχερῶς)
1408 3039 1425 3067 ,
1476 2990 1586 3055 sed
1626 2994 1986 3056 constanter
2019 2990 2233 3074 ῥαδίως
2274 2990 2592 3058 dixerunt.
2643 2989 2897 3056 Verum

503 3102 812 3169 sermonis
856 3100 1311 3186 proprietatem
1356 3116 1585 3182 parum
1633 3117 1854 3163 curare
1897 3096 2061 3163 solet
2100 3097 2326 3175 editor,
2370 3100 2483 3181 qui
2521 3097 2893 3163 Pherecrati

503 3211 582 3276 fr.
649 3206 804 3284 143,
872 3207 911 3272 5
972 3224 1086 3292 pro
1145 3201 1388 3275 λεπτάς
1448 3202 1630 3268 reddi
1675 3205 1864 3268 iussit
1908 3202 2164 3288 λευρῶς,
2214 3207 2277 3268 in
2330 3203 2757 3289 Aristophane
2803 3204 2885 3269 fr.

506 3315 639 3382 640
701 3311 1102 3380 tolerandum
1163 3315 1349 3396 putat
1402 3308 1785 3389 ἑξαχοίνικον
1830 3330 1944 3396 pro
1992 3309 2347 3391 ἑκχοίνικον,
2399 3309 2567 3397 apud
2612 3311 2889 3376 eundem

504 3425 585 3490 fr.
640 3418 775 3487 898
821 3420 1089 3486 retinuit
1133 3416 1408 3482 formam
1448 3419 1796 3501 pessimam
1840 3414 2048 3499 ἔφλων
2096 3437 2210 3503 pro
2257 3417 2499 3499 ὀφλών,
2549 3416 2677 3484 alia
2723 3438 2892 3503 quae

502 3530 735 3604 referre
778 3525 1015 3592 taedet.
1135 3563 1142 3568 ·

595 3735 1083 3804 Amsrormms
1131 3730 1209 3798 fr.
1255 3729 1411 3812 488,
1467 3732 1570 3798 12.

957 3839 1062 3905 καὶ
1117 3836 1352 3916 θύομεν
1397 3841 1639 3906 αὑτοῖσι
1686 3848 1862 3915 τοῖς
1910 3839 2478 3918 ἔναγίσμασιν

960 3944 1159 4026 ὥσπερ
1207 3942 1404 4011 θεοῖσι
1452 3947 1583 4014 xri.

501 4060 729 4130 Editor
776 4054 1056 4134 „ab-roret
1102 4060 1230 4124 τοῖς
1278 4054 1694 4131 ἑναγίσμασιν
1743 4054 2081 4121 manifesto
2127 4059 2421 4141 corrupta
2467 4062 2617 4121 sunt
2631 4105 2647 4130 .
2689 4057 2895 4142 siqui-

507 4168 694 4248 „dem
755 4160 1074 4240 ἐνάγισμα
1137 4161 1370 4225 Atticis
1417 4159 1831 4245 scriptoribus
1876 4161 2171 4248 ignotum
2218 4169 2314 4228 est
2360 4168 2426 4228 et
2468 4165 2707 4229 αὐτοῖσι
2756 4172 2891 4236 τοῖς

509 4269 1133 4361 „interpretationem
1172 4288 1298 4334 non
1335 4267 1528 4334 habet
1571 4266 1886 4333 idoneam.
1938 4304 2021 4317 —
2069 4267 2216 4336 Non
2263 4269 2489 4337 dubito
2533 4271 2689 4355 quin
2735 4273 2895 4337 scri-

507 4378 827 4463 „bendum
873 4379 989 4443 sit:
