3192 5017
561 279 648 348 88
1635 297 1875 352 comet.

651 470 807 556 Lys.
859 467 988 536 127
1019 476 1026 484 ’

964 575 1029 640 τί
1073 577 1235 656 χρὼς
1283 576 1669 656 τέτρακα-τοοκ
1715 580 1780 642 τί
1826 576 2077 657 δάκρυον
2126 577 2533 656 wulfinum

556 682 895 749 Parodiam
959 685 1204 767 epicam
1268 703 1461 769 quam
1527 684 1839 770 tragicam
1905 704 2129 749 vocare
2192 683 2424 748 maluit
2473 684 2947 749 Bakhuizenius

556 809 738 853 meus
808 787 876 851 in
941 787 1289 854 utilissimo
1352 789 1515 854 libro
1578 790 1653 852 de
1700 790 1967 872 par-odia
2029 790 2094 852 in
2142 790 2451 852 comoediis
2496 790 2943 871 Aristophanis.

559 893 741 974 Quod
790 894 944 978 quid
991 893 1114 958 sibi
1161 894 1322 959 velit
1366 897 1434 958 in
1480 894 1600 959 hoc
1646 897 1838 959 metri
1885 916 2115 981 genere
2154 915 2277 960 non
2324 895 2563 980 optime
2603 894 2937 983 intellegO,

556 1021 671 1064 nec
718 999 1066 1084 quidquam
1113 1007 1329 1065 vetare
1376 1000 1536 1063 mihi
1586 999 1843 1064 videtur
1892 1004 2233 1084 quominus
2278 1007 2391 1066 aut
2433 1004 2755 1088 integrum
2806 1023 2941 1067 ver-

557 1126 703 1171 sum
770 1126 804 1170 e
869 1105 1197 1192 tragoedia
1258 1109 1548 1169 sumtum
1617 1111 1728 1170 aut
1794 1108 2037 1193 tragico
2084 1106 2313 1172 saltem
2363 1106 2569 1172 colore
2614 1108 2938 1172 imbutum

558 1230 692 1275 esse
740 1215 1119 1275 statuamus.
1167 1209 1337 1275 Nam
1386 1216 1450 1275 et
1491 1212 1655 1291 χρώς
1710 1210 1786 1275 de
1832 1211 2037 1276 colore
2082 1214 2251 1276 cutis
2288 1215 2626 1296 usurpavit
2664 1214 2942 1299 Aeschy-

554 1314 658 1379 lus
725 1315 900 1381 Pers.
971 1313 1101 1381 317
1166 1321 1230 1379 et
1295 1315 1374 1379 ad
1436 1314 1821 1379 locutionem
1891 1314 2143 1396 δάκρυον
2208 1318 2584 1395 κατείβεται
2654 1321 2941 1402 proxime

558 1421 800 1486 accedit
848 1420 1014 1506 quod
1062 1426 1231 1485 certa
1278 1421 1720 1486 emendatione
1765 1420 2007 1507 legitur
2053 1422 2222 1506 apud
2268 1422 2644 1507 Sophoclem
2692 1426 2761 1486 in
2815 1426 2941 1488 An·

557 1529 777 1614 tigone
832 1548 923 1593 vs.
980 1525 1134 1593 527.
1181 1526 1478 1591 Praetera
1525 1526 1637 1591 vix
1686 1528 2031 1612 quidquam
2083 1537 2179 1592 est
2224 1528 2393 1612 apud
2440 1528 2797 1594 Homerum
2821 1580 2839 1613 ‚
2882 1532 2940 1593 si

557 1635 754 1697 nimis
822 1653 964 1699 rara
1032 1637 1097 1697 et
1167 1632 1448 1698 obsoleta
1520 1636 1837 1717 exceperis
1861 1682 1877 1710 ,
1951 1634 2220 1700 verbum
2283 1640 2396 1698 aut
2455 1655 2685 1700 nomen
2705 1685 2723 1718 ‚
2773 1636 2940 1720 quod

556 1739 852 1825 tragicis,
917 1740 972 1802 si
1027 1741 1121 1802 ita
1180 1738 1505 1814 libuisset,
1574 1740 1641 1801 in
1707 1759 1897 1803 usum
1958 1759 2151 1803 suum
2210 1746 2573 1805 convertere
2620 1761 2748 1806 non
2792 1741 2939 1807 lice-

557 1843 683 1907 bat.
784 1843 964 1924 Quod
1022 1865 1148 1910 non
1209 1844 1419 1910 valere
1482 1845 1558 1909 de
1619 1846 1917 1911 omnibus
1981 1846 2245 1932 reliquis
2299 1849 2605 1914 orationis
2652 1851 2939 1933 partibus

553 1968 670 2015 nec
718 1950 794 2015 de
841 1950 1063 2017 formis
1107 1953 1551 2038 grammaticis
1599 1953 1710 2017 vix
1757 1958 1853 2016 est
1900 1953 2065 2036 quod
2117 1973 2431 2019 moneam.

647 2166 797 2256 Lys.
851 2167 1005 2238 516.

1087 2276 1277 2341 Prob.
1324 2275 1443 2341 κᾶν
1487 2273 1748 2358 ᾤμωξοίς
1798 2276 1886 2356 γ’,
1940 2276 1990 2343 εἰ
2039 2277 2130 2356 μὴ
2179 2274 2414 2356 ’eima

1597 2382 1749 2468 [aye.
1820 2383 2040 2462 τοιγὰρ
2091 2382 2285 2462 ἔγωγ’
2330 2382 2548 2448 ἔνδον
2596 2383 2837 2462 ἐσίγων.

554 2486 699 2556 Non
761 2496 997 2556 temere
1044 2489 1335 2553 additum
1382 2494 1480 2552 est
1527 2486 1705 2552 ἔνδον.
1800 2488 1972 2554 Nam
2021 2493 2103 2569 τῷ
2155 2487 2316 2553 ἔνδον
2363 2493 2552 2567 σιγᾶν
2598 2492 2935 2575 opponitur

551 2598 622 2662 τὸ
687 2595 912 2675 θύρασι
972 2604 1227 2669 λαλεῖν,
1294 2597 1399 2659 cui
1442 2594 1622 2681 large
1665 2593 2078 2681 indulgebat,
2126 2601 2203 2659 ut
2251 2598 2504 2680 opinor,
2555 2596 2933 2681 Lysistrata.

649 2810 1028 2893 Thesmophor
1083 2808 1163 2873 12

1006 2922 1113 2980 τοῦ
1164 2913 1319 2993 μήτ’
1372 2915 1615 2982 ἀκούειν
1661 2915 1808 2993 μήθ’
1862 2917 2001 2996 ὁρᾶν
2050 2914 2115 2982 εὖ
2165 2916 2279 2981 ἴσθ’
2329 2918 2442 2982 ὅτι.

551 3022 700 3089 Sive
759 3023 863 3087 hic
925 3044 1019 3088 vs.
1083 3022 1376 3107 Euripidi
1424 3025 1865 3100 continuatur,
1918 3025 2055 3089 sive
2101 3024 2294 3089 verba
2339 3027 2446 3087 τοῦ
2502 3059 2581 3069 -
2634 3023 2777 3103 ὁρᾶν
2821 3043 2930 3107 per

549 3131 1113 3215 interrogationem
1199 3129 1571 3193 tribuuntur
1656 3128 2046 3194 Mnesilocho
2066 3178 2083 3212 ,
2167 3148 2422 3213 prorsus
2506 3130 2747 3194 otiosus
2815 3134 2922 3193 est.

551 3235 885 3304 Glossema
946 3236 1287 3298 metricum
1351 3235 1609 3299 videtur
1671 3235 1749 3300 ad
1800 3235 1992 3300 verba
2042 3236 2251 3299 αὐτοῖν
2303 3232 2589 3314 ἑκατέρου
2637 3237 2705 3300 in
2750 3254 2926 3319 prae-

551 3344 805 3430 gressis.

639 3554 899 3620 Thesm.
946 3553 1100 3620 231.
1196 3555 1281 3619 T}
1337 3553 1589 3634 μύζειςς
1653 3553 1868 3620 πάντα
1930 3556 2386 3629 πεποίηται
2453 3562 2740 3629 καλῶς.
2825 3557 2924 3624 Sic

639 3662 907 3748 Lysistr.
965 3660 1136 3728 1273
1197 3659 1323 3739 ἄγε
1385 3687 1520 3747 νυν,
1594 3661 1806 3736 ἐπειδὴ
1877 3657 2098 3727 τᾶλλα.
2169 3662 2626 3737 πεποίηται
2699 3671 2922 3737 καλῶς.

545 3767 899 3854 Utrobique
947 3772 1421 3853 expectaveram
1474 3769 1935 3847 γεγένηται
1983 3774 2238 3853 propter
2282 3774 2501 3834 notam
2548 3770 2775 3836 Oobeti
2822 3773 2924 3837 ob·

542 3877 965 3942 servationem
1013 3876 1281 3940 verbum
1332 3883 1520 3940 ποιεῖν
1570 3876 1741 3960 apud
1790 3877 2176 3959 antiquiores
2223 3896 2431 3941 carere
2475 3879 2763 3961 passiv0,
2802 3880 2924 3944 nisi

539 3977 672 4045 ubi*
703 3979 1018 4066 significet
1064 3979 1278 4045 versus
1298 4005 1599 4064 panqere,
1652 3989 1763 4046 aut
1802 3987 2144 4065 usurpetur
2183 3981 2260 4045 de
2298 3983 2656 4068 artefactia.
2708 3985 2923 4059 Quum

541 4092 756 4151 autem
821 4086 1286 4182 utroque-loco
1334 4090 1585 4152 numeri
1636 4087 1983 4152 admittant
2029 4086 2526 4166 γεγένηται,
2576 4090 2922 4155 videndum

541 4214 619 4257 an
669 4192 1000 4267 πεποίηται
1049 4194 1135 4257 sit
1181 4196 1320 4258 eius
1365 4193 1704 4280 glossema.
1756 4193 1995 4257 Parum
2046 4200 2263 4258 tamen
2306 4194 2633 4279 probabile
2671 4198 2924 4263 videtur

537 4297 914 4377 γεγένηται,
981 4300 1146 4384 quod
1205 4320 1391 4364 nemo
1453 4320 1576 4363 non
1639 4298 2078 4385 intellegeret,
2140 4299 2233 4363 ita
2280 4300 2659 4386 explicitum
2707 4303 2920 4369 fuisse.

542 4405 748 4492 Quare
770 4406 930 4471 hanc
957 4405 1294 4470 formulam
1322 4406 1609 4489 excipere
1632 4404 1895 4470 forsitan
1918 4405 2338 4490 praestiterit.
2388 4407 2657 4492 Insuper
2679 4408 2807 4475 alia
2830 4415 2924 4476 est
