3192 5017
501 264 632 341 356
901 239 902 242 ¹
1540 279 1849 344 snmus.

1139 463 1713 530 ΚαταδέδΛΙσταιε
1759 461 2275 543 καταβέβρωται.

1138 570 1620 638 Καταδέδαςαιε
1669 569 2198 651 καταμεμέριςαι.

501 682 566 742 et
610 679 677 742 in
726 700 788 745 v.
839 675 1300 744 Δοὶσονταιε
1349 677 1713 758 βρώσονται.
1764 683 2114 758 μεριοῦνται
2166 697 2389 743 verum
2438 680 2571 741 est:

1229 784 1726 848 Δαίσονταιε
1775 783 2134 864 βρῶσονται.

1235 891 1688 955 Δοὶσονταιε
1737 894 2105 971 μεριοῦνται.

505 999 571 1059 et
630 996 698 1058 in
761 1017 823 1063 v.
889 994 1418 1061 Δασοίσκετοτ
1484 994 1852 1073 διενείματο.
1912 994 2205 1077 ἔτρωγεν,
2271 994 2536 1077 ἔφαγεν.
2586 991 2893 1058 similiter

506 1099 969 1188 supplendum:

1145 1207 1678 1293 Δασάσκετζοε
1728 1208 2096 1288 διενείματο.

1139 1314 1705 1380 Δαισασκετοε
1759 1313 2036 1396 ἔτρωγεν,
2092 1315 2360 1397 ἔφαγεν.

595 1418 770 1486 Haeo
838 1423 1053 1486 omnia
1120 1442 1321 1506 quum
1387 1419 1588 1486 semel
1658 1423 1897 1487 vitium
1965 1424 2394 1509 oonoepissent
2465 1423 2533 1486 in
2603 1419 2876 1485 alienam

511 1526 726 1592 sedem
773 1526 1080 1594 translata
1124 1534 1291 1592 sunt.

600 1630 1006 1720 Subiungam
1049 1631 1267 1698 locum
1311 1632 1599 1699 Platonis
1645 1654 1683 1699 a
1728 1631 1971 1699 Galeno
2016 1633 2349 1700 laudatum
2397 1639 2471 1699 ut
2517 1655 2595 1699 ex
2643 1653 2716 1699 eo
2765 1629 2892 1698 Ga·

508 1737 639 1804 leni
700 1738 938 1805 indicio
1006 1745 1188 1805 vetus
1233 1739 1538 1804 mendum
1586 1743 1889 1805 eximam.
1937 1739 2205 1827 Legitur
2249 1743 2316 1805 in
2365 1740 2529 1806 libro
2575 1740 2610 1805 Ι
2657 1740 2731 1804 de
2776 1739 2897 1802 Re·

497 1844 751 1928 publica
809 1865 957 1932 pag.
1028 1843 1158 1910 345
1182 1868 1243 1909 c:
1306 1845 1409 1910 τὸν
1467 1848 1545 1917 ὥς
1609 1846 1847 1920 ἀληθῶς
1908 1846 2172 1923 ποιμένα
2232 1883 2314 1895 -
2363 1852 2899 1913 ΠΟΙΜΑΙΝΕΙΝ

511 1952 617 2016 οἴει
664 1952 750 2016 τα
798 1950 1095 2032 πρόβατα
1144 1950 1286 2023 καθ’
1339 1951 1472 2017 ὅσον
1520 1954 1747 2030 ποιμήν
1792 1953 1942 2029 ἐςιν,
1992 1954 2058 2017 οὐ
2107 1954 2251 2033 πρὸς
2301 1953 2370 2017 τὸ
2418 1959 2535 2018 τῶν
2571 1950 2904 2032 προβάτων

512 2054 802 2133 βέλτιςον
885 2057 1214 2136 βλέποντα
1283 2056 1438 2122 αλλ’
1511 2055 1711 2139 ὥσπερ
1781 2057 2123 2135 δαιτυμόνα
2195 2061 2334 2124 τινα
2406 2059 2508 2123 κα)
2582 2057 2905 2137 μέλλοντα

515 2160 864 2229 ἑςιοὶσεσθαι
914 2164 1059 2244 πρὸς
1106 2165 1216 2239 τὴν
1262 2163 1533 2243 εὐωχίαν
1581 2165 1616 2239 ἢ
1669 2162 1748 2230 αὖ
1796 2165 1940 2246 πρὸς
1990 2165 2060 2229 τὸ
2109 2165 2444 2231 ἀποδόσθαι
2493 2163 2691 2245 ὥσπερ
2740 2188 2900 2245 χρη·-

515 2270 786 2347 ματιςῆν
850 2270 999 2334 ἀλλ’
1061 2271 1128 2334 οὔ
1175 2269 1458 2346 ποιμένα.
1554 2270 1938 2337 Mendosum
1986 2277 2081 2336 est
2128 2273 2505 2350 ποιμαίνεινι
2556 2271 2906 2357 requiritur

518 2378 687 2440 enim
750 2376 1017 2440 verbum
1076 2374 1440 2464 significans
1495 2379 1765 2462 pastoris
1825 2380 1893 2441 in
1939 2377 2214 2444 curando
2258 2399 2455 2467 grege
2499 2377 2791 2443 studium
2836 2383 2905 2442 et

515 2479 941 2569 diligentiam.
1038 2478 1390 2547 Graeculus
1458 2484 1666 2548 nescio
1738 2485 1880 2567 quis
1942 2486 2139 2548 sensit
2196 2486 2433 2551 vitium
2493 2491 2557 2549 et
2623 2485 2907 2570 repperit

511 2586 800 2654 Platonis
860 2588 1241 2653 sententiam
1304 2587 1413 2653 sed
1472 2609 1596 2654 non
1659 2609 1923 2654 manum
1971 2590 2295 2668 Platonis;
2343 2590 2678 2656 substituit
2727 2592 2905 2656 enim

512 2694 820 2773 παχύνειν
865 2714 979 2780 pro
1025 2694 1369 2772 ποιμαίνειν
1417 2701 1706 2759 sumtum
1755 2715 1831 2759 ex
1871 2716 2018 2782 pag.
2070 2694 2222 2760 343.
2273 2695 2377 2761 οἴει
2417 2697 2559 2770 τοὺς
2603 2695 2904 2774 ποιμένας

511 2836 602 2850 —-
647 2800 717 2865 τὸ
786 2801 904 2865 τῶν
972 2799 1300 2879 προβάτων
1364 2801 1604 2878 ἀγαθὸν
1667 2808 1915 2866 σκοπεῖν
1980 2801 2082 2865 καὶ
2148 2800 2450 2882 παχύνειν
2514 2804 2739 2875 αὐτοὺς
2791 2803 2903 2866 καὶ

511 2906 877 2988 θεραπεύειν.
926 2905 1046 2972 Sed
1094 2905 1282 2972 Plato
1330 2908 1664 2991 scripserat
1710 2915 2142 2991 nlAINeIN,
2193 2908 2261 2972 id
2309 2913 2405 2974 est
2445 2909 2624 2974 πίονα
2668 2915 2902 2994 ποιεῖν,

510 3034 624 3099 pro
685 3034 809 3098 quo
873 3010 1157 3079 Galenus
1220 3013 1385 3078 dixit
1448 3013 2017 3094 κατασκευάζουσιν
2083 3015 2254 3079 αὐτοὶ
2317 3016 2518 3081 πίονα.
2615 3014 2905 3080 Verbum

509 3121 771 3186 πιαίνειν
817 3141 941 3184 usu
982 3127 1291 3197 cesserat,
1327 3120 1741 3204 quamobrem
1782 3119 1968 3185 facile
2009 3123 2546 3206 corrumpebatur.
2598 3121 2908 3207 Optimae

511 3234 724 3294 tamen
786 3233 971 3294 notae
1016 3231 1153 3293 erat
1198 3226 1582 3294 vocabulum
1602 3274 1620 3304 ‚
1671 3247 1795 3311 quo
1842 3225 2029 3292 Plato
2077 3231 2282 3294 utitur
2325 3231 2400 3294 de
2445 3231 2702 3312 Leyibue
2749 3250 2909 3317 pag.

509 3332 641 3400 807
670 3356 742 3399 a:
807 3334 866 3398 ἐν
928 3332 1126 3415 τρόπῳ
1188 3333 1590 3412 βοσκήματος
1657 3329 1874 3401 ἕκατον
1937 3331 2322 3411 πιαινόμενον
2384 3337 2586 3402 αὐτῶν
2632 3338 2729 3402 δεῖ
2769 3335 2905 3416 ζῆν.

507 3439 731 3504 Utitur
790 3442 985 3505 etiam
1052 3439 1327 3525 perfeeto
1391 3441 1644 3524 passivo
1705 3439 2242 3518 καταπεπίαο-μαι
2307 3443 2381 3506 de
2436 3443 2693 3524 Leqibus
2738 3443 2784 3508 l.
2809 3441 2903 3508 l.:

509 3547 793 3624 προσήκει
856 3545 920 3609 δὲ
979 3524 1151 3626 ἆργῷ
1214 3545 1318 3609 καὶ
1380 3543 1661 3629 ῥᾳθύμως
1720 3547 2295 3628 καταπεπιασμένῳ
2341 3545 2467 3631 ζῴῳ
2514 3550 2739 3631 σχεδὸν
2789 3549 2903 3613 ὑπ’

506 3648 704 3715 ἄλλου
742 3651 1240 3736 διαΡπασθῆναι,
1281 3651 1389 3715 ubi
1432 3651 1880 3738 corrigendum
1921 3652 2423 3729 διαεπασθῆναι,
2451 3654 2690 3721 bestiae
2716 3657 2899 3721 enim

509 3777 548 3822 a
593 3755 743 3822 feris
790 3776 914 3821 non
959 3756 1149 3840 diripi
1194 3755 1436 3833 solent,
1489 3757 1599 3822 sed
1646 3758 1903 3840 discerpi
1948 3763 2014 3823 et
2058 3760 2377 3823 dilaniari.

601 3862 700 3927 Ex
747 3862 964 3927 πιαίνω
1005 3863 1284 3929 nascitur
1323 3865 1685 3941 πεπίασμαι
1722 3869 1796 3929 ut
1835 3884 1869 3929 e
1908 3866 2258 3942 γλυκαίνω,
2294 3865 2582 3946 ξηραίνω,
2608 3870 2903 3952 περαίνω,

505 3968 707 4051 Φαίνω
767 3975 832 4034 et
894 3968 1040 4034 aliis
1103 3972 1418 4035 sexcentis
1477 3969 1947 4048 &abactam
1993 3970 2380 4058 ἐξήρασμαι,
2446 3975 2905 4064 πεπέρασμαι,

507 4076 890 4158 πέφασμαι,
954 4097 1226 4161 quorum
1289 4079 1511 4143 aoristi
1570 4084 1722 4143 sunt
1768 4078 2187 4163 ἐγλυκανθην,
2235 4081 2593 4168 ἐξηρανθην,
2642 4083 2905 4165 έπεροὶν-

507 4183 641 4263 θην,
691 4182 978 4261 έΦοένθην.
1075 4182 1246 4271 Ergo
1293 4205 1369 4249 ex
1417 4189 1636 4249 πιαίνω
1688 4183 1971 4258 ἐπιανθην
2017 4188 2302 4251 nascitur
2336 4194 2400 4252 et
2439 4191 2907 4279 κατεπιοὶνθην,

506 4308 632 4353 non
680 4287 1008 4367 ἐπιάσθην,
1059 4293 1134 4353 ut
1177 4289 1467 4355 nonnulli
1515 4292 1936 4375 suspicantur.
1996 4290 2066 4356 Si
2116 4291 2434 4359 Graecum
2484 4301 2581 4361 est
2626 4299 2907 4376 πιασθῆ-

503 4416 637 4475 ναι,
705 4397 1168 4474 συμπιασθῆναι
1234 4397 1647 4481 repetendum
1711 4403 1808 4463 est
1870 4418 1907 4464 a
1963 4398 2168 4465 forma
2213 4399 2443 4467 Dorica
2488 4402 2733 4484 πιοὶζειν
2784 4428 2910 4490 pro
