3192 5017
1208 252 1594 311 sornoonu.
2455 240 2583 307 231

237 428 445 501 formas
502 435 733 501 habere
792 455 830 499 a
892 434 1246 501 masculino
1306 455 1537 521 genere
1597 452 1723 499 non
1771 433 2070 498 diversas.
2167 431 2390 498 Minus
2436 453 2587 498 curo

234 561 325 606 eos
379 545 485 627 qui
545 541 757 607 soluta
803 543 1085 607 oratione
1133 546 1423 613 utuntur.
1472 561 1620 606 nam
1674 540 1842 625 apud
1889 561 1994 605 eos
2039 546 2174 605 tam
2222 541 2394 608 leves
2439 545 2592 605 sunt

232 645 611 713 librariorum
665 669 902 714 errores
946 669 1136 735 quam
1184 647 1758 736 grammaticorum
1804 648 2217 711 correctiones
2255 656 2319 712 et
2357 668 2586 733 parum

234 753 459 838 prodest
500 757 660 820 scire
697 753 907 820 οὔσαιν
930 755 1062 842 legi
1086 754 1255 840 apud
1278 753 1612 819 Platonem
1641 751 1810 817 Tim.
1838 751 1921 820 79
1947 752 2027 827 D,
2053 750 2331 837 Sophist.
2360 752 2492 818 265
2519 754 2596 838 E,

234 856 410 947 [aegg-
458 859 562 924 VI.
619 859 830 927 Ι757Β
878 868 943 926 et
988 860 1145 925 XII.
1198 859 1451 936 9551),
1501 858 2000 938 περιγενομένων
2045 858 2301 924 Politic.
2353 857 2478 923 311
2508 858 2586 937 B,

232 966 525 1043 τεταμένα
598 964 856 1031 Politic.
930 966 1061 1032 265
1085 964 1171 1043 Α,
1246 965 1670 1046 διεφθαρμένα
1743 965 1946 1052 Legg.
2019 964 2130 1029 III.
2201 963 2416 1029 692D
2486 964 2594 1031 vel

231 1070 742 1147 ἇσονεμηθείσαιν
778 1071 982 1159 Legg.
1022 1071 1130 1136 VI.
1175 1070 1301 1138 771
1330 1068 1400 1146 G,
1442 1091 1590 1135 cum
1634 1072 1986 1136 rectissime
2026 1071 2279 1157 legatur
2319 1070 2587 1135 Phaedr.

231 1174 463 1242 237D:
529 1177 631 1243 δύο
679 1180 803 1242 τινὲ
852 1178 985 1243 ἰδέα
1033 1177 1298 1260 ἄρχοντε
1347 1179 1452 1242 καὶ
1501 1177 1751 1255 ἄγοντε.
1845 1176 1968 1242 Sed
2018 1177 2185 1262 apud
2231 1176 2590 1243 Homerum

232 1284 471 1367 utique,
536 1285 704 1369 quod
767 1305 802 1350 e
864 1284 1117 1350 Scholio
1166 1287 1320 1350 satis
1367 1290 1658 1369 apparet,
1708 1282 1890 1348 Iliad.
1943 1284 1971 1346 θ
2021 1282 2151 1348 378
2199 1285 2591 1363 προφανείσα

228 1407 327 1471 pro
394 1388 775 1469 προφανέντε
836 1410 1043 1455 errore
1104 1393 1368 1466 nititur,
1434 1389 1625 1454 sicuti
1686 1393 1855 1454 recte
1916 1388 2085 1473 apud
2147 1409 2293 1453 eum
2351 1387 2592 1476 leg-itur

229 1495 526 1572 πληγέντε
586 1499 854 1576 κεραυνῷ
906 1495 1095 1562 Iliad.
1143 1498 1172 1560 θ
1222 1496 1354 1560 455
1404 1502 1468 1561 et
1512 1495 1760 1560 ostendi
1808 1497 1875 1558 in
1924 1494 2411 1575 Quaestionibus
2457 1494 2595 1561 Ho-

229 1602 464 1666 mericis
509 1623 622 1666 cur
666 1601 899 1689 Odyss.
946 1626 990 1680 γ
1035 1601 1123 1666 60
1165 1603 1589 1667 necessarium
1632 1604 1719 1665 sit
1756 1600 2087 1681 πρήξαντε.
2134 1600 2329 1684 Apud
2369 1601 2590 1686 Eurip.

229 1703 445 1771 Alcest.
495 1706 627 1772 902
674 1711 932 1775 invenio
976 1707 1198 1788 ψυχὰς
1249 1707 1576 1786 διαβαντε,
1620 1707 1789 1792 apud
1826 1704 2153 1792 Aristoph.
2196 1707 2367 1772 Eccl.
2414 1706 2587 1776 1087

229 1807 454 1877 ἕλκοντε
524 1820 586 1879 et
653 1814 830 1878 Plut.
898 1815 1065 1880 512:
1136 1819 1374 1893 ἀμφοῖν
1446 1814 1502 1877 δ’
1577 1812 1721 1889 ὑμῖν
1791 1811 2024 1878 τούτοιν
2085 1812 2581 1894 ἀφανισθέντοιν.

230 1915 453 1983 Unicus
499 1920 666 2003 apud
716 1923 1033 1986 comicum
1082 1920 1260 1987 locus
1306 1926 1402 1986 est
1448 1922 1558 2005 qui
1605 1940 1862 1985 normae
1899 1926 2237 2006 repugnat,
2282 1923 2590 1986 nimirum

232 2021 373 2089 Rau.
422 2023 584 2090 565:
639 2027 713 2107 νῲ
763 2028 827 2091 δὲ
875 2028 1133 2092 δεισάσα
1186 2027 1265 2106 γέ
1311 2051 1458 2098 που,
1512 2026 1622 2091 sed
1668 2026 1760 2090 ibi
1807 2047 2056 2112 quoque
2094 2031 2429 2106 correctio,
2468 2033 2594 2095 nisi

233 2149 465 2212 prorsus
534 2139 742 2215 certa,
814 2139 1097 2199 attamen
1168 2133 1484 2219 perfacilis
1554 2139 1671 2197 est.
1765 2130 1957 2217 Apud
2019 2131 2393 2217 Sophoclem
2458 2135 2591 2224 legi

230 2233 441 2302 Electr.
498 2236 630 2303 980
692 2238 1117 2320 ἀφειδήσαντε
1181 2246 1246 2305 et
1312 2225 1485 2305 1003
1548 2239 1928 2317 πράσσοντε,
1992 2237 2149 2305 Oed.
2198 2239 2349 2326 Tyr.
2416 2241 2588 2308 1473

233 2339 748 2423 δακρυρροούντοιν,
844 2344 994 2411 Oed.
1074 2343 1215 2412 Col.
1295 2344 1469 2410 1113
1538 2345 1846 2426 ἔμφύντε,
1935 2344 2105 2410 1601
2194 2346 2454 2422 μολόντε
2526 2353 2590 2412 et

237 2445 390 2514 1676
468 2450 661 2515 ἰδόντε
743 2450 849 2515 καὶ
920 2450 1209 2516 παθόντε.
1302 2451 1644 2516 Feminina
1708 2457 1923 2516 autem
1994 2450 2198 2516 forma
2266 2455 2593 2519 invenitur

192 2552 437 2643 antig.
503 2557 544 2621 2
606 2556 863 2637 ζώσαιν,
930 2557 1165 2623 Electr.
1234 2556 1366 2622 985
1424 2555 1645 2639 ζώσαιν
1710 2555 2047 2621 θανούσαιν
2092 2580 2198 2636 τε,
2249 2556 2400 2623 Oed.
2451 2557 2590 2625 Col.

237 2658 351 2724 445
394 2662 598 2726 οὔσαιν
646 2670 711 2728 et
754 2664 925 2728 1111
967 2661 1374 2732 πανεςῶσαιν.
1424 2663 1646 2748 Itaque
1683 2665 1804 2728 erit
1840 2662 2180 2747 aliquando
2220 2664 2588 2744 videndum,

232 2784 369 2829 num
426 2768 493 2832 hi
553 2768 677 2835 loci
735 2769 898 2835 forte
957 2770 1314 2858 corrigendi
1376 2773 1540 2854 sint3
1603 2790 1804 2834 unum
1854 2775 2067 2834 autem
2115 2775 2439 2854 praeterea
2485 2771 2594 2835 ob-

232 2876 485 2950 servavi,
555 2876 671 2939 ubi
732 2877 977 2942 sincera
1042 2877 1247 2942 forma
1309 2877 1429 2941 sub
1493 2873 1849 2959 corruptela
1893 2875 2227 2941 delitescit.
2325 2875 2593 2963 Legitur

236 2972 376 3045 Oed.
421 2977 637 3047 Colon.
691 2979 902 3048 1771:

1301 3088 1527 3165 Θήβαις
1573 3087 1627 3152 δ’
1678 3089 1845 3162 ἡμᾶς

844 3195 964 3266 τὰς
1013 3195 1315 3273 ὠγυγίους
1365 3193 1654 3278 πέμψον,
1704 3192 1811 3258 &aiv
1858 3218 1983 3266 πως

843 3300 1319 3378 διακωλύσωμεν
1374 3299 1439 3365 id
1455 3325 1483 3364 ν
1501 3325 1540 3364 τ
1561 3324 1605 3364 α
1652 3299 1833 3379 φόνον

845 3413 1036 3472 τοῖσιν
1084 3407 1398 3485 ὁμαίμοις.

240 3502 461 3575 Rittero
521 3516 587 3577 et
633 3512 928 3578 Nauckio
971 3513 1043 3577 hi
1089 3534 1310 3580 versus
1357 3513 1558 3597 spurii
1607 3517 1793 3589 sunt,
1845 3512 1954 3577 sed
2002 3516 2354 3598 utcumque
2401 3535 2474 3580 ea
2522 3516 2599 3581 de

240 3631 296 3677 re
348 3618 838 3696 existimabitur,
904 3618 1246 3706 legendum
1313 3625 1528 3687 tamen
1593 3618 1714 3682 erit
1763 3617 2143 3683 femininum
2194 3618 2264 3684 ὶό
2281 3645 2410 3685 ντε
2457 3626 2600 3687 ute-

241 3737 484 3807 murque
524 3723 748 3789 eodem
789 3725 1148 3812 corrigendi
1185 3745 1438 3812 genere,
1481 3743 1605 3808 quo
1641 3720 1917 3788 Cobetus
1942 3721 2278 3790 Cleaeneto
2302 3728 2600 3792 subvenit

240 3824 295 3887 in
333 3825 535 3893 Variis
582 3828 995 3896 Lectionibus
1040 3852 1100 3915 p.
1154 3828 1307 3895 360.
1355 3829 1599 3895 Unicus
1645 3836 1932 3894 remanet
1978 3828 2156 3895 locus
2203 3834 2314 3915 qui
2376 3833 2600 3897 obmo-

238 3932 351 3996 veri
403 3933 563 4000 solet
628 3942 694 4001 et
740 3935 967 4001 multis
1011 3937 1344 4013 machinae
1390 3937 1591 4000 instar
1643 3941 1773 4012 est,
1822 3935 1979 4000 dum
2025 3935 2231 4001 literis
2278 3936 2601 4001 confidunt

237 4036 293 4101 in
335 4060 610 4105 marmor
657 4043 901 4107 incisis.
970 4041 1303 4127 Inscriptio
1350 4046 1448 4106 est
1492 4041 1662 4126 apud
1707 4040 2107 4106 Boeckhium
2159 4041 2311 4119 150,
2360 4044 2429 4106 in
2475 4063 2600 4126 qua

238 4142 270 4224 ὅ
312 4143 393 4210 22
438 4167 499 4231 p.
549 4145 680 4212 236
731 4147 972 4228 ἑχούσα
1017 4168 1353 4235 agnoscere
1402 4148 1527 4213 sibi
1579 4149 1756 4213 visus
1804 4153 1936 4229 est,
1986 4147 2065 4211 cf.
2113 4145 2343 4212 Oecon.
2408 4145 2601 4213 Civil.

239 4245 293 4312 11
330 4270 390 4334 p.
438 4250 596 4332 2553
646 4274 1011 4340 perperamt
1062 4274 1189 4319 non
1234 4256 1474 4342 poterit
1517 4253 1782 4318 fortasse
1828 4251 2058 4318 lacuna
2104 4254 2259 4317 satis
2312 4254 2604 4338 probabi-

244 4350 376 4420 liter
439 4359 755 4446 suppleri,
823 4362 934 4427 sed
1001 4361 1243 4443 ἐχούσα
1314 4368 1531 4428 tamen
1600 4380 1723 4426 non
1794 4360 1916 4425 erit
1976 4358 2377 4425 scribendum
2396 4408 2415 4443 ,
2480 4381 2604 4427 non
