3192 5017
1204 280 1704 329 Ams'rornsnns.
2527 262 2653 329 371

251 454 423 533 404,
476 436 605 520 ubi*
634 454 851 536 Ἀρμα
898 453 1110 520 locum
1162 453 1356 518 fuisse
1402 455 1626 518 scribit
1672 456 1805 531 περὶ
1863 453 2067 526 Φυλὴν
2114 452 2305 530 δῆμον
2349 458 2458 525 τῆς
2502 454 2647 517 'Ar-

246 569 421 637 τικῆς
497 557 707 642 ὅμορον
775 569 853 642 τῇ
922 558 1256 643 Τανάγρᾳ.
1333 560 1645 624 Ἐνταῦθα
1709 558 1770 623 δὲ
1842 561 1876 634 ή
1941 559 2242 640 παροιμία
2290 558 2399 632 την
2446 559 2649 641 άρχην

246 666 439 749 ἔσχεν
497 671 533 744 ή
583 667 896 746 λε’γουσα·
946 665 1130 731 ὁπότε
1177 665 1251 731 δι’
1301 664 1622 745 ’Ἅρματος
1673 665 1965 747 άςράψη·
2014 669 2300 746 άςραπήν
2347 690 2485 731 τινα
2533 691 2646 741 ση-

242 775 621 852 μειουμένων
682 774 853 839 κατοὶ
914 773 1190 853 χρησμὸν
1253 777 1370 836 τῶν
1432 772 1784 850 λεγομένων
1850 772 2208 850 Πυθαῖςῶν,
2280 771 2644 851 βλεπόντων

239 882 317 952 ὥς
382 879 490 945 ἐπὶ
555 879 625 946 τὸ
684 877 936 960 Ἀρμα,
994 879 1097 943 καὶ
1147 878 1292 944 τότε
1339 876 1710 956 πεμπόντων
1756 882 1867 953 τὴν
1916 880 2134 965 θυσίαν
2175 880 2262 952 εἰς
2313 878 2641 964 Δελφούς,

239 983 389 1050 ὅταν
469 986 857 1067 άςράψαντα
920 985 1160 1051 ἴδωσιν·
1229 986 1468 1064 ἐτήρουν
1535 986 1585 1050 δ’
1636 986 1735 1049 ἐπὶ
1785 993 1944 1064 τρεῖς
1983 993 2185 1062 μῆνας
2235 983 2373 1050 καθ’
2425 982 2642 1055 ἕκαςον

238 1099 407 1170 μῆνα
476 1092 579 1157 ἐπὶ
647 1100 805 1171 τρεῖς
874 1090 1105 1170 ήμέρας
1153 1090 1256 1155 καὶ
1308 1092 1530 1161 νύκτας
1584 1091 1710 1154 ἀπὸ
1757 1099 1869 1165 τῆς
1919 1091 2200 1172 ἐσχάρας
2250 1097 2357 1156 τοῦ
2406 1090 2640 1172 ’Aepu-

237 1198 426 1264 παίου
511 1198 678 1270 Διός.
772 1196 913 1263 Hoe
984 1201 1197 1283 ipsum
1268 1209 1404 1262 tam
1477 1197 1634 1263 bene
1705 1200 2001 1263 convenit
2070 1206 2144 1263 ut
2212 1196 2510 1283 Sophocli
2576 1204 2642 1264 et

235 1304 666 1391 Aristophani
731 1306 862 1370 fere
931 1303 1322 1369 reddendum
1394 1305 1796 1369 existimem:
1870 1303 2092 1384 βροντη
2155 1305 2206 1370 δ’
2269 1303 2494 1386 ἐρράγη
2559 1305 2637 1370 δι’

231 1409 676 1492 Ἅρματος.
774 1410 975 1476 Recte
1038 1411 1272 1474 dicitur
1333 1409 1557 1489 βροντή
1625 1408 1888 1490 ἐρράγη,
1958 1413 2151 1476 sicuti
2196 1417 2340 1496 post
2384 1411 2637 1476 diutur-

237 1538 399 1581 num
468 1516 804 1582 silentium
868 1536 1092 1582 vocem
1140 1517 1503 1600 rumpimus
1552 1522 1617 1581 et
1662 1519 1867 1596 φωνην
1915 1517 2240 1596 ῥήγνυμεν.
2335 1515 2637 1584 Ceterum

237 1625 406 1708 quod
475 1625 603 1690 viri
665 1622 836 1688 docti
897 1621 1051 1687 olim
1116 1624 1422 1707 suspicati
1471 1629 1659 1700 sunt,
1709 1622 2040 1709 Sophoclis
2092 1624 2398 1689 irridendi
2446 1644 2635 1690 eausa

238 1732 450 1795 locum
502 1750 542 1794 a
588 1730 831 1794 comico
880 1733 1065 1813 poeta
1116 1730 1462 1813 repetitum
1512 1749 1681 1805 esse,
1733 1737 1806 1794 ut
1851 1748 1978 1794 nou
2029 1729 2186 1794 bene
2232 1729 2514 1807 dietum,
2566 1731 2632 1795 id

235 1834 426 1900 nihili
490 1854 628 1901 esse
672 1836 802 1899 iam
853 1840 1132 1919 apparet.
1180 1834 1563 1898 Proverbium
1612 1834 1739 1899 fuit
1784 1841 1849 1899 et
1894 1835 2319 1911 συνέμπτωσις
2370 1835 2631 1902 fortuita

239 1946 351 2005 est.
452 1940 627 2021 Quid
688 1946 904 2006 eutem
971 1942 1211 2005 mirum
1234 1986 1250 2015 ,
1299 1942 1354 2005 si
1399 1938 1709 2006 Telamon
1755 1942 1848 2006 ita
1893 1941 2163 2019 dixerit,
2209 1962 2360 2007 nam
2407 1944 2474 2006 in
2520 1941 2630 2008 Sa—

238 2044 479 2113 lamine
529 2049 727 2112 etiam
775 2045 1027 2111 facilius
1072 2066 1263 2131 quam
1312 2046 1581 2111 Athenis
1623 2043 1841 2126 Ἄρμα
1888 2053 2284 2134 prospectare
2333 2050 2556 2133 potuit.

323 2260 548 2327 Multo
595 2261 825 2326 certior
871 2265 968 2326 est
1014 2261 1316 2326 eorrectio
1360 2281 1456 2327 vs.
1508 2259 1676 2327 627:

693 2364 820 2445 ἄγε
869 2365 982 2443 δή,
1033 2368 1099 2431 τί
1139 2366 1355 2444 βούλει
1405 2374 1617 2446 πρῶτα
1665 2370 1786 2433 νυνὶ
1836 2369 2161 2444 μανθάνειν

693 2469 782 2538 ὧν
831 2475 937 2540 οὐκ
988 2472 1312 2555 ἐδιδάχθης
1362 2477 1596 2539 πώποτ’
1644 2474 1849 2552 οὐδένς
2271 2465 2276 2470 ’

236 2576 386 2645 Sine
456 2601 649 2646 sensu
715 2582 808 2644 ita
873 2579 1084 2644 editur
1147 2586 1212 2644 et
1274 2580 1704 2664 reponendum
1769 2593 1866 2646 est
1909 2583 1985 2653 ὥς
2012 2628 2027 2659 ,
2077 2585 2116 2646 i.
2168 2602 2222 2647 e.
2272 2582 2329 2646 εἰ
2372 2581 2625 2668 quidem.

238 2681 365 2749 Vix
429 2706 592 2771 opus
655 2692 752 2751 est
796 2686 1012 2751 efferre
1061 2684 1389 2770 exempla,
1436 2686 1550 2751 ubi
1595 2688 1675 2758 ὥς
1722 2686 1842 2753 hoe
1891 2688 2080 2753 modo
2128 2690 2404 2773 positum
2454 2687 2627 2754 in've·

236 2791 443 2869 nitur;
498 2794 556 2858 si
605 2795 748 2877 quis
797 2798 1008 2858 tamen
1048 2791 1166 2857 hoc
1209 2810 1458 2876 quoque
1494 2811 1530 2857 a
1568 2813 1673 2857 me
1710 2796 2007 2879 requiret,
2051 2814 2192 2860 ecee
2231 2794 2402 2860 Nub.
2455 2792 2622 2859 427:

424 2897 583 2976 λέγε
633 2922 731 2962 νυν
782 2899 927 2974 ήμῑν
977 2894 1068 2963 ὅτι
1117 2921 1206 2963 σοι
1257 2897 1484 2978 δρῶμεν
1534 2899 1787 2980 θαρρῶν,
1836 2901 1912 2973 ὦς
1951 2901 2059 2965 οὐκ
2104 2902 2466 2979 άτυχήσεις.

238 3003 517 3073 Acharn.
569 3003 776 3070 1154:
2066 2992 2072 2998 ’

606 3110 876 3191 ἀπόφερ’
925 3108 1206 3191 άπόΦερε
1251 3110 1336 3176 τὰ
1384 3110 1532 3188 κρέα
1580 3110 1685 3175 καὶ
1734 3111 1823 3189 μή
1870 3135 1972 3190 μοι
2019 3112 2211 3187 δίδου,

596 3220 674 3291 ὥς
724 3221 830 3283 οὐκ
879 3215 957 3281 ἄν
1009 3215 1316 3297 ἐγχέαιμι
1362 3217 1584 3298 χιλιῶν
1633 3217 1952 3300 δραχμῶν.

235 3319 426 3410 Vesp.
473 3323 646 3390 892:

782 3430 842 3496 εἵ
883 3453 977 3503 τις
1027 3429 1270 3510 θύρασιν
1320 3431 1619 3514 ήλιαςής,
1668 3431 1910 3495 εἰσίτω·

780 3540 858 3610 ὡς
911 3536 1062 3612 ἡνίκ’
1112 3536 1191 3602 ἂν
1237 3535 1538 3614 λέγωσιν,
1590 3537 1699 3600 οὐκ
1745 3537 2155 3620 ἐσφρήσομεν.

237 3641 356 3708 Av.
406 3643 576 3709 461:

326 3748 480 3828 λέγε
526 3750 863 3830 θαρρήσας·
911 3751 989 3823 ὥς
1036 3750 1154 3824 τὰς
1202 3749 1467 3822 σπονδὰς
1515 3750 1581 3814 οὐ
1630 3752 1719 3827 μη
1768 3748 2034 3832 πρότεροι
2085 3750 2490 3832 παραβῶμεν.

241 3850 460 3941 Neque
508 3856 623 3924 elii
668 3857 793 3923 loei
840 3857 1089 3922 desunt.
1453 3860 1457 3864 ’

331 4070 517 4136 Nune
563 4035 1036 4136 eonsideremus
1083 4089 1177 4135 vs.
1224 4066 1377 4133 653.
1427 4067 1728 4133 Affirmet
1766 4066 2160 4154 Strepsiades
2200 4092 2266 4136 se
2300 4073 2430 4137 iam
2472 4075 2628 4139 satis

249 4194 422 4242 nosse
469 4177 623 4262 quid
669 4178 754 4241 sit
802 4176 971 4238 κατα
1021 4175 1343 4239 δάκτυλον.

690 4283 783 4354 τίς
838 4280 1030 4353 ἄλλος
1081 4281 1218 4346 άντὶ
1269 4280 1510 4346 τουτουί
1555 4285 1661 4344 τοῦ
1713 4279 2062 4357 δακτύλους

694 4389 804 4467 πρὸ
852 4392 959 4451 τοῦ
1007 4387 1121 4465 μὲν
1170 4387 1257 4451 ἔτ’
1308 4388 1457 4464 ἐμοῦ
1506 4385 1719 4459 παιδὸς
1771 4387 1933 4458 ὄντος
1983 4388 2199 4453 οὑτοσί.
