<?xml version="1.0" encoding="UTF-8"?>
<!DOCTYPE html PUBLIC "-//W3C//DTD XHTML 1.0 Transitional//EN"
    "http://www.w3.org/TR/xhtml1/DTD/xhtml1-transitional.dtd">
<html xmlns="http://www.w3.org/1999/xhtml" xml:lang="en" lang="en">
 <head>
  <title>
</title>
<meta http-equiv="Content-Type" content="text/html;charset=utf-8" />
  <meta name='ocr-system' content='tesseract 3.04.00' />
  <meta name='ocr-capabilities' content='ocr_page ocr_carea ocr_par ocr_line ocrx_word'/>
</head>
<body>
  <div class='ocr_page' id='page_1' title='image "./mnemosynebiblio14servgoog_0396.png"; bbox 0 0 3192 5017; ppageno 0'>
   <div class='ocr_carea' id='block_1_1' title="bbox 545 293 1860 362">
    <p class='ocr_par' dir='ltr' id='par_1_1' title="bbox 545 293 1860 362">
     <span class='ocr_line' id='line_1_1' title="bbox 545 293 1860 362; baseline -0.001 -3"><span class='ocrx_word' id='word_1_1' title='bbox 545 293 677 360; x_wconf 81' lang='lat'><strong>392</strong></span> <span class='ocrx_word' id='word_1_2' title='bbox 1618 313 1860 362; x_wconf 60' lang='lat' dir='ltr'><strong>manus.</strong></span> 
     </span>
    </p>
   </div>
   <div class='ocr_carea' id='block_1_2' title="bbox 541 482 2959 4498">
    <p class='ocr_par' dir='ltr' id='par_1_2' title="bbox 546 482 2943 664">
     <span class='ocr_line' id='line_1_2' title="bbox 546 482 2943 569; baseline 0 -20"><span class='ocrx_word' id='word_1_3' title='bbox 546 504 891 569; x_wconf 83' lang='lat' dir='ltr'><strong>pronomen</strong></span> <span class='ocrx_word' id='word_1_4' title='bbox 925 482 1348 550; x_wconf 88' lang='lat' dir='ltr'><strong>indefinitum.</strong></span> <span class='ocrx_word' id='word_1_5' title='bbox 1388 484 1588 551; x_wconf 80' lang='lat' dir='ltr'><strong>Recte</strong></span> <span class='ocrx_word' id='word_1_6' title='bbox 1630 485 1891 550; x_wconf 89' lang='lat' dir='ltr'><strong>haberet</strong></span> <span class='ocrx_word' id='word_1_7' title='bbox 1929 485 2079 549; x_wconf 81' lang='grc' dir='ltr'><strong>ἀλλ’</strong></span> <span class='ocrx_word' id='word_1_8' title='bbox 2113 483 2251 554; x_wconf 77' lang='grc' dir='ltr'><strong><em>ἔςαι</em></strong></span> <span class='ocrx_word' id='word_1_9' title='bbox 2292 483 2458 558; x_wconf 75' lang='grc' dir='ltr'><strong><em>ὅςις</em></strong></span> <span class='ocrx_word' id='word_1_10' title='bbox 2490 520 2572 532; x_wconf 91' lang='lat'>-</span> <span class='ocrx_word' id='word_1_11' title='bbox 2605 485 2943 563; x_wconf 81' lang='grc' dir='ltr'><strong><em>ἕναγιεῖ</em></strong></span> 
     </span>
     <span class='ocr_line' id='line_1_3' title="bbox 548 591 1181 664; baseline 0.002 -10"><span class='ocrx_word' id='word_1_12' title='bbox 548 591 653 655; x_wconf 79' lang='grc' dir='ltr'><strong>καὶ</strong></span> <span class='ocrx_word' id='word_1_13' title='bbox 706 628 787 638; x_wconf 89' lang='grc'>-</span> <span class='ocrx_word' id='word_1_14' title='bbox 838 613 961 654; x_wconf 89' lang='grc' dir='ltr'><strong>ποι</strong></span> <span class='ocrx_word' id='word_1_15' title='bbox 984 591 1119 664; x_wconf 72' lang='grc' dir='ltr'><strong><em>ἧσε</em></strong></span> <span class='ocrx_word' id='word_1_16' title='bbox 1141 615 1181 655; x_wconf 95' lang='grc' dir='ltr'><strong>ι.</strong></span> 
     </span>
    </p>

    <p class='ocr_par' dir='ltr' id='par_1_3' title="bbox 541 695 2929 997">
     <span class='ocr_line' id='line_1_4' title="bbox 635 695 2929 782; baseline -0.001 -21"><span class='ocrx_word' id='word_1_17' title='bbox 635 699 672 782; x_wconf 66' lang='grc' dir='ltr'>ἓ</span> <span class='ocrx_word' id='word_1_18' title='bbox 723 695 806 762; x_wconf 82' lang='grc'><strong>35</strong></span> <span class='ocrx_word' id='word_1_19' title='bbox 873 697 1048 762; x_wconf 77' lang='grc' dir='ltr'><strong>ἀλλά</strong></span> <span class='ocrx_word' id='word_1_20' title='bbox 1109 697 1563 776; x_wconf 81' lang='grc' dir='ltr'><strong><em>βουλησόμενον</em></strong></span> <span class='ocrx_word' id='word_1_21' title='bbox 1627 699 1734 763; x_wconf 78' lang='grc' dir='ltr'><strong><em>καὶ</em></strong></span> <span class='ocrx_word' id='word_1_22' title='bbox 1797 707 2179 779; x_wconf 75' lang='grc' dir='ltr'><strong><em>τριηραρχεῖν</em></strong></span> <span class='ocrx_word' id='word_1_23' title='bbox 2226 698 2332 764; x_wconf 76' lang='grc' dir='ltr'><strong><em>καὶ</em></strong></span> <span class='ocrx_word' id='word_1_24' title='bbox 2382 706 2776 775; x_wconf 78' lang='grc' dir='ltr'><strong>πολεμεῖν</strong></span> <span class='ocrx_word' id='word_1_25' title='bbox 2819 697 2929 760; x_wconf 80' lang='grc' dir='ltr'><strong><em>καὶ</em></strong></span> 
     </span>
     <span class='ocr_line' id='line_1_5' title="bbox 551 800 2927 890; baseline -0 -24"><span class='ocrx_word' id='word_1_26' title='bbox 551 810 844 885; x_wconf 76' lang='grc' dir='ltr'><strong>χορηγεῖν</strong></span> <span class='ocrx_word' id='word_1_27' title='bbox 901 804 1033 868; x_wconf 79' lang='grc' dir='ltr'><strong>κτὲ.</strong></span> <span class='ocrx_word' id='word_1_28' title='bbox 1079 804 1372 871; x_wconf 84' lang='lat' dir='ltr'><strong>Naberus</strong></span> <span class='ocrx_word' id='word_1_29' title='bbox 1421 808 1692 871; x_wconf 80' lang='lat' dir='ltr'><strong>coniecit</strong></span> <span class='ocrx_word' id='word_1_30' title='bbox 1736 804 2152 880; x_wconf 78' lang='grc' dir='ltr'><strong><em>δαπανᾶν,</em></strong></span> <span class='ocrx_word' id='word_1_31' title='bbox 2201 806 2366 870; x_wconf 89' lang='lat' dir='ltr'><strong>mihi</strong></span> <span class='ocrx_word' id='word_1_32' title='bbox 2412 805 2615 890; x_wconf 82' lang='lat' dir='ltr'><strong>placet</strong></span> <span class='ocrx_word' id='word_1_33' title='bbox 2661 800 2927 883; x_wconf 80' lang='grc' dir='ltr'><strong><em>εἰσφέ-</em></strong></span> 
     </span>
     <span class='ocr_line' id='line_1_6' title="bbox 541 906 2508 997; baseline 0.002 -25"><span class='ocrx_word' id='word_1_34' title='bbox 541 933 572 990; x_wconf 89' lang='grc' dir='ltr'><strong><em>ρ</em></strong></span> <span class='ocrx_word' id='word_1_35' title='bbox 592 934 705 975; x_wconf 88' lang='grc' dir='ltr'><strong>ειν</strong></span> <span class='ocrx_word' id='word_1_36' title='bbox 753 906 832 974; x_wconf 84' lang='lat' dir='ltr'><strong>cl.</strong></span> <span class='ocrx_word' id='word_1_37' title='bbox 882 910 920 993; x_wconf 66' lang='grc'>5</span> <span class='ocrx_word' id='word_1_38' title='bbox 970 908 1081 994; x_wconf 84' lang='grc'><strong>40,</strong></span> <span class='ocrx_word' id='word_1_39' title='bbox 1129 910 1237 976; x_wconf 91' lang='lat' dir='ltr'><strong>sed</strong></span> <span class='ocrx_word' id='word_1_40' title='bbox 1285 910 1406 976; x_wconf 82' lang='lat' dir='ltr'><strong>loci</strong></span> <span class='ocrx_word' id='word_1_41' title='bbox 1456 913 1762 977; x_wconf 79' lang='lat' dir='ltr'><strong>eorrectio</strong></span> <span class='ocrx_word' id='word_1_42' title='bbox 1809 932 2061 997; x_wconf 83' lang='lat' dir='ltr'><strong>prorsus</strong></span> <span class='ocrx_word' id='word_1_43' title='bbox 2104 914 2347 977; x_wconf 83' lang='lat' dir='ltr'><strong>ineerta</strong></span> <span class='ocrx_word' id='word_1_44' title='bbox 2392 916 2508 977; x_wconf 86' lang='lat' dir='ltr'><strong>est.</strong></span> 
     </span>
    </p>

    <p class='ocr_par' dir='ltr' id='par_1_4' title="bbox 545 1014 2942 3015">
     <span class='ocr_line' id='line_1_7' title="bbox 637 1014 2929 1100; baseline 0 -19"><span class='ocrx_word' id='word_1_45' title='bbox 637 1017 675 1100; x_wconf 65' lang='grc' dir='ltr'><strong>ἓ</strong></span> <span class='ocrx_word' id='word_1_46' title='bbox 725 1014 811 1081; x_wconf 86' lang='grc'><strong>38</strong></span> <span class='ocrx_word' id='word_1_47' title='bbox 860 1017 967 1080; x_wconf 82' lang='grc' dir='ltr'><strong>οὐκ</strong></span> <span class='ocrx_word' id='word_1_48' title='bbox 1018 1017 1087 1080; x_wconf 79' lang='grc' dir='ltr'><strong>ἐκ</strong></span> <span class='ocrx_word' id='word_1_49' title='bbox 1133 1017 1477 1097; x_wconf 71' lang='grc' dir='ltr'><strong><em>συμμορίας</em></strong></span> <span class='ocrx_word' id='word_1_50' title='bbox 1526 1018 1637 1091; x_wconf 68' lang='grc' dir='ltr'><strong>τὴν</strong></span> <span class='ocrx_word' id='word_1_51' title='bbox 1686 1021 1833 1081; x_wconf 80' lang='grc' dir='ltr'><strong><em>ναῦν</em></strong></span> <span class='ocrx_word' id='word_1_52' title='bbox 1871 1017 2434 1094; x_wconf 68' lang='grc' dir='ltr'><strong>ποιησάμενος</strong></span> <span class='ocrx_word' id='word_1_53' title='bbox 2473 1015 2671 1096; x_wconf 78' lang='grc' dir='ltr'><strong><em>ὥσπερ</em></strong></span> <span class='ocrx_word' id='word_1_54' title='bbox 2713 1019 2764 1082; x_wconf 80' lang='grc' dir='ltr'><strong>οἱ</strong></span> <span class='ocrx_word' id='word_1_55' title='bbox 2804 1022 2929 1082; x_wconf 81' lang='grc' dir='ltr'><strong><em>νῦν.</em></strong></span> 
     </span>
     <span class='ocr_line' id='line_1_8' title="bbox 550 1121 2931 1209; baseline 0 -21"><span class='ocrx_word' id='word_1_56' title='bbox 550 1121 837 1188; x_wconf 82' lang='lat' dir='ltr'><strong>Conieeit</strong></span> <span class='ocrx_word' id='word_1_57' title='bbox 893 1122 956 1187; x_wconf 87' lang='grc' dir='ltr'><strong>Ν</strong></span> <span class='ocrx_word' id='word_1_58' title='bbox 958 1122 1184 1188; x_wconf 89' lang='lat' dir='ltr'><strong>aberus</strong></span> <span class='ocrx_word' id='word_1_59' title='bbox 1244 1123 1657 1201; x_wconf 85' lang='grc' dir='ltr'><strong><em>πορισάμε</em></strong></span> <span class='ocrx_word' id='word_1_60' title='bbox 1678 1147 1752 1187; x_wconf 91' lang='grc' dir='ltr'><strong>νο</strong></span> <span class='ocrx_word' id='word_1_61' title='bbox 1772 1147 1837 1199; x_wconf 92' lang='grc' dir='ltr'><strong><em>ς,</em></strong></span> <span class='ocrx_word' id='word_1_62' title='bbox 1905 1144 2066 1208; x_wconf 83' lang='lat' dir='ltr'><strong>quae</strong></span> <span class='ocrx_word' id='word_1_63' title='bbox 2131 1125 2433 1190; x_wconf 81' lang='lat' dir='ltr'><strong>eorrectio</strong></span> <span class='ocrx_word' id='word_1_64' title='bbox 2455 1171 2472 1201; x_wconf 85' lang='lat'>‚</span> <span class='ocrx_word' id='word_1_65' title='bbox 2520 1124 2931 1209; x_wconf 82' lang='lat' dir='ltr'><strong>quantumvis</strong></span> 
     </span>
     <span class='ocr_line' id='line_1_9' title="bbox 547 1229 2929 1313; baseline -0.001 -18"><span class='ocrx_word' id='word_1_66' title='bbox 547 1229 707 1295; x_wconf 90' lang='lat' dir='ltr'><strong>lenis</strong></span> <span class='ocrx_word' id='word_1_67' title='bbox 726 1277 744 1311; x_wconf 84' lang='lat'>,</span> <span class='ocrx_word' id='word_1_68' title='bbox 812 1230 1187 1313; x_wconf 75' lang='lat' dir='ltr'><strong>neutiquam</strong></span> <span class='ocrx_word' id='word_1_69' title='bbox 1250 1229 1648 1294; x_wconf 84' lang='lat' dir='ltr'><strong>admittenda</strong></span> <span class='ocrx_word' id='word_1_70' title='bbox 1711 1250 1845 1295; x_wconf 89' lang='lat' dir='ltr'><strong>esse</strong></span> <span class='ocrx_word' id='word_1_71' title='bbox 1891 1230 2179 1308; x_wconf 83' lang='lat' dir='ltr'><strong>videtur,</strong></span> <span class='ocrx_word' id='word_1_72' title='bbox 2231 1231 2551 1313; x_wconf 87' lang='lat' dir='ltr'><strong>siquidem</strong></span> <span class='ocrx_word' id='word_1_73' title='bbox 2601 1229 2929 1295; x_wconf 76' lang='lat' dir='ltr'><strong>trierarchi</strong></span> 
     </span>
     <span class='ocr_line' id='line_1_10' title="bbox 548 1332 2927 1421; baseline -0 -22"><span class='ocrx_word' id='word_1_74' title='bbox 548 1354 672 1399; x_wconf 93' lang='lat' dir='ltr'><strong>non</strong></span> <span class='ocrx_word' id='word_1_75' title='bbox 718 1336 929 1421; x_wconf 79' lang='lat' dir='ltr'><strong>magis</strong></span> <span class='ocrx_word' id='word_1_76' title='bbox 977 1354 1170 1400; x_wconf 84' lang='lat' dir='ltr'><strong>naves</strong></span> <span class='ocrx_word' id='word_1_77' title='bbox 1218 1332 1556 1414; x_wconf 83' lang='grc' dir='ltr'><strong><em>πορίζονται</em></strong></span> <span class='ocrx_word' id='word_1_78' title='bbox 1608 1356 1801 1421; x_wconf 89' lang='lat' dir='ltr'><strong>quam</strong></span> <span class='ocrx_word' id='word_1_79' title='bbox 1847 1340 2180 1402; x_wconf 84' lang='grc' dir='ltr'><strong><em>ποιοῦνται.</em></strong></span> <span class='ocrx_word' id='word_1_80' title='bbox 2277 1335 2541 1403; x_wconf 80' lang='lat' dir='ltr'>Civium</span> <span class='ocrx_word' id='word_1_81' title='bbox 2590 1340 2683 1401; x_wconf 87' lang='lat' dir='ltr'><strong>est</strong></span> <span class='ocrx_word' id='word_1_82' title='bbox 2730 1356 2927 1414; x_wconf 87' lang='grc' dir='ltr'><strong><em>παρα-</em></strong></span> 
     </span>
     <span class='ocr_line' id='line_1_11' title="bbox 549 1438 2930 1523; baseline 0 -20"><span class='ocrx_word' id='word_1_83' title='bbox 549 1438 868 1521; x_wconf 81' lang='grc' dir='ltr'><strong><em>σκευάζειν</em></strong></span> <span class='ocrx_word' id='word_1_84' title='bbox 917 1442 1052 1505; x_wconf 81' lang='lat' dir='ltr'><strong>sive</strong></span> <span class='ocrx_word' id='word_1_85' title='bbox 1098 1440 1680 1523; x_wconf 70' lang='grc' dir='ltr'><strong>παρασκευάζεσθαι</strong></span> <span class='ocrx_word' id='word_1_86' title='bbox 1728 1444 1838 1518; x_wconf 70' lang='grc' dir='ltr'><strong>την</strong></span> <span class='ocrx_word' id='word_1_87' title='bbox 1883 1445 2082 1523; x_wconf 77' lang='grc' dir='ltr'><strong><em>τριήρη</em></strong></span> <span class='ocrx_word' id='word_1_88' title='bbox 2136 1447 2272 1509; x_wconf 82' lang='lat' dir='ltr'><strong>sive</strong></span> <span class='ocrx_word' id='word_1_89' title='bbox 2315 1441 2710 1523; x_wconf 78' lang='grc' dir='ltr'><strong><em>εὐτρεπίζειν.</em></strong></span> <span class='ocrx_word' id='word_1_90' title='bbox 2770 1439 2930 1505; x_wconf 85' lang='lat' dir='ltr'><strong>Vide</strong></span> 
     </span>
     <span class='ocr_line' id='line_1_12' title="bbox 545 1545 2939 1634; baseline -0 -22"><span class='ocrx_word' id='word_1_91' title='bbox 545 1569 612 1612; x_wconf 82' lang='lat' dir='ltr'><strong>v.</strong></span> <span class='ocrx_word' id='word_1_92' title='bbox 673 1568 730 1612; x_wconf 89' lang='lat' dir='ltr'><strong>e.</strong></span> <span class='ocrx_word' id='word_1_93' title='bbox 792 1545 979 1611; x_wconf 90' lang='lat' dir='ltr'><strong>Dem.</strong></span> <span class='ocrx_word' id='word_1_94' title='bbox 1045 1568 1105 1632; x_wconf 91' lang='lat' dir='ltr'><strong>p.</strong></span> <span class='ocrx_word' id='word_1_95' title='bbox 1176 1546 1369 1625; x_wconf 80' lang='lat'>1228,</span> <span class='ocrx_word' id='word_1_96' title='bbox 1422 1549 1484 1613; x_wconf 86' lang='lat'><strong>5.</strong></span> <span class='ocrx_word' id='word_1_97' title='bbox 1548 1548 1693 1613; x_wconf 85' lang='lat' dir='ltr'><strong>Nisi</strong></span> <span class='ocrx_word' id='word_1_98' title='bbox 1741 1548 1928 1615; x_wconf 85' lang='lat' dir='ltr'><strong>fallor</strong></span> <span class='ocrx_word' id='word_1_99' title='bbox 1974 1553 2108 1634; x_wconf 87' lang='lat' dir='ltr'><strong>tota</strong></span> <span class='ocrx_word' id='word_1_100' title='bbox 2158 1550 2312 1616; x_wconf 85' lang='lat' dir='ltr'><strong>haec</strong></span> <span class='ocrx_word' id='word_1_101' title='bbox 2358 1550 2655 1634; x_wconf 76' lang='lat' dir='ltr'><strong>periodus</strong></span> <span class='ocrx_word' id='word_1_102' title='bbox 2702 1551 2794 1613; x_wconf 88' lang='lat' dir='ltr'><strong>sie</strong></span> <span class='ocrx_word' id='word_1_103' title='bbox 2841 1551 2939 1612; x_wconf 88' lang='lat' dir='ltr'><strong>est</strong></span> 
     </span>
     <span class='ocr_line' id='line_1_13' title="bbox 549 1651 2934 1737; baseline 0 -21"><span class='ocrx_word' id='word_1_104' title='bbox 549 1651 976 1717; x_wconf 79' lang='lat' dir='ltr'><strong>emendanda:</strong></span> <span class='ocrx_word' id='word_1_105' title='bbox 1042 1654 1147 1717; x_wconf 78' lang='grc' dir='ltr'><strong><em>καὶ</em></strong></span> <span class='ocrx_word' id='word_1_106' title='bbox 1214 1662 1589 1737; x_wconf 81' lang='grc' dir='ltr'><strong><em>τριηραρχῶν</em></strong></span> <span class='ocrx_word' id='word_1_107' title='bbox 1654 1657 1757 1721; x_wconf 82' lang='grc' dir='ltr'><strong>τὸν</strong></span> <span class='ocrx_word' id='word_1_108' title='bbox 1805 1655 2021 1721; x_wconf 89' lang='grc' dir='ltr'><strong><em>πάντα</em></strong></span> <span class='ocrx_word' id='word_1_109' title='bbox 2065 1654 2277 1736; x_wconf 80' lang='grc' dir='ltr'><strong><em>χρόνον</em></strong></span> <span class='ocrx_word' id='word_1_110' title='bbox 2324 1654 2665 1720; x_wconf 78' lang='grc' dir='ltr'><strong><em>διετέλεσεν</em></strong></span> <span class='ocrx_word' id='word_1_111' title='bbox 2709 1655 2818 1718; x_wconf 81' lang='grc' dir='ltr'><strong>οὐκ</strong></span> <span class='ocrx_word' id='word_1_112' title='bbox 2867 1653 2934 1716; x_wconf 81' lang='grc' dir='ltr'><strong>ἐκ</strong></span> 
     </span>
     <span class='ocr_line' id='line_1_14' title="bbox 550 1758 2935 1844; baseline 0.001 -23"><span class='ocrx_word' id='word_1_113' title='bbox 550 1758 897 1838; x_wconf 78' lang='grc' dir='ltr'><strong><em>συμμορίας</em></strong></span> <span class='ocrx_word' id='word_1_114' title='bbox 961 1761 1073 1833; x_wconf 75' lang='grc' dir='ltr'><strong>την</strong></span> <span class='ocrx_word' id='word_1_115' title='bbox 1132 1764 1280 1824; x_wconf 81' lang='grc' dir='ltr'><strong><em>ναῦν</em></strong></span> <span class='ocrx_word' id='word_1_116' title='bbox 1343 1759 2194 1841; x_wconf 77' lang='grc' dir='ltr'><strong><em>παρασκευαζόμενος</em></strong></span> <span class='ocrx_word' id='word_1_117' title='bbox 2260 1762 2518 1844; x_wconf 83' lang='lat' dir='ltr'><strong>(aoristo</strong></span> <span class='ocrx_word' id='word_1_118' title='bbox 2576 1760 2755 1826; x_wconf 83' lang='lat' dir='ltr'><strong>loeus</strong></span> <span class='ocrx_word' id='word_1_119' title='bbox 2809 1779 2935 1825; x_wconf 85' lang='lat' dir='ltr'><strong>non</strong></span> 
     </span>
     <span class='ocr_line' id='line_1_15' title="bbox 549 1838 2937 1948; baseline -0.001 -18"><span class='ocrx_word' id='word_1_120' title='bbox 549 1871 644 1930; x_wconf 79' lang='lat' dir='ltr'><strong>est</strong></span> <span class='ocrx_word' id='word_1_121' title='bbox 705 1867 785 1930; x_wconf 90' lang='lat' dir='ltr'><strong>ob</strong></span> <span class='ocrx_word' id='word_1_122' title='bbox 831 1866 1027 1931; x_wconf 82' lang='lat' dir='ltr'><strong>verba</strong></span> <span class='ocrx_word' id='word_1_123' title='bbox 1075 1868 1178 1931; x_wconf 84' lang='grc' dir='ltr'><strong>τὸν</strong></span> <span class='ocrx_word' id='word_1_124' title='bbox 1224 1867 1440 1931; x_wconf 81' lang='grc' dir='ltr'><strong><em>πάντα</em></strong></span> <span class='ocrx_word' id='word_1_125' title='bbox 1486 1867 1698 1947; x_wconf 78' lang='grc' dir='ltr'><strong><em>χρόνον</em></strong></span> <span class='ocrx_word' id='word_1_126' title='bbox 1745 1838 2172 1948; x_wconf 42' lang='grc' dir='ltr'><strong><em>διεπθᾶἱσπερ</em></strong></span> <span class='ocrx_word' id='word_1_127' title='bbox 2220 1869 2272 1933; x_wconf 84' lang='grc' dir='ltr'><strong>οἱ</strong></span> <span class='ocrx_word' id='word_1_128' title='bbox 2319 1872 2454 1939; x_wconf 80' lang='grc' dir='ltr'><strong><em>νῦν.</em></strong></span> <span class='ocrx_word' id='word_1_129' title='bbox 2502 1868 2654 1932; x_wconf 81' lang='grc' dir='ltr'><strong>ἀλλ’</strong></span> <span class='ocrx_word' id='word_1_130' title='bbox 2702 1868 2771 1929; x_wconf 82' lang='grc' dir='ltr'><strong>ἐκ</strong></span> <span class='ocrx_word' id='word_1_131' title='bbox 2815 1870 2937 1929; x_wconf 84' lang='grc' dir='ltr'><strong>τῶν</strong></span> 
     </span>
     <span class='ocr_line' id='line_1_16' title="bbox 552 1970 2939 2052; baseline 0.001 -20"><span class='ocrx_word' id='word_1_132' title='bbox 552 1973 740 2036; x_wconf 81' lang='grc' dir='ltr'><strong><em>αὑτοῦ</em></strong></span> <span class='ocrx_word' id='word_1_133' title='bbox 790 1970 1203 2046; x_wconf 77' lang='grc' dir='ltr'><strong><em>δαπανῶν,</em></strong></span> <span class='ocrx_word' id='word_1_134' title='bbox 1251 1972 1385 2037; x_wconf 79' lang='grc' dir='ltr'><strong><em>οὐδὲ</em></strong></span> <span class='ocrx_word' id='word_1_135' title='bbox 1435 1971 1709 2052; x_wconf 87' lang='grc' dir='ltr'><strong><em>δεύτερος</em></strong></span> <span class='ocrx_word' id='word_1_136' title='bbox 1759 1973 1947 2045; x_wconf 81' lang='grc' dir='ltr'><strong><em>αὐτὸς</em></strong></span> <span class='ocrx_word' id='word_1_137' title='bbox 1997 1972 2071 2037; x_wconf 75' lang='grc' dir='ltr'><strong>ὢν</strong></span> <span class='ocrx_word' id='word_1_138' title='bbox 2119 1972 2296 2038; x_wconf 76' lang='grc' dir='ltr'><strong><em>ἀλλὰ</em></strong></span> <span class='ocrx_word' id='word_1_139' title='bbox 2342 1973 2512 2038; x_wconf 75' lang='grc' dir='ltr'><strong><em>κατὰ</em></strong></span> <span class='ocrx_word' id='word_1_140' title='bbox 2556 1973 2750 2050; x_wconf 82' lang='grc' dir='ltr'><strong><em>μόνας</em></strong></span> <span class='ocrx_word' id='word_1_141' title='bbox 2800 1970 2939 2036; x_wconf 78' lang='grc' dir='ltr'><strong><em>οὐδὲ</em></strong></span> 
     </span>
     <span class='ocr_line' id='line_1_17' title="bbox 551 2073 2941 2159; baseline 0 -19"><span class='ocrx_word' id='word_1_142' title='bbox 551 2075 643 2140; x_wconf 84' lang='grc' dir='ltr'><strong>δύ’</strong></span> <span class='ocrx_word' id='word_1_143' title='bbox 710 2076 815 2150; x_wconf 81' lang='grc' dir='ltr'><strong><em>ἔτη</em></strong></span> <span class='ocrx_word' id='word_1_144' title='bbox 882 2076 1177 2143; x_wconf 81' lang='grc' dir='ltr'><strong><em>διαλιπὼν</em></strong></span> <span class='ocrx_word' id='word_1_145' title='bbox 1242 2079 1420 2143; x_wconf 76' lang='grc' dir='ltr'><strong><em>ἀλλὰ</em></strong></span> <span class='ocrx_word' id='word_1_146' title='bbox 1476 2086 1782 2159; x_wconf 82' lang='grc' dir='ltr'><strong><em>συνεχῶς,</em></strong></span> <span class='ocrx_word' id='word_1_147' title='bbox 1832 2079 1956 2144; x_wconf 77' lang='grc' dir='ltr'><strong><em>οὐδ’</em></strong></span> <span class='ocrx_word' id='word_1_148' title='bbox 2002 2080 2447 2158; x_wconf 66' lang='grc' dir='ltr'><strong><em>ἀφοσιούμενος</em></strong></span> <span class='ocrx_word' id='word_1_149' title='bbox 2492 2079 2642 2144; x_wconf 81' lang='grc' dir='ltr'><strong>ἀλλ’</strong></span> <span class='ocrx_word' id='word_1_150' title='bbox 2688 2079 2766 2150; x_wconf 81' lang='grc' dir='ltr'><strong><em>ὥς</em></strong></span> <span class='ocrx_word' id='word_1_151' title='bbox 2814 2073 2941 2142; x_wconf 77' lang='grc' dir='ltr'><strong><em>οἶόν</em></strong></span> 
     </span>
     <span class='ocr_line' id='line_1_18' title="bbox 551 2181 2940 2271; baseline 0.001 -26"><span class='ocrx_word' id='word_1_152' title='bbox 551 2184 608 2245; x_wconf 82' lang='grc' dir='ltr'><strong>τ’</strong></span> <span class='ocrx_word' id='word_1_153' title='bbox 659 2181 844 2262; x_wconf 76' lang='grc' dir='ltr'><strong><em>ἄριςα</em></strong></span> <span class='ocrx_word' id='word_1_154' title='bbox 896 2184 1592 2270; x_wconf 80' lang='grc' dir='ltr'><strong><em>[παρασκευαζόμενος].</em></strong></span> <span class='ocrx_word' id='word_1_155' title='bbox 1644 2185 2069 2271; x_wconf 88' lang='lat' dir='ltr'><strong>Partieipium</strong></span> <span class='ocrx_word' id='word_1_156' title='bbox 2118 2186 2286 2271; x_wconf 91' lang='lat' dir='ltr'><strong>quod</strong></span> <span class='ocrx_word' id='word_1_157' title='bbox 2334 2206 2449 2251; x_wconf 91' lang='lat' dir='ltr'><strong>suo</strong></span> <span class='ocrx_word' id='word_1_158' title='bbox 2494 2184 2633 2251; x_wconf 90' lang='lat' dir='ltr'><strong>loco</strong></span> <span class='ocrx_word' id='word_1_159' title='bbox 2675 2186 2940 2250; x_wconf 87' lang='lat' dir='ltr'><strong>restitui</strong></span> 
     </span>
     <span class='ocr_line' id='line_1_19' title="bbox 548 2283 2939 2377; baseline 0.001 -24"><span class='ocrx_word' id='word_1_160' title='bbox 548 2286 707 2353; x_wconf 89' lang='lat' dir='ltr'><strong>olim</strong></span> <span class='ocrx_word' id='word_1_161' title='bbox 773 2288 922 2354; x_wconf 91' lang='lat' dir='ltr'><strong>inde</strong></span> <span class='ocrx_word' id='word_1_162' title='bbox 984 2295 1238 2354; x_wconf 88' lang='lat' dir='ltr'><strong>motum</strong></span> <span class='ocrx_word' id='word_1_163' title='bbox 1300 2299 1435 2356; x_wconf 88' lang='lat' dir='ltr'><strong>erat</strong></span> <span class='ocrx_word' id='word_1_164' title='bbox 1494 2291 1573 2356; x_wconf 85' lang='lat' dir='ltr'><strong>ad</strong></span> <span class='ocrx_word' id='word_1_165' title='bbox 1638 2291 2007 2377; x_wconf 80' lang='lat' dir='ltr'><strong>explicanda</strong></span> <span class='ocrx_word' id='word_1_166' title='bbox 2066 2293 2260 2358; x_wconf 83' lang='lat' dir='ltr'><strong>verba</strong></span> <span class='ocrx_word' id='word_1_167' title='bbox 2318 2295 2396 2363; x_wconf 79' lang='grc' dir='ltr'><strong><em>ὥς</em></strong></span> <span class='ocrx_word' id='word_1_168' title='bbox 2444 2283 2560 2356; x_wconf 80' lang='grc' dir='ltr'><strong><em>οἶόν</em></strong></span> <span class='ocrx_word' id='word_1_169' title='bbox 2606 2294 2663 2355; x_wconf 82' lang='grc' dir='ltr'><strong>τ’</strong></span> <span class='ocrx_word' id='word_1_170' title='bbox 2710 2288 2939 2369; x_wconf 72' lang='grc' dir='ltr'><strong><em>ἀριςα,</em></strong></span> 
     </span>
     <span class='ocr_line' id='line_1_20' title="bbox 550 2395 2941 2484; baseline 0.002 -27"><span class='ocrx_word' id='word_1_171' title='bbox 550 2414 674 2478; x_wconf 89' lang='lat' dir='ltr'><strong>quo</strong></span> <span class='ocrx_word' id='word_1_172' title='bbox 720 2395 887 2459; x_wconf 81' lang='lat' dir='ltr'><strong>facto</strong></span> <span class='ocrx_word' id='word_1_173' title='bbox 932 2397 1143 2461; x_wconf 87' lang='lat' dir='ltr'><strong>neseio</strong></span> <span class='ocrx_word' id='word_1_174' title='bbox 1189 2399 1332 2482; x_wconf 91' lang='lat' dir='ltr'><strong>quis</strong></span> <span class='ocrx_word' id='word_1_175' title='bbox 1376 2400 1444 2462; x_wconf 92' lang='lat' dir='ltr'><strong>in</strong></span> <span class='ocrx_word' id='word_1_176' title='bbox 1491 2398 1873 2484; x_wconf 78' lang='lat' dir='ltr'><strong>antiquitate</strong></span> <span class='ocrx_word' id='word_1_177' title='bbox 1918 2400 2134 2464; x_wconf 77' lang='lat' dir='ltr'><strong>Attica</strong></span> <span class='ocrx_word' id='word_1_178' title='bbox 2173 2397 2359 2483; x_wconf 89' lang='lat' dir='ltr'><strong>plane</strong></span> <span class='ocrx_word' id='word_1_179' title='bbox 2398 2398 2623 2483; x_wconf 80' lang='lat' dir='ltr'><strong>hospes</strong></span> <span class='ocrx_word' id='word_1_180' title='bbox 2659 2398 2941 2483; x_wconf 81' lang='lat' dir='ltr'><strong>pessime</strong></span> 
     </span>
     <span class='ocr_line' id='line_1_21' title="bbox 547 2500 2942 2587; baseline 0 -23"><span class='ocrx_word' id='word_1_181' title='bbox 547 2500 873 2585; x_wconf 84' lang='lat' dir='ltr'><strong>supplevit</strong></span> <span class='ocrx_word' id='word_1_182' title='bbox 942 2500 1369 2579; x_wconf 74' lang='grc' dir='ltr'><strong><em>ποιησάμενος.</em></strong></span> <span class='ocrx_word' id='word_1_183' title='bbox 1475 2504 1683 2570; x_wconf 85' lang='lat' dir='ltr'><strong>Locus</strong></span> <span class='ocrx_word' id='word_1_184' title='bbox 1751 2507 1840 2569; x_wconf 83' lang='lat' dir='ltr'><strong>sie</strong></span> <span class='ocrx_word' id='word_1_185' title='bbox 1910 2506 2294 2570; x_wconf 80' lang='lat' dir='ltr'><strong>constitutus</strong></span> <span class='ocrx_word' id='word_1_186' title='bbox 2364 2504 2512 2571; x_wconf 83' lang='lat' dir='ltr'><strong>vide</strong></span> <span class='ocrx_word' id='word_1_187' title='bbox 2582 2523 2775 2587; x_wconf 90' lang='lat' dir='ltr'><strong>quam</strong></span> <span class='ocrx_word' id='word_1_188' title='bbox 2852 2504 2942 2566; x_wconf 87' lang='lat' dir='ltr'><strong>sit</strong></span> 
     </span>
     <span class='ocr_line' id='line_1_22' title="bbox 549 2607 2939 2694; baseline 0.001 -24"><span class='ocrx_word' id='word_1_189' title='bbox 549 2607 808 2694; x_wconf 78' lang='lat' dir='ltr'><strong>egregie</strong></span> <span class='ocrx_word' id='word_1_190' title='bbox 863 2610 1273 2693; x_wconf 80' lang='lat' dir='ltr'><strong>compositus.</strong></span> <span class='ocrx_word' id='word_1_191' title='bbox 1368 2609 1441 2675; x_wconf 94' lang='lat' dir='ltr'><strong>In</strong></span> <span class='ocrx_word' id='word_1_192' title='bbox 1487 2612 1690 2676; x_wconf 86' lang='lat' dir='ltr'><strong>tribus</strong></span> <span class='ocrx_word' id='word_1_193' title='bbox 1737 2610 1990 2676; x_wconf 85' lang='lat' dir='ltr'><strong>ultimis</strong></span> <span class='ocrx_word' id='word_1_194' title='bbox 2039 2611 2346 2675; x_wconf 86' lang='lat' dir='ltr'><strong>membris</strong></span> <span class='ocrx_word' id='word_1_195' title='bbox 2392 2609 2744 2674; x_wconf 89' lang='lat' dir='ltr'><strong>identidem</strong></span> <span class='ocrx_word' id='word_1_196' title='bbox 2789 2628 2939 2692; x_wconf 87' lang='lat' dir='ltr'><strong>par-</strong></span> 
     </span>
     <span class='ocr_line' id='line_1_23' title="bbox 549 2711 2937 2801; baseline 0 -25"><span class='ocrx_word' id='word_1_197' title='bbox 549 2711 843 2797; x_wconf 84' lang='lat' dir='ltr'><strong>ticipium</strong></span> <span class='ocrx_word' id='word_1_198' title='bbox 914 2719 980 2778; x_wconf 89' lang='lat' dir='ltr'><strong>et</strong></span> <span class='ocrx_word' id='word_1_199' title='bbox 1040 2713 1414 2781; x_wconf 83' lang='lat' dir='ltr'><strong>adverbium</strong></span> <span class='ocrx_word' id='word_1_200' title='bbox 1480 2716 1608 2781; x_wconf 89' lang='lat' dir='ltr'><strong>sibi</strong></span> <span class='ocrx_word' id='word_1_201' title='bbox 1667 2716 2079 2801; x_wconf 80' lang='lat' dir='ltr'><strong>respondent:</strong></span> <span class='ocrx_word' id='word_1_202' title='bbox 2145 2715 2420 2796; x_wconf 83' lang='grc' dir='ltr'><strong><em>δεύτερος</em></strong></span> <span class='ocrx_word' id='word_1_203' title='bbox 2475 2715 2551 2779; x_wconf 81' lang='grc' dir='ltr'><strong>ὤν</strong></span> <span class='ocrx_word' id='word_1_204' title='bbox 2618 2752 2700 2763; x_wconf 93' lang='grc'>-</span> <span class='ocrx_word' id='word_1_205' title='bbox 2758 2715 2937 2778; x_wconf 74' lang='grc' dir='ltr'><strong><em>κατὰ</em></strong></span> 
     </span>
     <span class='ocr_line' id='line_1_24' title="bbox 548 2817 2941 2902; baseline 0.001 -20"><span class='ocrx_word' id='word_1_206' title='bbox 548 2817 778 2896; x_wconf 85' lang='grc' dir='ltr'><strong><em>μόνας,</em></strong></span> <span class='ocrx_word' id='word_1_207' title='bbox 841 2817 1139 2885; x_wconf 77' lang='grc' dir='ltr'><strong><em>διαλιπὼν</em></strong></span> <span class='ocrx_word' id='word_1_208' title='bbox 1189 2859 1271 2870; x_wconf 92' lang='grc'>-</span> <span class='ocrx_word' id='word_1_209' title='bbox 1320 2828 1589 2901; x_wconf 80' lang='grc' dir='ltr'><strong><em>συνεχῶς</em></strong></span> <span class='ocrx_word' id='word_1_210' title='bbox 1614 2873 1631 2895; x_wconf 88' lang='grc'>,</span> <span class='ocrx_word' id='word_1_211' title='bbox 1695 2823 2136 2902; x_wconf 72' lang='grc' dir='ltr'><strong><em>ἀφοσιούμενος</em></strong></span> <span class='ocrx_word' id='word_1_212' title='bbox 2188 2859 2270 2871; x_wconf 97' lang='grc'>-</span> <span class='ocrx_word' id='word_1_213' title='bbox 2328 2819 2534 2899; x_wconf 78' lang='grc' dir='ltr'><strong><em>ἄριςα.</em></strong></span> <span class='ocrx_word' id='word_1_214' title='bbox 2610 2818 2779 2899; x_wconf 81' lang='lat' dir='ltr'><strong>Quot</strong></span> <span class='ocrx_word' id='word_1_215' title='bbox 2829 2841 2941 2886; x_wconf 79' lang='lat' dir='ltr'><strong>ve-</strong></span> 
     </span>
     <span class='ocr_line' id='line_1_25' title="bbox 548 2924 2512 3015; baseline 0.001 -25"><span class='ocrx_word' id='word_1_216' title='bbox 548 2926 806 2991; x_wconf 88' lang='lat' dir='ltr'><strong>neribus</strong></span> <span class='ocrx_word' id='word_1_217' title='bbox 852 2946 964 2991; x_wconf 90' lang='lat' dir='ltr'><strong>nos</strong></span> <span class='ocrx_word' id='word_1_218' title='bbox 1010 2929 1292 3011; x_wconf 81' lang='lat' dir='ltr'><strong>privavit</strong></span> <span class='ocrx_word' id='word_1_219' title='bbox 1336 2930 1565 2994; x_wconf 81' lang='lat' dir='ltr'><strong>inscita</strong></span> <span class='ocrx_word' id='word_1_220' title='bbox 1614 2928 2125 3015; x_wconf 81' lang='lat' dir='ltr'><strong>magistellorum</strong></span> <span class='ocrx_word' id='word_1_221' title='bbox 2170 2924 2512 2994; x_wconf 75' lang='lat' dir='ltr'><strong>sedulitas!</strong></span> 
     </span>
    </p>

    <p class='ocr_par' dir='ltr' id='par_1_5' title="bbox 547 3031 2938 3543">
     <span class='ocr_line' id='line_1_26' title="bbox 639 3031 2938 3119; baseline 0 -24"><span class='ocrx_word' id='word_1_222' title='bbox 639 3032 678 3115; x_wconf 61' lang='grc' dir='ltr'>ξ</span> <span class='ocrx_word' id='word_1_223' title='bbox 727 3031 809 3096; x_wconf 89' lang='grc'><strong>41</strong></span> <span class='ocrx_word' id='word_1_224' title='bbox 874 3031 1170 3117; x_wconf 85' lang='lat' dir='ltr'><strong>displicet</strong></span> <span class='ocrx_word' id='word_1_225' title='bbox 1230 3033 1577 3119; x_wconf 80' lang='lat' dir='ltr'><strong>asyndeton</strong></span> <span class='ocrx_word' id='word_1_226' title='bbox 1599 3081 1614 3110; x_wconf 91' lang='lat'>‚</span> <span class='ocrx_word' id='word_1_227' title='bbox 1679 3033 1845 3118; x_wconf 92' lang='lat' dir='ltr'><strong>quod</strong></span> <span class='ocrx_word' id='word_1_228' title='bbox 1891 3037 2101 3099; x_wconf 85' lang='lat' dir='ltr'><strong>nescio</strong></span> <span class='ocrx_word' id='word_1_229' title='bbox 2146 3054 2225 3098; x_wconf 88' lang='lat' dir='ltr'><strong>an</strong></span> <span class='ocrx_word' id='word_1_230' title='bbox 2274 3036 2364 3099; x_wconf 89' lang='lat' dir='ltr'><strong>sic</strong></span> <span class='ocrx_word' id='word_1_231' title='bbox 2412 3032 2938 3098; x_wconf 72' lang='lat' dir='ltr'><strong>commodissime</strong></span> 
     </span>
     <span class='ocr_line' id='line_1_27' title="bbox 548 3135 2937 3218; baseline -0 -15"><span class='ocrx_word' id='word_1_232' title='bbox 548 3137 844 3203; x_wconf 80' lang='lat' dir='ltr'><strong>tollatur:</strong></span> <span class='ocrx_word' id='word_1_233' title='bbox 894 3138 998 3201; x_wconf 78' lang='grc' dir='ltr'><strong><em>καὶ</em></strong></span> <span class='ocrx_word' id='word_1_234' title='bbox 1047 3139 1170 3216; x_wconf 68' lang='grc' dir='ltr'><strong>μὴν</strong></span> <span class='ocrx_word' id='word_1_235' title='bbox 1216 3137 1383 3217; x_wconf 80' lang='grc' dir='ltr'><strong><em>κάμέ</em></strong></span> <span class='ocrx_word' id='word_1_236' title='bbox 1429 3163 1544 3217; x_wconf 90' lang='grc' dir='ltr'><strong><em>γε,</em></strong></span> <span class='ocrx_word' id='word_1_237' title='bbox 1592 3135 1707 3203; x_wconf 76' lang='grc' dir='ltr'><strong><em>ὅσα</em></strong></span> <span class='ocrx_word' id='word_1_238' title='bbox 1757 3140 1924 3203; x_wconf 71' lang='grc' dir='ltr'><strong><em>κατὰ</em></strong></span> <span class='ocrx_word' id='word_1_239' title='bbox 1974 3142 2080 3212; x_wconf 70' lang='grc' dir='ltr'><strong>τὴν</strong></span> <span class='ocrx_word' id='word_1_240' title='bbox 2131 3142 2282 3217; x_wconf 68' lang='grc' dir='ltr'><strong><em>ἐμὴν</em></strong></span> <span class='ocrx_word' id='word_1_241' title='bbox 2331 3139 2603 3215; x_wconf 75' lang='grc' dir='ltr'><strong><em>ἡλικίαν,</em></strong></span> <span class='ocrx_word' id='word_1_242' title='bbox 2645 3138 2937 3218; x_wconf 74' lang='grc' dir='ltr'><strong><em>εὑρήσετε</em></strong></span> 
     </span>
     <span class='ocr_line' id='line_1_28' title="bbox 547 3239 2934 3325; baseline 0.001 -19"><span class='ocrx_word' id='word_1_243' title='bbox 547 3244 614 3307; x_wconf 81' lang='grc' dir='ltr'><strong>οὔ</strong></span> <span class='ocrx_word' id='word_1_244' title='bbox 687 3243 874 3308; x_wconf 78' lang='grc' dir='ltr'><strong><em>κακὸν</em></strong></span> <span class='ocrx_word' id='word_1_245' title='bbox 937 3242 1068 3309; x_wconf 72' lang='grc' dir='ltr'><strong><em>οὐδὲ</em></strong></span> <span class='ocrx_word' id='word_1_246' title='bbox 1129 3242 1433 3325; x_wconf 68' lang='grc' dir='ltr'><strong><em>ἄκρης-ον,</em></strong></span> <span class='ocrx_word' id='word_1_247' title='bbox 1497 3240 1620 3321; x_wconf 76' lang='grc' dir='ltr'><strong><em>&lt;ὅς</em></strong></span> <span class='ocrx_word' id='word_1_248' title='bbox 1687 3239 1825 3323; x_wconf 86' lang='grc' dir='ltr'><strong>γ’&gt;</strong></span> <span class='ocrx_word' id='word_1_249' title='bbox 1888 3245 2265 3325; x_wconf 77' lang='grc' dir='ltr'><strong><em>ἐςράτευμαι</em></strong></span> <span class='ocrx_word' id='word_1_250' title='bbox 2326 3247 2444 3318; x_wconf 71' lang='grc' dir='ltr'><strong><em>τοὶς</em></strong></span> <span class='ocrx_word' id='word_1_251' title='bbox 2507 3243 2803 3325; x_wconf 72' lang='grc' dir='ltr'><strong><em>ςρατείας</em></strong></span> <span class='ocrx_word' id='word_1_252' title='bbox 2854 3254 2934 3325; x_wconf 69' lang='grc' dir='ltr'><strong>τῇ</strong></span> 
     </span>
     <span class='ocr_line' id='line_1_29' title="bbox 549 3347 2935 3437; baseline 0.001 -26"><span class='ocrx_word' id='word_1_253' title='bbox 549 3347 767 3426; x_wconf 83' lang='grc' dir='ltr'><strong><em>πόλει,</em></strong></span> <span class='ocrx_word' id='word_1_254' title='bbox 834 3350 921 3414; x_wconf 79' lang='grc' dir='ltr'><strong>τά</strong></span> <span class='ocrx_word' id='word_1_255' title='bbox 980 3349 1455 3428; x_wconf 84' lang='grc' dir='ltr'><strong><em>προς-αττόμενα</em></strong></span> <span class='ocrx_word' id='word_1_256' title='bbox 1516 3357 1757 3417; x_wconf 83' lang='grc' dir='ltr'><strong><em>ποιῶν</em></strong></span> <span class='ocrx_word' id='word_1_257' title='bbox 1805 3354 1981 3436; x_wconf 83' lang='lat' dir='ltr'><strong>(eum</strong></span> <span class='ocrx_word' id='word_1_258' title='bbox 2031 3351 2281 3417; x_wconf 86' lang='lat' dir='ltr'><strong>Nabero</strong></span> <span class='ocrx_word' id='word_1_259' title='bbox 2326 3371 2440 3437; x_wconf 85' lang='lat' dir='ltr'><strong>pro</strong></span> <span class='ocrx_word' id='word_1_260' title='bbox 2487 3352 2692 3434; x_wconf 76' lang='grc' dir='ltr'><strong><em>ποιῶ)’</em></strong></span> <span class='ocrx_word' id='word_1_261' title='bbox 2753 3355 2935 3414; x_wconf 82' lang='grc' dir='ltr'><strong><em>τοῦτο</em></strong></span> 
     </span>
     <span class='ocr_line' id='line_1_30' title="bbox 547 3455 2928 3543; baseline 0.001 -26"><span class='ocrx_word' id='word_1_262' title='bbox 547 3455 675 3534; x_wconf 74' lang='grc' dir='ltr'><strong>γάρ</strong></span> <span class='ocrx_word' id='word_1_263' title='bbox 724 3461 839 3518; x_wconf 83' lang='grc' dir='ltr'><strong>τῶν</strong></span> <span class='ocrx_word' id='word_1_264' title='bbox 885 3455 1253 3529; x_wconf 80' lang='grc' dir='ltr'><strong><em>τηλικούτων</em></strong></span> <span class='ocrx_word' id='word_1_265' title='bbox 1299 3456 1473 3537; x_wconf 79' lang='grc' dir='ltr'><strong><em>ἔργον</em></strong></span> <span class='ocrx_word' id='word_1_266' title='bbox 1521 3458 1635 3525; x_wconf 73' lang='grc' dir='ltr'><strong><em>ἑςί.</em></strong></span> <span class='ocrx_word' id='word_1_267' title='bbox 1684 3458 1896 3523; x_wconf 80' lang='lat' dir='ltr'><strong>Possis</strong></span> <span class='ocrx_word' id='word_1_268' title='bbox 1936 3478 2213 3543; x_wconf 87' lang='lat' dir='ltr'><strong>quoque:</strong></span> <span class='ocrx_word' id='word_1_269' title='bbox 2268 3456 2353 3522; x_wconf 87' lang='grc' dir='ltr'><strong>τά</strong></span> <span class='ocrx_word' id='word_1_270' title='bbox 2402 3464 2599 3532; x_wconf 87' lang='grc' dir='ltr'><strong><em>&lt;τε&gt;</em></strong></span> <span class='ocrx_word' id='word_1_271' title='bbox 2650 3479 2718 3519; x_wconf 93' lang='grc' dir='ltr'><strong>π.</strong></span> <span class='ocrx_word' id='word_1_272' title='bbox 2766 3460 2928 3519; x_wconf 76' lang='grc' dir='ltr'><strong><em>ποιῶ.</em></strong></span> 
     </span>
    </p>

    <p class='ocr_par' dir='ltr' id='par_1_6' title="bbox 549 3547 2959 3853">
     <span class='ocr_line' id='line_1_31' title="bbox 641 3547 2935 3646; baseline 0.002 -26"><span class='ocrx_word' id='word_1_273' title='bbox 641 3558 792 3623; x_wconf 86' lang='lat' dir='ltr'><strong>VIII</strong></span> <span class='ocrx_word' id='word_1_274' title='bbox 839 3564 876 3646; x_wconf 64' lang='grc' dir='ltr'>ἓ</span> <span class='ocrx_word' id='word_1_275' title='bbox 927 3562 959 3627; x_wconf 93' lang='grc'>1</span> <span class='ocrx_word' id='word_1_276' title='bbox 1022 3561 1464 3643; x_wconf 87' lang='grc' dir='ltr'><strong><em>ἀφανίζειν</em></strong></span> <span class='ocrx_word' id='word_1_277' title='bbox 1515 3547 1860 3642; x_wconf 78' lang='grc' dir='ltr'><strong><em>ἕλπίζωσιν.</em></strong></span> <span class='ocrx_word' id='word_1_278' title='bbox 1958 3562 2098 3628; x_wconf 90' lang='lat' dir='ltr'><strong>Imo</strong></span> <span class='ocrx_word' id='word_1_279' title='bbox 2144 3565 2562 3642; x_wconf 84' lang='grc' dir='ltr'><strong><em>ἀφανιεῖν.</em></strong></span> <span class='ocrx_word' id='word_1_280' title='bbox 2660 3560 2732 3625; x_wconf 93' lang='lat' dir='ltr'><strong>In</strong></span> <span class='ocrx_word' id='word_1_281' title='bbox 2779 3563 2935 3646; x_wconf 80' lang='lat' dir='ltr'><strong>ipsis</strong></span> 
     </span>
     <span class='ocr_line' id='line_1_32' title="bbox 551 3666 2959 3751; baseline 0.001 -21"><span class='ocrx_word' id='word_1_282' title='bbox 551 3667 958 3751; x_wconf 82' lang='lat' dir='ltr'><strong>sequentibus</strong></span> <span class='ocrx_word' id='word_1_283' title='bbox 1009 3688 1227 3732; x_wconf 82' lang='lat' dir='ltr'><strong>aurem</strong></span> <span class='ocrx_word' id='word_1_284' title='bbox 1276 3668 1600 3734; x_wconf 81' lang='lat' dir='ltr'><strong>offendunt</strong></span> <span class='ocrx_word' id='word_1_285' title='bbox 1647 3670 1839 3734; x_wconf 84' lang='lat' dir='ltr'><strong>verba</strong></span> <span class='ocrx_word' id='word_1_286' title='bbox 1886 3670 1955 3732; x_wconf 82' lang='grc' dir='ltr'><strong>ἐκ</strong></span> <span class='ocrx_word' id='word_1_287' title='bbox 2001 3666 2316 3746; x_wconf 72' lang='grc' dir='ltr'><strong><em>θυγατρὸς</em></strong></span> <span class='ocrx_word' id='word_1_288' title='bbox 2368 3671 2620 3734; x_wconf 83' lang='grc' dir='ltr'><strong><em>αὑτοῦ</em></strong></span> <span class='ocrx_word' id='word_1_289' title='bbox 2671 3670 2959 3746; x_wconf 84' lang='grc' dir='ltr'><strong><em>γνησίας·</em></strong></span> 
     </span>
     <span class='ocr_line' id='line_1_33' title="bbox 549 3773 2612 3853; baseline 0 -17"><span class='ocrx_word' id='word_1_290' title='bbox 549 3773 782 3843; x_wconf 86' lang='grc' dir='ltr'><strong><em>παῖδας</em></strong></span> <span class='ocrx_word' id='word_1_291' title='bbox 834 3775 929 3836; x_wconf 80' lang='grc' dir='ltr'><strong><em>αὖ</em></strong></span> <span class='ocrx_word' id='word_1_292' title='bbox 953 3775 1051 3853; x_wconf 77' lang='grc' dir='ltr'><strong>τῷ</strong></span> <span class='ocrx_word' id='word_1_293' title='bbox 1099 3774 1659 3851; x_wconf 82' lang='grc' dir='ltr'><strong><em>καταλελοιπότος,</em></strong></span> <span class='ocrx_word' id='word_1_294' title='bbox 1709 3776 1821 3839; x_wconf 90' lang='lat' dir='ltr'><strong>ubi</strong></span> <span class='ocrx_word' id='word_1_295' title='bbox 1869 3776 2056 3839; x_wconf 82' lang='grc' dir='ltr'><strong><em>αὑτοῦ</em></strong></span> <span class='ocrx_word' id='word_1_296' title='bbox 2107 3776 2320 3841; x_wconf 79' lang='lat' dir='ltr'><strong>abesse</strong></span> <span class='ocrx_word' id='word_1_297' title='bbox 2366 3774 2612 3840; x_wconf 81' lang='lat' dir='ltr'><strong>malim.</strong></span> 
     </span>
    </p>

    <p class='ocr_par' dir='ltr' id='par_1_7' title="bbox 640 3877 2071 3962">
     <span class='ocr_line' id='line_1_34' title="bbox 640 3877 2071 3962; baseline 0.001 -21"><span class='ocrx_word' id='word_1_298' title='bbox 640 3880 677 3962; x_wconf 65' lang='grc' dir='ltr'>ἓ</span> <span class='ocrx_word' id='word_1_299' title='bbox 725 3877 766 3941; x_wconf 82' lang='lat'><strong>3</strong></span> <span class='ocrx_word' id='word_1_300' title='bbox 813 3882 879 3944; x_wconf 83' lang='lat' dir='ltr'><strong>et</strong></span> <span class='ocrx_word' id='word_1_301' title='bbox 924 3878 961 3961; x_wconf 61' lang='grc' dir='ltr'>ἓ</span> <span class='ocrx_word' id='word_1_302' title='bbox 1012 3877 1049 3942; x_wconf 86' lang='grc'><strong>7</strong></span> <span class='ocrx_word' id='word_1_303' title='bbox 1100 3878 1238 3945; x_wconf 87' lang='lat' dir='ltr'><strong>dele</strong></span> <span class='ocrx_word' id='word_1_304' title='bbox 1287 3882 1472 3960; x_wconf 88' lang='grc' dir='ltr'><strong><em>Κίρων</em></strong></span> <span class='ocrx_word' id='word_1_305' title='bbox 1520 3887 1666 3946; x_wconf 80' lang='lat' dir='ltr'><strong>ante</strong></span> <span class='ocrx_word' id='word_1_306' title='bbox 1710 3882 1738 3945; x_wconf 79' lang='grc' dir='ltr'><strong><em>ὅ</em></strong></span> <span class='ocrx_word' id='word_1_307' title='bbox 1788 3881 2071 3953; x_wconf 80' lang='grc' dir='ltr'><strong><em>πάππος.</em></strong></span> 
     </span>
    </p>

    <p class='ocr_par' dir='ltr' id='par_1_8' title="bbox 552 3981 2943 4498">
     <span class='ocr_line' id='line_1_35' title="bbox 647 3981 2942 4072; baseline -0.001 -23"><span class='ocrx_word' id='word_1_308' title='bbox 647 3985 684 4067; x_wconf 63' lang='grc' dir='ltr'>ξ</span> <span class='ocrx_word' id='word_1_309' title='bbox 734 3981 772 4049; x_wconf 84' lang='grc'>7</span> <span class='ocrx_word' id='word_1_310' title='bbox 824 3983 851 4047; x_wconf 83' lang='grc' dir='ltr'><strong><em>ὅ</em></strong></span> <span class='ocrx_word' id='word_1_311' title='bbox 901 3985 1027 4064; x_wconf 77' lang='grc' dir='ltr'><strong>γὰρ</strong></span> <span class='ocrx_word' id='word_1_312' title='bbox 1074 3982 1336 4057; x_wconf 87' lang='grc' dir='ltr'><strong><em>πάππος</em></strong></span> <span class='ocrx_word' id='word_1_313' title='bbox 1388 3986 1416 4049; x_wconf 82' lang='grc' dir='ltr'><strong><em>ὅ</em></strong></span> <span class='ocrx_word' id='word_1_314' title='bbox 1466 3987 1647 4069; x_wconf 81' lang='grc' dir='ltr'><strong><em>ἐμός,</em></strong></span> <span class='ocrx_word' id='word_1_315' title='bbox 1696 3984 1738 4050; x_wconf 81' lang='grc' dir='ltr'><em>ὦ</em></span> <span class='ocrx_word' id='word_1_316' title='bbox 1785 3985 2028 4071; x_wconf 76' lang='grc' dir='ltr'><strong><em>ἄνδρες,</em></strong></span> <span class='ocrx_word' id='word_1_317' title='bbox 2084 3985 2329 4072; x_wconf 85' lang='grc' dir='ltr'><strong><em>[Κίρων]</em></strong></span> <span class='ocrx_word' id='word_1_318' title='bbox 2380 3983 2580 4064; x_wconf 78' lang='grc' dir='ltr'><strong><em>ἔγημε</em></strong></span> <span class='ocrx_word' id='word_1_319' title='bbox 2627 3987 2735 4061; x_wconf 68' lang='grc' dir='ltr'><strong>τὴν</strong></span> <span class='ocrx_word' id='word_1_320' title='bbox 2784 3985 2942 4061; x_wconf 69' lang='grc' dir='ltr'><strong><em>ἐμὴν</em></strong></span> 
     </span>
     <span class='ocr_line' id='line_1_36' title="bbox 552 4084 2938 4174; baseline 0 -21"><span class='ocrx_word' id='word_1_321' title='bbox 552 4087 749 4165; x_wconf 70' lang='grc' dir='ltr'><strong><em>τήθην</em></strong></span> <span class='ocrx_word' id='word_1_322' title='bbox 815 4084 1000 4155; x_wconf 84' lang='grc' dir='ltr'><strong><em>οὖσαν</em></strong></span> <span class='ocrx_word' id='word_1_323' title='bbox 1065 4090 1368 4174; x_wconf 81' lang='grc' dir='ltr'><strong><em>ἀνεψιάν,</em></strong></span> <span class='ocrx_word' id='word_1_324' title='bbox 1439 4091 1504 4166; x_wconf 76' lang='grc' dir='ltr'><strong>ἐξ</strong></span> <span class='ocrx_word' id='word_1_325' title='bbox 1566 4092 1848 4173; x_wconf 78' lang='grc' dir='ltr'><strong><em>ἀδελφῆς</em></strong></span> <span class='ocrx_word' id='word_1_326' title='bbox 1908 4101 2017 4168; x_wconf 77' lang='grc' dir='ltr'><strong><em>τῆς</em></strong></span> <span class='ocrx_word' id='word_1_327' title='bbox 2081 4094 2334 4156; x_wconf 81' lang='grc' dir='ltr'><strong><em>αὐτοῦ</em></strong></span> <span class='ocrx_word' id='word_1_328' title='bbox 2397 4093 2622 4173; x_wconf 85' lang='grc' dir='ltr'><strong><em>μητρὸς</em></strong></span> <span class='ocrx_word' id='word_1_329' title='bbox 2678 4093 2938 4164; x_wconf 72' lang='grc' dir='ltr'><strong><em>αὐτὴν</em></strong></span> 
     </span>
     <span class='ocr_line' id='line_1_37' title="bbox 556 4195 2943 4285; baseline 0.002 -27"><span class='ocrx_word' id='word_1_330' title='bbox 556 4198 1000 4274; x_wconf 76' lang='grc' dir='ltr'><strong><em>γεγενημένην.</em></strong></span> <span class='ocrx_word' id='word_1_331' title='bbox 1093 4197 1292 4262; x_wconf 86' lang='lat' dir='ltr'><strong>Nulla</strong></span> <span class='ocrx_word' id='word_1_332' title='bbox 1350 4205 1445 4263; x_wconf 87' lang='lat' dir='ltr'><strong>est</strong></span> <span class='ocrx_word' id='word_1_333' title='bbox 1503 4199 1566 4263; x_wconf 92' lang='lat' dir='ltr'><strong>h.</strong></span> <span class='ocrx_word' id='word_1_334' title='bbox 1592 4198 1634 4263; x_wconf 90' lang='lat'><strong>1.</strong></span> <span class='ocrx_word' id='word_1_335' title='bbox 1690 4202 1787 4264; x_wconf 82' lang='lat' dir='ltr'><strong>vis</strong></span> <span class='ocrx_word' id='word_1_336' title='bbox 1830 4202 2190 4285; x_wconf 90' lang='lat' dir='ltr'><strong>pronomini</strong></span> <span class='ocrx_word' id='word_1_337' title='bbox 2232 4201 2461 4282; x_wconf 75' lang='grc' dir='ltr'><strong><em>αὐτήν,</em></strong></span> <span class='ocrx_word' id='word_1_338' title='bbox 2510 4219 2670 4284; x_wconf 90' lang='lat' dir='ltr'><strong>quae</strong></span> <span class='ocrx_word' id='word_1_339' title='bbox 2716 4195 2943 4282; x_wconf 85' lang='lat' dir='ltr'><strong>utique</strong></span> 
     </span>
     <span class='ocr_line' id='line_1_38' title="bbox 555 4301 2941 4390; baseline 0.001 -24"><span class='ocrx_word' id='word_1_340' title='bbox 555 4302 837 4367; x_wconf 85' lang='lat' dir='ltr'><strong>delenda.</strong></span> <span class='ocrx_word' id='word_1_341' title='bbox 934 4301 1055 4368; x_wconf 83' lang='lat' dir='ltr'><strong>Sed</strong></span> <span class='ocrx_word' id='word_1_342' title='bbox 1103 4303 1331 4369; x_wconf 88' lang='lat' dir='ltr'><strong>malim</strong></span> <span class='ocrx_word' id='word_1_343' title='bbox 1380 4301 1450 4380; x_wconf 76' lang='grc' dir='ltr'><strong>ἐξ</strong></span> <span class='ocrx_word' id='word_1_344' title='bbox 1501 4306 1785 4386; x_wconf 75' lang='grc' dir='ltr'><strong><em>ἀδελφῆς</em></strong></span> <span class='ocrx_word' id='word_1_345' title='bbox 1829 4313 1940 4380; x_wconf 76' lang='grc' dir='ltr'><strong><em>τῆς</em></strong></span> <span class='ocrx_word' id='word_1_346' title='bbox 1985 4306 2213 4383; x_wconf 87' lang='grc' dir='ltr'><strong><em>μητρὸς</em></strong></span> <span class='ocrx_word' id='word_1_347' title='bbox 2264 4304 2509 4369; x_wconf 82' lang='grc' dir='ltr'><strong><em>αὐτοῦ</em></strong></span> <span class='ocrx_word' id='word_1_348' title='bbox 2558 4330 2646 4381; x_wconf 86' lang='grc' dir='ltr'><strong>γ.,</strong></span> <span class='ocrx_word' id='word_1_349' title='bbox 2697 4307 2807 4390; x_wconf 91' lang='lat' dir='ltr'><strong>qui</strong></span> <span class='ocrx_word' id='word_1_350' title='bbox 2840 4311 2941 4369; x_wconf 87' lang='lat' dir='ltr'><strong>est</strong></span> 
     </span>
     <span class='ocr_line' id='line_1_39' title="bbox 560 4408 2943 4498; baseline 0 -24"><span class='ocrx_word' id='word_1_351' title='bbox 560 4409 854 4474; x_wconf 83' lang='lat' dir='ltr'><strong>usitatior</strong></span> <span class='ocrx_word' id='word_1_352' title='bbox 914 4409 1253 4476; x_wconf 82' lang='lat' dir='ltr'><strong>verborum</strong></span> <span class='ocrx_word' id='word_1_353' title='bbox 1316 4410 1489 4475; x_wconf 88' lang='lat' dir='ltr'><strong>ordo.</strong></span> <span class='ocrx_word' id='word_1_354' title='bbox 1582 4408 1657 4474; x_wconf 91' lang='lat' dir='ltr'><strong>In</strong></span> <span class='ocrx_word' id='word_1_355' title='bbox 1716 4411 1945 4475; x_wconf 89' lang='lat' dir='ltr'><strong>horum</strong></span> <span class='ocrx_word' id='word_1_356' title='bbox 2013 4412 2303 4476; x_wconf 82' lang='lat' dir='ltr'><strong>codicum</strong></span> <span class='ocrx_word' id='word_1_357' title='bbox 2353 4411 2697 4498; x_wconf 79' lang='lat' dir='ltr'><strong>archetypo</strong></span> <span class='ocrx_word' id='word_1_358' title='bbox 2744 4411 2943 4476; x_wconf 85' lang='lat' dir='ltr'><strong>fuisse</strong></span> 
     </span>
    </p>
   </div>
  </div>
 </body>
</html>
