3192 5017
519 259 648 329 362
1488 288 1917 336 neronum.

608 454 1130 536 Θιπόβρωτος
1180 463 1404 541 (κακῶς
1447 458 1603 537 δίχα
1643 464 1748 522 τοῦ
1789 483 1818 535 ρ
1860 458 2153 544 λέγεται)
2191 459 2295 525 καὶ
2338 459 2899 541 θρα-ἄβρωτος

514 561 540 623 ὂ
605 562 720 625 ὑπὸ
780 571 975 637 σητῶν
1036 565 1444 644 βεβρωμένας.
1541 565 1630 630 Ut
1688 566 2034 631 sexcenties
2098 567 2267 653 apud
2331 565 2733 654 Hesychium
2804 574 2902 633 est

515 667 979 756 dittographia,
1028 679 1093 737 et
1140 674 1367 736 vitiosa
1412 674 1725 757 scriptura
1772 677 1836 735 et
1883 671 2235 737 emendata.

605 772 803 859 Saepe
873 776 1113 842 formae
1177 786 1417 842 veteres
1478 777 1738 842 Atticae
1798 778 1949 860 quia
2011 798 2129 840 usu
2194 782 2509 842 cesserant
2571 797 2609 841 a
2670 777 2897 842 scribis

513 887 625 944 aut
668 881 941 946 indoctis
986 884 1429 969 grammaticis
1476 883 1890 948 vitiabantur.
1946 883 2133 967 Apud
2186 881 2588 967 Hesychium
2631 881 2901 970 legitur:

1150 988 1427 1052 Καταὸ
1452 987 1734 1062 ήδωκεε
1785 986 2260 1067 καταβέβρωκε.

512 1097 612 1156 et:

1145 1200 1771 1280 Καταῇέδαςαιε
1824 1199 2333 1278 καταβέβρωται.

510 1324 624 1388 pro
686 1305 1089 1390 κατεδήδοκε,
1153 1307 1629 1374 καταδέδαιςαι.
1728 1308 1914 1391 Apud
1975 1307 2330 1370 hucianum
2389 1305 2459 1367 in
2511 1303 2894 1369 Demonacte.-

510 1410 811 1487 ἀγνώμων
861 1410 935 1474 ἂν
985 1411 1111 1485 εἵην
1162 1415 1336 1477 ὀκνῶν
1387 1414 1488 1477 ὑπ’
1529 1412 1755 1492 ἰχθύων
1796 1411 2318 1485 κατΛΔΛσθῆναι
2358 1408 2668 1480 τοσούτους
2699 1412 2889 1482 αὐτὸς

512 1516 688 1593 ἰχθῦς
748 1518 1186 1601 καταφαγών,
1251 1519 1650 1583 scribendum
1713 1538 1850 1583 esse
1913 1516 2424 1586 κατΕΔΕο-θῆναι
2492 1514 2892 1581 ostendimus

511 1623 577 1694 in
638 1622 779 1692 Var.
832 1625 1021 1690 Lacte.

598 1726 948 1800 Emendate
993 1730 1294 1795 scribitur
1338 1730 1504 1815 apud
1553 1729 1992 1816 Hesychium:

961 1835 1716 1911 Κατεδηδεσμένονε
1774 1835 2355 1916 καταβεβρωμένον.

957 1941 1504 2017 Κατεδήδοκει
1550 1941 2033 2021 καταβέβρωκε,
2088 1941 2479 2024 κατέφαγεν.

959 2048 1580 2121 Κατεὸηδοκώςε
1631 2047 2154 2128 καταβεβρωκώς.

505 2154 614 2217 ubi
662 2154 796 2218 sine
843 2173 1033 2217 causa
1078 2153 1481 2237 suspicantur
1526 2155 1816 2219 homines
1862 2154 2031 2219 docti
2079 2160 2224 2218 ante
2272 2153 2648 2233 κατέφαγεν
2708 2152 2892 2240 glos·

502 2280 638 2323 sam
689 2259 1014 2325 excidisse.

591 2362 789 2449 Saepe
859 2363 1022 2429 solet
1083 2363 1452 2451 Hesychius
1515 2367 1627 2431 ubi
1688 2365 1901 2452 glossa
1963 2374 2059 2432 est
2120 2367 2186 2430 in
2237 2366 2514 2452 perfecto
2561 2367 2772 2451 posita
2819 2366 2892 2429 in

503 2470 973 2554 interpretando
1021 2472 1328 2540 aoristum
1379 2492 1640 2556 ponere:
1691 2471 2252 2544 Κατεδήδοκεε
2302 2472 2703 2551 κατέφαγεν.

590 2575 767 2641 Haec
831 2575 966 2642 sola
1029 2577 1233 2642 forma
1297 2585 1538 2655 φαγεῖν
1559 2624 1607 2654 ,.
1640 2586 2051 2656 καταφαγεῖν
2109 2591 2224 2643 cet.
2279 2578 2577 2644 omnibus
2625 2574 2891 2644 Graecis

503 2683 783 2766 antiquis
852 2689 918 2748 et
987 2683 1440 2749 recentioribus
1510 2704 1762 2770 semper
1831 2687 1898 2752 in
1965 2705 2087 2750 usu
2154 2685 2431 2767 mansit,
2493 2704 2696 2769 neque
2758 2681 2892 2748 alia

502 2787 680 2852 verbi
743 2788 957 2852 ἐσθίειν
1021 2789 1239 2856 aoristi
1288 2790 1494 2858 forma
1538 2810 1847 2874 umquam
1894 2791 2022 2858 fuit
2067 2810 2259 2874 quam
2307 2789 2573 2868 ἔφαγον.
2667 2786 2893 2853 Subri-

501 2896 705 2958 simus
749 2893 904 2959 olim
955 2895 1034 2960 ad
1084 2892 1395 2983 Theologi
1441 2916 1714 2964 errorem
1763 2898 1867 2980 qui
1920 2896 2131 2961 ἐσθίειν
2187 2906 2254 2961 et.
2301 2901 2540 2975 φαγεῖν
2586 2915 2713 2960 non
2753 2901 2895 2960 tan-

503 3004 642 3066 tum
694 3008 973 3085 tempore
1018 3001 1126 3065 sed
1173 3002 1371 3067 etiam
1419 2999 1822 3088 significandi
1871 3007 2182 3086 potestate
2220 3004 2388 3068 inter
2427 3022 2493 3067 se
2528 3001 2896 3086 ‘discrepare

501 3108 795 3190 opinatus
840 3113 955 3171 est.
1007 3104 1131 3174 sed
1177 3107 1244 3172 in
1290 3106 1494 3172 futuri
1544 3107 1747 3174 forma
1797 3107 2202 3173 vehementer
2248 3106 2551 3173 Graeculi
2598 3113 2888 3192 peccant.

501 3212 768 3280 Prorsus
811 3214 1059 3278 interiit
1104 3211 1344 3288 ἔδομαι.
1397 3213 1736 3287 κατέδομαι
1784 3233 2019 3298 proque
2066 3232 2140 3279 eo
2175 3212 2529 3278 Favorinus
2564 3212 2892 3292 βρώσομαι

503 3317 707 3394 dixit,
771 3325 836 3383 et
897 3319 1036 3384 faex
1104 3316 1562 3390 Graeculorum
1631 3325 1695 3384 et
1758 3319 2007 3385 barbari
2057 3317 2295 3384 Graece
2345 3317 2769 3385 balbutientes
2816 3321 2891 3385 in

505 3423 806 3511 Aegypto
843 3430 907 3489 et
945 3423 1308 3491 Palaestina
1345 3425 1645 3506 φαγομαι
1690 3430 2046 3490 constanter
2086 3430 2411 3510 usurpant.
2454 3424 2890 3510 Reprehendit

498 3528 653 3594 haec
715 3532 931 3595 omnia
988 3529 1396 3616 Phrynichus
1457 3533 1523 3595 in
1589 3529 1865 3595 Bekkeri
1914 3531 2132 3594 Aneod.
2183 3550 2330 3617 pag.
2386 3529 2491 3596 37.
2544 3529 2663 3596 30:
2716 3528 2884 3597 ἔδει

522 3671 583 3681 -
638 3633 997 3698 ἔδονταιε
1048 3637 1099 3699 οἱ
1148 3637 1263 3713 μὲν
1311 3637 1575 3714 ἀμαθεῖς
1623 3636 1858 3716 &atyn
1906 3635 2191 3713 λέγουσιν
2233 3636 2333 3701 ἐπὶ
2376 3642 2483 3702 τοῦ
2522 3636 2884 3714 μέλλοντος.

498 3739 526 3804 ὃ
593 3738 656 3806 32
723 3739 1071 3820 Φαβωρῖνος
1123 3778 1210 3791 -
1255 3744 1341 3821 τῷ
1389 3741 1644 3821 βρώσο
1660 3765 1809 3819 μαι
1858 3741 1957 3805 ἐπ’)
2007 3746 2116 3806 τοῦ
2161 3739 2496 3818 μέλλοντος
2546 3743 2886 3825 ἐχρήσατο.

497 3845 569 3910 In
617 3844 848 3912 Vetere
892 3866 964 3916 ao
1011 3844 1195 3912 Novo
1242 3846 1651 3914 Testamento
1697 3853 2057 3913 constanter
2100 3847 2402 3924 Φαγομαι
2453 3850 2754 3914 scribitur
2815 3856 2889 3916 et

498 3954 564 4018 in
626 3951 899 4018 secunda
959 3972 1222 4036 persona
1266 3956 1463 4018 etiam
1511 3955 1808 4019 vitiosius
1854 3954 2200 4032 φαγεΟΛΙ.
2294 3953 2371 4018 In
2419 3953 2630 4021 Lucae
2672 3955 2888 4021 Evan-

494 4057 667 4146 gelio
727 4056 950 4124 XVII.
1013 4055 1077 4122 8.
1138 4057 1414 4145 legitur:
1481 4058 1970 4140 περιζωσάμενος
2037 4056 2295 4124 διακόνει
2355 4081 2455 4136 μοι
2522 4058 2632 4131 ἕως
2678 4060 2885 4142 φάγω

496 4165 600 4227 καὶ
652 4164 769 4227 πίω
818 4164 923 4227 καὶ
972 4164 1143 4235 μετὰ
1189 4168 1401 4228 ταῦτα
1447 4165 1740 4241 φάγεσαι
1790 4168 1896 4229 καὶ
1946 4166 2158 4230 πίεσαι
2207 4165 2308 4229 σύ.

585 4268 673 4334 Ut
751 4270 966 4338 omnia
1037 4270 1409 4338 exhauriam
1489 4270 1651 4337 addo
1720 4270 2097 4355 Sophoclem
2171 4273 2326 4337 satis
2394 4271 2696 4338 audacter
2764 4295 2887 4359 pro

488 4372 875 4450 βεβρωκότες
923 4375 1157 4440 dixisse
1203 4373 1521 4455 βεβρῶτες
1570 4374 1636 4440 in
1684 4377 1978 4458 Antiyone
2031 4379 2241 4444 1022:
