3192 5017
1238 297 1556 347 mmANus.
2465 282 2589 349 431

198 469 540 550 ἐγγυτάτω
593 474 698 534 τοῦ
748 469 922 535 θείου.
971 468 1245 535 Omnino
1293 470 1523 535 δεῖσθαι
1571 486 1635 536 et
1685 471 1979 536 ἐνδεῖσθαι
2031 474 2124 538 ita
2171 471 2468 538 differunt
2519 479 2595 537 ut

198 578 369 644 illud
415 580 500 642 sit
552 601 667 641 non
713 580 955 661 habere,
1002 577 1120 641 hoc
1170 600 1287 641 non
1336 579 1486 641 satis
1532 579 1763 642 habere.

297 684 750 769 Compluribus
795 683 940 748 aliis
988 682 1144 748 locis
1190 684 1415 748 Editor
1458 704 1570 769 pro
1620 684 1849 749 δεῖσθαι
1893 687 2228 751 substituit
2270 686 2588 761 ἐνδεῖσθαι,

197 792 367 877 quod
415 791 655 855 factum
706 790 965 855 nollem.
1018 790 1096 854 cf.
1145 811 1292 876 pag.
1345 789 1494 853 334.
1548 814 1615 855 a:
1670 792 1899 856 δεῖσθαι
1951 793 2062 870 μὲν
2112 794 2187 863 ὥς
2236 794 2594 873 ἑλαχίςων,

196 892 268 962 εὖ
318 906 509 962 ποιεῖν
557 897 620 962 δὲ
668 899 743 969 ὥς
795 893 908 975 ὅ,τι
958 895 1207 974 adunca
1257 900 1572 971 πλείςους.

291 1126 451 1213 Pag.
521 1125 620 1190 16.
688 1129 733 1191 d
749 1148 764 1191 ε
839 1127 980 1205 πρὸς
1048 1126 1186 1199 τοὺς
1254 1128 1566 1209 ἀδελφοὺς
1633 1129 1736 1194 καὶ
1801 1130 1940 1201 τοὺς
1988 1131 2251 1204 πολίτας
2299 1131 2402 1195 καὶ
2451 1130 2590 1202 τοὺς

204 1231 515 1313 πατρῴους
567 1257 653 1299 σοι
705 1234 949 1314 φίλους.

292 1338 548 1409 Veteres
595 1341 889 1406 dicebant
935 1342 1074 1409 τοὺς
1128 1350 1499 1413 πατΡΙΚους
1557 1343 1802 1422 φίλους.

290 1570 449 1655 Pag.
505 1568 607 1637 17.
657 1574 723 1635 b:
773 1573 979 1651 φίλοις
1030 1571 1092 1636 δὲ
1141 1581 1253 1646 τῆς
1307 1569 1438 1645 ἴσης
1489 1573 1871 1652 παρηγορίας
1914 1572 2275 1650 μεταδιδοὺς
2323 1573 2427 1637 καὶ
2477 1583 2589 1647 τῆς

203 1678 572 1756 παρρησίας.

294 1782 494 1848 Sensu
558 1804 833 1848 vacuum
884 1790 980 1847 est
1026 1782 1158 1857 ἴσης
1209 1784 1629 1863 παρηγορίας,
1681 1790 1747 1848 at
1794 1791 1865 1848 tu
1913 1786 2182 1851 rescribe
2231 1806 2357 1851 uno
2407 1786 2597 1851 verbo

102 1964 117 1975 ,
201 1889 518 1967 ἰσηγορίας
571 1889 958 1965 μεταδιδούς.

296 1999 535 2060 Actum
585 1998 729 2082 egi:
780 1995 1118 2060 Petavius:
1173 1998 1376 2081 „forte
1424 1996 1799 2073 ἱσηγορίας.”
1846 1995 2267 2080 Spanhemius
2302 2000 2597 2082 imperite

203 2101 541 2188 vulgatam
592 2108 829 2167 tuetur.
925 2102 1145 2185 Itaque
1191 2110 1377 2183 vetus
1424 2103 1728 2168 mendum
1781 2103 2010 2168 haesit.

295 2330 452 2418 Pag.
502 2331 606 2396 21.
659 2333 704 2395 d
719 2353 734 2397 ε
801 2329 971 2396 εἵπου
1038 2333 1179 2410 πρὸς
1243 2330 1460 2412 βραχὺ
1524 2332 1630 2396 καὶ
1696 2332 1840 2410 πρὸς
1908 2340 2215 2411 ΕΤκαιρον
2265 2332 2451 2412 ἐχρῆν
2503 2333 2599 2396 αἱ·

211 2437 456 2500 σθέσθαι
506 2437 1002 2516 δαπανηροτέρων
1050 2444 1164 2501 τῶν
1212 2437 1780 2516 λειτουργημοέτων.

297 2542 441 2607 Non
507 2549 602 2607 est
664 2542 979 2607 Graecum
1044 2543 1185 2621 πρὸς
1237 2542 1531 2619 εὔκαιρον.
1624 2543 1695 2606 In
1745 2542 1799 2605 V
1845 2542 2089 2628 legitur
2139 2543 2283 2619 πρὸς
2330 2541 2599 2622 ἄκαιρον.

204 2646 437 2712 Deleta
482 2668 609 2712 una
655 2647 913 2712 literula
962 2668 1188 2732 repone
1238 2649 1380 2726 πρὸς
1431 2644 1658 2726 καιρόν.
1754 2647 2007 2712 Dicitur
2053 2650 2223 2712 enim
2272 2649 2415 2727 πρὸς
2464 2672 2592 2711 και-

202 2753 297 2832 ρὸν
348 2753 413 2817 id
461 2754 628 2837 quod
674 2754 1087 2837 temporarium
1135 2760 1249 2819 est.

299 2979 458 3066 Pag.
510 2979 618 3046 22.
671 3002 735 3048 c:
788 2982 981 3045 πολὺν
1031 2982 1090 3044 ἐν
1138 2991 1215 3062 τῇ
1263 2991 1614 3046 πολεΜΙΑΙ
1668 2985 1895 3060 τρίψας
1945 2983 2176 3063 χρόνον.

304 3085 626 3151 Emenda:
681 3089 850 3151 -ἕν
899 3097 977 3167 τῇ
1029 3088 1301 3170 πολεμίᾳ
1353 3090 1735 3166 ΔΙΛτρίψας
1784 3088 2018 3169 χρόνον.
2115 3089 2311 3155 Aliud
2350 3098 2444 3155 est
2485 3093 2606 3172 τρί-

212 3190 352 3268 βειν
399 3191 501 3254 τὸν
548 3192 760 3271 χρόνον
808 3201 1029 3275 tempus
1074 3201 1262 3257 terere
1308 3193 1470 3257 nihil
1521 3194 1765 3280 agendo
1813 3215 1958 3281 pag.
2013 3192 2120 3259 38.
2171 3197 2246 3261 d:
2297 3197 2356 3260 ἐν
2404 3222 2603 3273 πανη-

211 3298 425 3377 γύρεσι
474 3299 579 3362 καὶ
628 3306 894 3379 τρυφαῖς
946 3297 1149 3379 ἔτριβε
1203 3299 1306 3363 τὸν
1351 3298 1584 3381 χρόνον.

307 3529 468 3617 Pag.
517 3528 624 3594 23.
676 3531 740 3591 b:
790 3531 899 3603 την
946 3531 1055 3603 σὴν
1102 3528 1320 3608 ἀρετὴν
1367 3566 1450 3576 -
1500 3528 1853 3608 ςρατοπέδῳ
1900 3529 2351 3608 χρησαμένΗΝ
2400 3533 2612 3612 θρασεῖ

214 3634 321 3699 καὶ
372 3637 679 3714 τολμηρῷ.
1447 3639 1450 3643 ’

306 3740 506 3807 Unice
541 3762 767 3807 verum
805 3748 900 3807 est
943 3741 1110 3827 quod
1152 3740 1377 3805 Editor
1416 3741 1783 3806 dubitanter
1808 3742 2111 3807 coniecit:
2139 3744 2602 3822 χρησαμένΟΤ.

308 3971 464 4058 Pag.
515 3969 623 4034 23.
673 3971 745 4033 d:
794 3973 1002 4032 ταῦτα
1054 3970 1433 4043 ΔΙανοηθείς.

308 4076 581 4163 Supple:
632 4080 843 4140 ταῦτα
894 4084 1006 4138 ΔΗ
1061 4076 1403 4149 διανοηθείς.

308 4185 623 4267 Frequens
671 4182 1017 4247 admodum
1068 4183 1135 4244 in
1181 4181 1363 4246 libris
1407 4181 1527 4245 hoc
1574 4179 1878 4244 mendum
1930 4187 2043 4245 est.

311 4416 470 4503 Peg.
521 4414 626 4481 24.
680 4418 747 4478 b:
797 4410 901 4477 κα)
952 4419 1070 4476 ΤΟ
1123 4408 1363 4483 πολλαὶς
1415 4406 1993 4490 συγκατειργάσόαι
2041 4409 2125 4490 τῷ
2166 4409 2353 4492 πατρὶ
2394 4411 2477 4493 τῷ
2517 4412 2604 4493 σῷ
