3192 5017
1234 302 1630 354 nmono'rus.
2495 288 2622 354 409

230 472 751 560 magnificentius
810 475 983 540 hisce
1044 474 1146 540 vel
1206 476 1283 542 de
1347 476 1836 542 Hemsterhusio
1885 477 2010 542 dici
2054 475 2407 562 potuisset?
2499 477 2622 543 Sed

232 578 435 645 Stein-
481 601 868 665 quamquam
941 588 1168 647 natura
1236 582 1452 667 paullo
1525 585 1807 649 acerbior
1869 606 2000 649 esse
2069 584 2356 661 videtur,
2408 590 2624 651 tamen

234 707 364 751 non
407 689 634 751 inscite
681 708 884 772 neque
930 687 1190 773 illepide
1236 691 1482 753 iocatur
1529 693 1592 753 in
1644 693 1724 754 iis
1772 711 1932 774 quae
1975 693 2276 756 continuo
2341 691 2619 755 addidit:

239 794 349 870 „in
412 793 570 856 omni
625 816 838 874 yenere
898 795 1316 859 emendationis
1379 798 1570 881 effecit
1622 797 1787 858 haud
1830 802 2042 877 ear-iqua
2091 819 2363 872 numero,
2414 801 2623 877 quibus

232 900 396 962 nihil
426 901 569 985 fere
613 902 697 963 ad
737 901 1014 965 veritatis
1053 902 1479 986 perfectionem
1529 904 1723 966 deesse
1768 904 2046 966 videatur
2094 921 2379 968 PRAETER
2429 921 2623 968 IPSAM

232 1022 713 1071 monssm'rnu
759 1007 1193 1072 EMENDAND1.”
1285 1006 1431 1074 Non
1480 1014 1728 1092 poterat
1777 1009 2041 1074 facetius
2080 1030 2269 1094 quam
2313 1012 2402 1073 sic
2446 1010 2619 1089 παρὰ

234 1112 348 1183 τὴν
388 1112 750 1191 προσδοκίαν
787 1115 989 1177 risum
1032 1135 1306 1180 movere.
1356 1114 1843 1180 Emendationes
1883 1122 2030 1181 sunt
2071 1119 2139 1180 in
2180 1116 2356 1180 omni
2391 1137 2622 1203 genere

234 1216 682 1302 admirabiles,
750 1222 991 1304 inquit,
1057 1221 1166 1285 sed
1226 1219 1406 1285 nulla
1466 1227 1562 1285 est
1626 1221 2002 1286 emendandi
2048 1225 2420 1298 necessitaS,
2473 1224 2622 1308 quia

232 1325 453 1388 omnia
512 1330 681 1389 recte
741 1330 806 1389 et
869 1326 1087 1390 ordine
1149 1347 1214 1391 se
1277 1326 1525 1391 habent.
1628 1326 1732 1391 Sic
1779 1325 1997 1393 Cicero
2046 1348 2242 1412 quum
2293 1329 2620 1392 hominem

232 1430 599 1515 improbum
657 1432 782 1495 ioci
844 1452 1031 1496 causa
1088 1432 1407 1497 laudasset
1454 1433 1734 1498 addidit:
1791 1435 1979 1518 „quid
2020 1435 2173 1498 enim
2221 1436 2359 1497 huie
2401 1433 2626 1497 homini

232 1538 396 1601 deest
443 1537 566 1600 nisi
612 1561 708 1601 ree
756 1549 813 1602 et
858 1539 1057 1602 virtue
1074 1538 1141 1602 ?''

327 1641 451 1708 Sed
523 1646 846 1729 imprimis
913 1645 1191 1709 ioculare
1253 1651 1348 1710 est
1411 1645 1576 1730 quod
1641 1668 1809 1711 nunc
1855 1648 2286 1713 demonstrare
2334 1648 2619 1712 conabor.

233 1750 408 1829 Quas
465 1751 634 1814 enim
698 1749 875 1815 Stein
939 1750 1219 1816 hominis
1282 1748 1969 1837 Constantinopolitani
2030 1756 2443 1819 correctiones
2493 1773 2624 1818 esse

231 1859 531 1941 opinatur
601 1858 755 1920 satis
824 1862 1009 1921 acute
1068 1864 1345 1942 repertas
1412 1859 1520 1922 sed
1576 1879 1830 1942 prorsus
1893 1859 2154 1924 inutiles
2214 1868 2289 1924 ut
2352 1862 2417 1923 in
2467 1859 2623 1924 locis

230 1965 405 2028 sanis
473 1970 537 2027 et
600 1965 901 2050 integris,
968 1983 1075 2029 eae
1139 1971 1287 2028 sunt
1335 1967 1630 2050 antiquae
1677 1972 1742 2030 et
1788 1986 1971 2031 verae
2019 1965 2319 2030 lectiones
2370 1966 2448 2031 ab
2495 1964 2623 2030 He-

232 2070 442 2135 rodoti
512 2089 708 2134 manu
772 2069 1085 2154 profectae
1149 2075 1211 2134 et
1277 2072 1344 2133 in
1405 2071 1537 2135 solo
1589 2070 1904 2136 Vaticano
1954 2070 2186 2136 Codice
2232 2073 2310 2137 ab
2357 2074 2623 2135 interitu

231 2180 539 2241 servatae.
633 2175 717 2240 Et
786 2196 954 2239 nunc
1024 2175 1281 2258 quidem
1334 2179 1549 2260 paucis
1596 2176 1906 2261 exemplis
1955 2176 2264 2264 defungar
2312 2199 2618 2264 magnam

231 2281 529 2366 deinceps
574 2283 640 2345 in
688 2282 985 2346 omnibus
1033 2280 1339 2346 Herodoti
1386 2282 1569 2347 libris
1618 2285 1862 2367 copiam
1913 2283 2274 2367 prolaturus
2313 2284 2618 2362 locorum,

230 2390 349 2452 ubi
409 2390 544 2472 ipse
607 2387 787 2453 Stein
852 2387 1062 2452 victus
1122 2390 1413 2453 veritatis
1462 2390 1708 2454 viribus
1755 2388 2008 2455 Codicis
2058 2388 2347 2456 Vaticani
2398 2413 2622 2468 „emen-

228 2493 539 2558 dationes”
585 2495 881 2579 probatas
928 2502 995 2558 in
1042 2499 1292 2558 textum
1343 2499 1597 2578 recepit.

323 2706 683 2772 Herodotus
755 2707 978 2771 scribit
1047 2706 1159 2771 ΠΙ.
1231 2706 1285 2771 1.
1354 2727 1485 2790 sqq.
1551 2705 1824 2793 Scythas
1887 2708 2364 2796 duodetriginta
2428 2732 2622 2777 annos

229 2815 425 2880 domo
472 2814 765 2879 abfuisse.
839 2814 1076 2878 Eorum
1130 2833 1354 2878 uxores
1402 2816 1550 2898 quia
1599 2813 1733 2878 sine
1782 2817 1936 2879 viris
1985 2837 2117 2880 esse
2163 2836 2286 2881 non
2334 2823 2624 2901 poterant

229 2942 381 2985 cum
431 2923 628 2985 servis
677 2926 1158 2986 consueverunt.
1254 2920 1353 2983 Ex
1398 2920 1492 2983 hie
1538 2920 1749 3000 icitur,
1798 2923 2005 3005 inquit
2029 2969 2045 2999 ‚
2089 2923 2276 2986 servis
2323 2931 2380 2987 et
2419 2925 2624 2988 mubia-

225 3027 398 3090 ribue
457 3043 803 3092 succRssVl‘r
871 3031 1163 3090 iuventus.
1226 3025 1293 3089 ἐκ
1358 3025 1581 3090 τούτων
1647 3027 1716 3101 δὴ
1782 3024 1857 3091 ὦν
1909 3033 2026 3108 σφι
2081 3035 2195 3091 τῶν
2244 3030 2466 3094 δούλων
2518 3030 2622 3094 καὶ

228 3140 350 3198 τῶν
396 3139 698 3210 γυναικῶν
749 3130 1126 3212 ’ΘΠετραὶφη
1177 3131 1402 3205 νεότης.
1452 3133 1596 3198 Non
1646 3138 1742 3197 est
1787 3136 1860 3197 in·
1901 3154 1974 3199 ea
2021 3156 2087 3199 re
2136 3134 2310 3199 aliud
2354 3138 2619 3201 verbum

228 3242 298 3305 in
350 3260 469 3305 usu
518 3260 709 3323 quam
760 3240 1178 3320 ε’πιτραφῆναι
1226 3262 1617 3316 merescere,
1666 3240 1734 3303 in
1782 3261 1904 3325 quo
1945 3244 2108 3306 inest
2156 3244 2329 3308 notio
2385 3264 2623 3309 succes-

230 3347 427 3411 sionis
475 3353 796 3422 aetatum,
847 3352 920 3410 ut
970 3347 1138 3430 apud
1186 3345 1583 3410 Herodotum
1636 3345 1711 3410 11.
1761 3345 1885 3411 121
1916 3367 1988 3411 a:
2039 3353 2302 3413 πλοῦτον
2341 3349 2401 3413 δὲ
2428 3350 2624 3431 τούτῳ

229 3448 318 3532 τῷ
375 3452 637 3529 βασιλέϊ
693 3451 1195 3537 (Rhampsinito)
1262 3452 1546 3528 γενέσθαι
1611 3446 1875 3531 ἀργύρου
1939 3454 2183 3537 μέγαν,
2250 3456 2350 3519 τὸν
2413 3456 2624 3522 οὐδένα

229 3566 348 3623 τῶν
418 3555 615 3638 ὅςερον
681 3563 1392 3624 ἘΠῙΤΡΑΦΕΝΤΩΝ
1458 3557 1770 3635 βασιλέων
1820 3558 2112 3624 δύνασθαι
2164 3561 2626 3640 ὑπερβαλέσθαι

229 3664 351 3730 οὐδ’
417 3665 614 3742 ἐγγὺς
680 3665 898 3729 ἐλθεῖν.
992 3663 1063 3728 In
1128 3684 1200 3729 eo
1261 3663 1397 3729 loco
1460 3663 1519 3728 R
1580 3665 1928 3730 dormitans
1989 3666 2211 3730 scribit
2258 3669 2392 3733 sine
2438 3691 2627 3736 sensu

198 3772 433 3856 ,ὅς-ερον
499 3771 588 3839 ἔτι
659 3771 1044 3854 γραφέντων.
1113 3772 1189 3835 cf.
1246 3773 1440 3836 etiam
1492 3769 1541 3835 Ι.
1599 3770 1748 3835 123.
1798 3772 2025 3857 Itaque
2075 3778 2289 3839 nostro
2335 3774 2473 3840 loco
2521 3798 2627 3842 ne-

229 3881 576 3944 cessarium
657 3877 981 3959 ἐπετραφη
1056 3897 1179 3943 non
1255 3883 1348 3942 est
1423 3873 1724 3943 Graeculi
1795 3881 2095 3943 correctio
2166 3879 2416 3943 inutilis
2485 3882 2624 3971 (pro

231 3985 512 4066 ἐτράφη,
577 3985 745 4070 quod
811 3989 905 4049 est
961 3986 1027 4047 in
1074 3985 1131 4048 A
1160 3983 1239 4068 B)
1286 3983 1393 4047 sed
1440 3986 1702 4067 antiqua
1751 3991 1814 4049 et
1861 4005 2011 4049 vera
2059 3988 2368 4069 scriptura
2431 4009 2622 4072 quam

230 4094 518 4178 primum
567 4094 632 4155 in
682 4095 962 4156 veterem
1013 4090 1226 4154 sedem
1276 4089 1651 4155 reducenda.

326 4197 643 4261 Assiduus
706 4194 1017 4261 Herodoti
1079 4194 1277 4260 lector
1339 4200 1403 4261 et
1450 4195 1794 4260 admirator
1839 4199 1901 4260 et
1949 4195 2238 4262 imitator
2281 4197 2627 4266 Pausanias

233 4304 311 4369 de
363 4301 567 4367 simili
614 4324 679 4367 re
727 4302 982 4384 scripsit
1030 4299 1134 4365 IV.
1189 4300 1292 4366 14.
1348 4302 1421 4366 5:
1476 4302 1798 4377 ἐπετράφη
1837 4301 1896 4365 δὲ
1940 4300 2139 4376 νεότης
2182 4302 2285 4366 καὶ
2328 4304 2625 4385 ἀλλαχοῦ

234 4420 346 4486 τῆς
402 4410 783 4485 Μεσσηνίας.
