3192 5017
1183 308 1680 357 Ama-romanas.
2481 289 2609 356 367

506 481 684 551 κᾶςιν
743 482 876 561 περὶ
928 485 1097 557 ἡμᾶς
1147 456 1583 563 κύτταρος,
1637 483 1812 558 ἡμεῖς
1861 480 1912 543 δ’
1961 477 2277 560 ἄνθρακες.

326 590 499 655 ldem
550 587 934 654 vocabulum
984 588 1246 654 fortasse
1293 588 1412 653 sub
1461 586 1819 672 corruptela
1863 587 2023 652 latet
2068 587 2236 671 apud
2290 584 2615 652 Iulianum

241 693 477 763 Caesar·
530 715 593 779 p.
643 693 775 761 :307
822 694 892 760 B.

323 905 436 971 Vs.
487 903 656 971 234:

592 1009 835 1092 πάσχει
885 1010 948 1075 δὲ
994 1009 1188 1074 ταύτὸ
1244 1014 1481 1074 τοῦτο
1532 1010 1636 1074 καὶ
1686 1010 1771 1074 τὰ
1819 1009 2136 1090 κάρδαμα.

238 1116 521 1183 Arridet:
569 1118 772 1182 τοῦθ’
820 1112 847 1181 ὃ
903 1115 1006 1180 καὶ
1057 1116 1144 1180 τὰ
1194 1115 1513 1195 κάρδαμα.
1562 1115 1816 1181 Pariter
1860 1137 1952 1182 vs.
2006 1115 2168 1181 354:

325 1249 360 1287 τ
383 1248 424 1287 α
445 1228 478 1286 ὖ
499 1225 558 1287 τ’
607 1220 727 1304 ἄρα
746 1271 762 1300 ,
789 1226 1002 1287 ταῦτα
1029 1225 1387 1299 Κλεώνυμον
1414 1217 1607 1286 αὗται
1635 1221 1737 1285 τὸν
1762 1223 2063 1302 ῥίψασπιν
2084 1222 2231 1304 χθὲς
2258 1222 2525 1307 ἰδοῦσαι,

321 1326 410 1394 ὅτι
459 1329 812 1395 δειλότατον
856 1332 1069 1393 τοῦτον
1120 1328 1336 1406 ἑώρων,
1389 1325 1615 1409 ἔλαφοι
1663 1329 1765 1394 δια
1812 1328 1982 1393 τοῦτ’
2030 1328 2339 1407 ἐγένοντο,

234 1435 487 1501 malim:
542 1432 772 1500 ταῦτ’
822 1432 945 1514 ἄρα
992 1438 1223 1499 ταῦτα.

317 1647 736 1715 Consentiunt
778 1647 908 1712 sere
953 1649 1363 1732 interpretes,
1412 1648 1757 1733 gymnasia
1800 1666 2029 1731 parum
2079 1652 2223 1732 apte
2270 1649 2614 1713 memorari

229 1777 317 1823 vs.
370 1753 543 1821 41¹7:

358 1860 512 1927 οἴνου
560 1859 617 1923 τ’
667 1857 900 1939 ἀπέχει
950 1860 1054 1923 καὶ
1106 1860 1586 1937 γυμνασίων
1638 1858 1743 1923 καὶ
1793 1859 1910 1923 τῶν
1962 1856 2172 1924 ἄλλων
2224 1859 2506 1935 ἀνοήτων.
2613 1930 2614 1933 ¹

229 1965 298 2031 ln
343 1966 705 2054 gymnasiis
749 1962 1007 2050 corpora
1041 1965 1532 2030 'corroborantur
1579 1965 1790 2049 potius
1837 1984 2032 2049 quam
2081 1965 2499 2032 debilitantur
2554 1973 2620 2033 et

230 2069 544 2160 Diogenes
599 2069 891 2135 Laertius
950 2068 1011 2134 2.
1064 2070 1173 2154 27,
1223 2072 1332 2155 qui
1380 2069 1592 2135 locum
1643 2069 1864 2135 attulit
1911 2090 2060 2135 cum
2110 2073 2350 2158 insigni
2395 2072 2616 2139 lectio-

229 2180 326 2243 nis
391 2178 706 2244 varietate
725 2224 743 2259 ‚
812 2196 963 2241 nam
1024 2175 1290 2242 alteram
1356 2177 1783 2241 recensionem
1845 2174 1904 2241 Ν
1910 2177 2137 2241 ubium
2196 2185 2341 2243 ante
2401 2178 2616 2246 oculos

231 2283 486 2359 habuit,
536 2281 908 2361 ἀδηφαγίας
960 2282 1236 2349 exhibet.
1287 2281 1473 2346 Nihil
1519 2286 1616 2347 est
1660 2302 1773 2346 cur
1811 2286 2152 2367 utramque
2189 2287 2617 2350 recensionem

230 2408 575 2476 pergamus
643 2391 1075 2453 contaminare
1143 2395 1208 2453 et
1279 2372 1653 2466 ἀδηφαγίας
1725 2407 1848 2452 non
1918 2387 2163 2472 placere
2231 2392 2501 2474 poterit,
2564 2392 2621 2456 si

232 2498 376 2579 quis
439 2496 838 2578 reputaverit
900 2495 966 2556 in
1012 2492 1256 2578 reliqua
1308 2493 1528 2559 fabula
1572 2495 1942 2559 voracitatis
1991 2512 2113 2558 non
2163 2492 2296 2559 fieri
2343 2498 2619 2562 mentio-

235 2621 377 2666 nem
396 2647 414 2679 ,
470 2619 584 2663 nec
630 2605 844 2664 tamen
892 2597 1394 2664 Herwerdenum
1442 2618 1688 2683 sequar,
1733 2601 1844 2682 qui
1883 2600 2235 2675 συμποσίων
2275 2604 2617 2687 rescripsit,

233 2727 380 2771 nam
420 2724 740 2789 nusquam
783 2704 969 2769 video
1012 2702 1333 2769 Socratem
1377 2703 1576 2769 hilare
1618 2705 1985 2769 convivium
2012 2711 2370 2771 aversatum
2401 2707 2617 2773 fuisse.

232 2811 474 2877 Verum
521 2810 550 2875 ὅ
598 2811 824 2881 δίκαιος
872 2809 1056 2888 λόγος
1109 2809 1515 2876 commendat
1561 2830 1655 2876 vs.
1711 2807 1919 2874 1002:

363 2918 517 2982 ἀλλ’
568 2914 664 2983 οὖν
714 2913 968 2996 λιπαρός
1023 2940 1104 2995 γε
1155 2915 1259 2980 καὶ
1310 2916 1562 2991 εὐανθὴς
1611 2916 1672 2979 ἐν
1720 2916 2086 2993 γυμνασίοις
2135 2918 2496 2998 διατρίψεις.

231 3022 472 3091 Contra
518 3022 970 3108 pervulgatum
1022 3028 1119 3087 est
1162 3021 1354 3087 illud:

505 3128 778 3212 Balnea,
827 3130 1007 3205 vina,
1058 3127 1271 3193 Venus
1318 3133 1736 3214 corrumpunt
1780 3148 2037 3214 corpora
2083 3135 2331 3207 nostra3

596 3232 871 3319 Corpora
917 3239 1333 3318 corrumpunt
1379 3234 1650 3320 balnea,
1690 3236 1871 3318 vina,
1922 3234 2161 3300 Venus.

232 3342 410 3407 Haec
461 3340 681 3405 eadem
729 3346 981 3424 poetam
1027 3359 1195 3404 nunc
1240 3360 1489 3425 quoque
1527 3342 1929 3406 coniunxisse
1971 3341 2365 3407 crediderim.
2420 3344 2625 3410 Num-

232 3430 426 3533 quam
477 3443 764 3511 Socrates
810 3444 1055 3510 scilicet
1103 3446 1188 3516 εἷς
1235 3445 1570 3523 βαλανεῖον
1618 3441 1761 3518 ἦλθε
1808 3444 2171 3520 λουσόμενος
2219 3468 2309 3513 vs.
2364 3447 2496 3516 837
2559 3456 2625 3516 et

232 3553 361 3619 Av.
416 3550 613 3615 1554.
660 3550 863 3616 Suum
907 3553 1077 3617 vitae
1117 3552 1484 3616 institutum
1528 3551 1556 3615 ὅ
1599 3551 1825 3624 δίκαιος
1865 3552 2049 3630 λόγος
2089 3554 2183 3618 ita
2220 3557 2626 3623 commendat

233 3682 324 3725 vs
381 3658 551 3725 992:

325 3767 474 3847 πρὸς
522 3764 730 3842 ταῦτ’,
783 3762 823 3828 ὦ
874 3764 1207 3843 μειρακίον,
1252 3769 1468 3847 θαρρῶν
1508 3764 1618 3842 ἐμὲ
1664 3764 1765 3830 τὸν
1810 3765 2062 3845 κρείττω
2099 3765 2285 3845 λόγον
2329 3770 2532 3850 αἱροῦ·

324 3872 659 3946 κῶπιςῆσει
711 3879 910 3948 μισεῖν
969 3872 1201 3950 αγορὰν
1253 3873 1357 3936 καὶ
1407 3871 1760 3949 βαλανείων
1809 3871 2184 3953 ἀπέχεσθαι.

237 3979 415 4043 Idem
464 3980 890 4062 interrog-atus
939 3977 1018 4042 ab
1069 3976 1428 4043 adversario
1481 3999 1576 4044 vs.
1633 3976 1807 4042 1045
1857 3998 1970 4043 cur
2013 3978 2097 4042 τοὶ
2145 3978 2342 4060 θερμοὶ
2399 3983 2624 4063 λουτρὰ

236 4084 477 4168 oderit,
528 4082 696 4148 haud
742 4086 1112 4148 cunctanter
1156 4082 1520 4169 respondet:

614 4190 742 4262 ὁτιὴ
793 4185 1042 4256 κακιςόν
1092 4189 1180 4258 ἐςι
1234 4190 1337 4254 καὶ
1390 4189 1584 4255 δειλὸν
1631 4196 1798 4254 ποιεῖ
1838 4188 1940 4253 τὸν
1987 4186 2198 4267 ἄνδρα.

238 4297 472 4384 Ingens
527 4297 696 4360 enim
748 4295 993 4361 malum
1044 4300 1176 4379 est,
1233 4295 1396 4381 quod

517 4411 743 4482 πλῆρες
794 4400 862 4465 τὸ
909 4401 1249 4479 βαλανεῖον
1299 4410 1494 4486 ποιεῖ,
1543 4402 1722 4475 κενὰς
1774 4400 2000 4473 δὲτὰς
2050 4402 2430 4484 ταλαίςρας.
