3192 5017
577 224 710 293 218
1577 238 1967 295 sornoonm.

575 417 821 501 epracke
875 416 1129 497 dayeqen
1192 415 1304 478 dae
1354 415 1579 481 Fehlen
1624 440 1736 481 von
1781 418 2029 502 Spuren.
2120 413 2403 481 Hoocine
2447 435 2559 499 per
2605 416 2810 480 iocum
2863 434 2930 479 an

579 523 740 587 serio
786 521 1030 586 dictum
1079 518 1216 587 est?
1263 521 1465 609 Lege:

1119 635 1350 705 σημεῖα
1398 630 1451 694 δ’
1500 627 1645 694 οὔτε
1691 628 1873 706 θηρὸς
1924 630 2062 694 οὔτε
2111 653 2217 694 του
2268 634 2451 693 κυνῶν

1124 730 1507 807 ἕλκοντος
1557 737 1591 809 ἢ
1640 738 1999 806 σπάσαντος
2051 735 2432 816 ἐξεφαίνετο.

576 839 792 905 Etiam
840 841 1151 908 tironibus
1196 848 1419 907 notum
1473 849 1569 906 est
1615 843 1782 927 quod
1828 845 1993 908 inter
2038 841 2237 907 ἕλκειν
2286 848 2352 907 et
2395 843 2564 905 σπᾶν
2603 841 2846 905 intersit
2881 844 2935 903 et
3014 884 3024 899 .

577 952 752 1012 amat
820 944 1161 1031 Sophocles
1231 946 1480 1013 diversa
1552 955 1840 1032 tempora
1909 952 2308 1035 conjungere.
2403 946 2692 1011 Verbum
2759 941 2935 1011 ἕλκειν

576 1052 797 1117 eodem
860 1052 1052 1117 modo
1109 1058 1486 1137 usurpatum
1537 1054 1686 1119 vide
1733 1074 1833 1138 ap.
1877 1052 2046 1119 Plat.
2096 1054 2251 1138 Rep.
2301 1052 2441 1116 VII.
2494 1051 2624 1117 539
2672 1051 2760 1116 B:
2806 1053 2936 1130 χαί-

576 1181 772 1238 ροντες
821 1155 1020 1237 ὥσπερ
1070 1159 1384 1223 σκυλάκια
1429 1162 1513 1237 τῷ
1566 1158 1767 1224 ἕλκειν
1812 1184 1882 1224 τε
1932 1159 2037 1224 καὶ
2085 1158 2495 1239 σπαράττειν.

666 1368 779 1433 Vs.
831 1366 961 1433 287
1024 1368 1136 1432 ubi
1184 1366 1387 1434 Creon
1432 1371 1499 1434 in
1545 1369 1917 1456 Polynicem
1970 1376 2300 1436 mortuum
2347 1369 2708 1445 invehitur,
2752 1371 2938 1434 utitur

574 1475 677 1539 his
724 1475 933 1539 verbis
955 1524 970 1550 ,
1023 1494 1182 1559 quae
1230 1475 1523 1540 Nauckio
1567 1478 1784 1560 spuria
1832 1476 2091 1559 quidem
2139 1482 2325 1547 sunt,
2377 1476 2485 1540 sed
2533 1474 2700 1540 illud
2747 1480 2938 1538 tamen

576 1586 824 1653 constat
847 1628 862 1658 ,
910 1602 1112 1646 unum
1161 1583 1541 1646 vocabulum
1593 1592 1962 1666 corruptum
2013 1603 2166 1648 esse.
2259 1581 2435 1646 Num
2486 1581 2613 1658 dii,
2663 1583 2901 1666 inquit,

1016 1685 1306 1766 ἔκρυπτον
1353 1688 1569 1764 αὐτὸν,
1622 1684 1749 1760 ὅτις
1795 1689 2177 1765 ἀμφικίονας

1027 1793 1203 1867 ναοὺς
1253 1796 1537 1875 πυρώσων
1587 1788 1746 1867 ἦλθε
1792 1792 2229 1873 κάναθήματα

1027 1900 1131 1965 καὶ
1179 1909 1296 1979 γῆν
1348 1902 1677 1966 ἐκείνων
1722 1901 1826 1966 καὶ
1877 1901 2088 1980 νόμους
2132 1901 2493 1978 διασκεδῶνς

572 2004 804 2071 Postea
874 2006 1206 2072 Nauckius
1277 2006 1664 2095 significavit
1732 2010 1800 2071 in
1866 2005 2232 2093 Appendice
2254 2057 2272 2086 ‚
2346 2028 2425 2072 ex
2492 2007 2594 2071 his
2652 2005 2940 2091 quaedam

579 2110 873 2197 Sophocli
922 2114 1120 2177 tribui
1160 2133 1369 2198 posse,
1411 2114 1601 2179 modo
1641 2115 1922 2193 πυρώσων
1963 2121 2027 2180 et
2066 2115 2300 2179 ἐκείνων
2335 2113 2549 2179 locum
2574 2116 2944 2198 permutent.

572 2216 954 2283 Rectissime
1002 2222 1198 2283 sensit
1244 2220 1313 2284 id
1362 2220 1527 2305 quod
1577 2225 1675 2286 est
1719 2229 1838 2297 γῆν
1886 2220 2393 2307 conjungendum
2444 2240 2578 2285 esse
2626 2241 2772 2285 cum
2821 2238 2943 2303 par-

572 2326 794 2408 ticipio
840 2325 1042 2390 futuri
1092 2327 1433 2410 temporis,
1482 2326 1591 2391 sed
1638 2328 1792 2391 satis
1839 2335 1933 2392 est
1979 2328 2349 2392 rescribere:
2403 2326 2507 2389 καὶ
2558 2334 2680 2403 γῆν
2741 2323 2942 2390 κενώ·

573 2452 671 2493 σω
695 2455 743 2493 ν.
816 2429 1012 2518 Origo
1057 2432 1449 2517 corruptelae
1494 2434 1564 2496 in
1612 2434 1823 2517 aprico
1870 2439 1986 2498 est.
2035 2431 2194 2498 Vide
2243 2434 2505 2498 verbum
2553 2438 2759 2498 κενοῦν
2803 2429 2937 2496 Oed-

571 2535 723 2623 Tyr.
775 2536 883 2608 29,
930 2537 1121 2604 Rhes.
1172 2537 1304 2603 914
1352 2544 1416 2604 et
1464 2537 1694 2603 Bacch.
1749 2538 1897 2605 730.

661 2749 731 2815 Si
778 2752 932 2835 quid
972 2750 1148 2817 aliud
1167 2801 1185 2835 ,
1225 2751 1569 2816 absurdum
1612 2758 1706 2815 est
1732 2750 1897 2836 quod
1921 2751 2115 2816 nimis
2137 2753 2450 2836 patienter
2471 2751 2686 2815 ferunt
2711 2769 2941 2824 omnes,

564 2877 659 2924 ve.
710 2855 836 2922 411
863 2879 879 2921 ε

1024 3070 1319 3148 καθήμεθ’
1366 3067 1563 3149 άκρων
1588 3071 1680 3133 ·ε’κ
1730 3070 1954 3147 πάγων
2003 3068 2034 3132 ὑ
2054 3071 2155 3146 πή
2175 3095 2203 3132 ν
2224 3095 2252 3133 ε
2269 3093 2320 3146 μ
2336 3092 2397 3133 οι

910 3227 917 3235 .
1027 3178 1220 3254 ὀσμὴν
1266 3178 1386 3241 ἀπ’
1435 3178 1629 3241 αὐτοῦ
1675 3179 1763 3253 μὴ
1811 3177 2003 3254 βάλοι
2052 3175 2466 3257 πεφευγότες.

568 3283 886 3351 Emendat
939 3284 971 3347 ὑ
992 3308 1039 3348 π
1061 3283 1093 3357 ἦ
1112 3305 1358 3377 νεμον.

659 3496 889 3586 Antig.
940 3494 1106 3562 580:

929 3602 1344 3683 Φεύγουσι
1389 3602 1515 3681 γάρ
1563 3625 1651 3667 τοι
1700 3603 1803 3680 χοὶ
1851 3603 2117 3680 θρασεῖς.
2170 3599 2321 3667 ὅταν
2369 3601 2571 3673 πέλας

937 3711 1043 3786 ἤδη
1090 3712 1194 3776 τὸν
1237 3706 1451 3781 Ἃιδην
1500 3710 1762 3787 εἰσορῶσι
1810 3712 1916 3772 τοῦ
1962 3709 2125 3785 βίου.

571 3820 878 3900 Φεύγουσι
920 3820 1014 3881 uti
1056 3816 1233 3881 vides
1287 3822 1654 3900 corruptum
1702 3820 1818 3880 est.
1912 3814 2243 3880 Nauckius
2290 3816 2555 3899 conjecit
2595 3816 2938 3889 πτήσσουσι.

568 3927 883 4013 Equidem
929 3924 1278 4009 cogitaram
1328 3921 1404 3986 de
1452 3926 1506 4002 Φ
1521 3921 1590 4001 pl
1605 3944 1907 3986 σσουσι.

660 4139 932 4205 Tiresias
977 4138 1141 4201 mire
1196 4137 1486 4202 abutitur
1530 4136 1904 4220 imperfecto
1949 4142 2231 4221 tempore
2278 4156 2370 4201 vs.
2427 4134 2634 4201 1000:

1025 4245 1110 4314 εἷς
1156 4242 1282 4322 γάρ
1331 4243 1602 4306 παλαιὸν
1647 4239 1851 4307 θᾶκον
1897 4239 2317 4322 ὀρνιθοσκόπον

1022 4347 1194 4433 ἵζων,
1245 4348 1319 4415 ἵν’
1368 4344 1452 4421 ἦν
1499 4373 1631 4426 μοι
1684 4350 1915 4420 παντὸς
1964 4351 2161 4414 οἰωνοῦ
2214 4349 2436 4432 λιμήν,
