3192 5017
508 209 596 287 88
1504 235 1901 289 susumus.

501 432 539 478 a
598 409 907 477 Triclinio
951 409 1231 498 legitur:
1281 407 1488 475 οὐκέτ’
1536 411 1782 492 ἀντερῶ.
1831 410 1908 476 de
1955 412 2163 496 priore
2213 430 2433 476 versus
2481 415 2659 496 parte
2705 409 2916 476 dubi-

505 523 701 583 tatur.
794 515 1199 582 Hermannus
1246 537 1472 602 anceps
1515 518 1733 583 haeret
1779 518 2130 583 scr-ibatne:
2179 516 2382 597 χαίρω
2429 540 2500 581 τε
2524 566 2542 594 ,
2593 514 2919 582 τεθνάναι

510 625 560 691 δ’
609 628 716 691 οὐκ
766 622 854 689 ἔτ’
901 625 1124 703 ἀντερῶ
1172 621 1337 697 θεοῖς
1362 670 1378 699 ,
1427 644 1507 689 an
1551 623 1790 706 χαίρω·
1839 625 2020 688 θεοῖσι
2068 619 2366 688 τεθνάναι
2409 622 2462 688 δ’
2501 624 2608 689 οὐκ
2648 625 2923 704 ἀντερῶ.

508 730 917 819 Hartungius
979 733 1283 796 coniecit:
1346 729 1583 810 χαίρω·
1648 729 1864 796 θανεῖν
1914 729 1990 796 ἂν
2038 730 2090 794 δ’
2138 730 2244 794 οὐκ
2294 727 2383 794 ἔτ’
2432 731 2660 810 ἀντερῶ
2707 727 2926 803 θεοῖς.

514 837 925 904 Karstenius:
973 840 1207 918 χαίρω·
1249 837 1318 901 τὸ
1360 834 1658 903 τεθνάναι
1702 836 1754 902 δ’
1796 836 1995 902 οὐκέτ’
2034 837 2258 915 ἀντερῶ
2303 833 2491 907 θεοῖς.
2538 834 2930 903 Dindorfius

519 938 805 1030 denique
853 947 1009 1010 sat-is
1070 944 1298 1009 habuit
1356 945 1557 1025 χαίρω
1620 967 1679 1007 τι
1744 945 2032 1010 scribere.
2132 941 2316 1009 Sardi
2384 942 2677 1028 venales,
2756 964 2928 1008 nam

518 1051 672 1137 quid
711 1070 869 1136 opus
907 1057 1004 1116 est
1039 1049 1554 1137 intelligentibus
1593 1057 1658 1116 et
1696 1049 1924 1115 Graeci
1964 1051 2272 1115 sermonis
2295 1052 2519 1135 peritis
2542 1048 2925 1125 ostendere,

516 1177 629 1222 cur
690 1155 855 1221 nihil
913 1156 1144 1222 horum
1206 1157 1457 1246 probari
1516 1156 1762 1222 debeat.
1856 1152 2118 1221 Contuli
2175 1156 2322 1220 Eur.
2377 1155 2555 1221 Med.
2610 1154 2745 1220 663
2803 1156 2930 1220 ubi

515 1263 804 1349 Aegeus:
868 1262 1119 1336 Μήδεια
1178 1271 1404 1347 χαῖρε,
1468 1262 1694 1328 deinde
1757 1260 1990 1328 Medea
2051 1262 2420 1347 respondet:
2473 1257 2515 1327 ὦ
2562 1269 2754 1344 χαῖρε
2810 1260 2928 1326 καὶ

520 1369 619 1434 σύ.
667 1367 1125 1434 Scribendum:

886 1476 1267 1555 χαίρετε,
1322 1473 1609 1541 θανεῖν
1658 1474 1712 1539 δ’
1760 1478 1867 1541 οὐκ
1914 1477 2136 1556 ἀντερῶ
2186 1472 2353 1548 θεοῖς
2400 1473 2542 1541 ἔτι.

522 1581 596 1648 In
641 1579 765 1647 fine
813 1583 901 1646 ἔτι
952 1582 1272 1648 exciderat
1320 1589 1383 1648 et
1430 1582 1632 1648 oculis
1680 1583 2137 1668 propemodum
2187 1585 2506 1648 cernimus
2526 1630 2542 1661 ‚
2593 1582 2930 1668 quomodo

523 1708 638 1773 pro
700 1690 931 1753 aoristo
993 1689 1191 1752 θανεῖν
1257 1690 1323 1753 in
1381 1693 1634 1755 textum
1700 1687 1957 1753 illatum
2017 1692 2102 1753 sit
2160 1688 2515 1774 perfectum
2564 1688 2880 1754 τεθνάναι
2904 1736 2921 1766 ,

525 1795 693 1880 quod
754 1814 946 1879 quam
1010 1794 1117 1860 hic
1179 1795 1265 1859 sit
1326 1794 1843 1878 incommodum,
1890 1797 2268 1880 interpretes
2314 1794 2683 1860 maluerunt
2730 1796 2930 1861 dissi·

524 1899 773 1965 mulare
820 1921 1012 1987 quam
1062 1901 1375 1967 tironibus
1421 1901 1686 1987 planum
1737 1902 1958 1967 facere.
2027 1900 2338 1986 Exempla
2384 1901 2802 1989 dactylorum
2855 1903 2926 1966 iu

524 2009 752 2092 primis
816 2009 1205 2072 senariorum
1273 2008 1543 2093 pedibus
1604 2008 1742 2072 vidi
1803 2006 1972 2092 apud
2027 2005 2421 2093 Aeschylum
2469 2006 2683 2072 Prom.
2740 2005 2926 2091 ¹730,

521 2112 693 2198 Sept.
748 2111 880 2177 450
929 2119 994 2178 et
1042 2113 1212 2197 653,
1261 2116 1491 2202 Agam.
1550 2112 1759 2190 1312,
1810 2111 2091 2199 Ohoeph.
2141 2112 2272 2178 216
2322 2117 2386 2178 et
2434 2111 2590 2178 986.
2674 2112 2926 2180 Praeco

525 2222 590 2285 in
640 2241 827 2285 scena
874 2241 999 2286 non
1052 2221 1421 2307 respondet:
1474 2221 1578 2285 καὶ
1629 2220 1802 2297 ὑμεῖς
1850 2244 1968 2299 γε,
2021 2242 2099 2286 ne
2148 2243 2290 2286 cum
2345 2220 2529 2305 plebe
2575 2220 2923 2306 loquatur,

524 2327 633 2393 sed
696 2329 955 2408 χαίρετε
1020 2327 1204 2405 dicit,
1267 2326 1433 2412 quod
1496 2347 1569 2392 eo
1630 2329 1768 2412 ipso
1831 2328 2226 2415 tragoediam
2275 2327 2492 2393 decere
2537 2327 2925 2409 videbatur,

527 2455 674 2500 cum
745 2433 985 2521 vulgus
1051 2433 1225 2498 idem
1297 2433 1423 2498 alio
1485 2433 1676 2498 modo
1738 2433 1995 2498 diceret.
2089 2432 2233 2498 Non
2297 2434 2484 2500 video
2544 2433 2698 2518 quid
2764 2434 2926 2498 huic

525 2541 921 2626 conjecturae
973 2542 1117 2625 jure
1161 2541 1394 2625 opponi
1438 2541 1657 2624 possit.
1751 2538 2058 2604 Nostrum
2107 2538 2498 2605 versiculum
2547 2540 2728 2605 brevi
2778 2542 2928 2624 post

522 2647 783 2732 respicit
832 2644 1116 2729 ChorUS‚
1166 2667 1255 2711 ve.
1309 2643 1470 2709 550:
1525 2646 1603 2716 ὦς
1652 2650 1754 2709 νῦν
1800 2647 1869 2709 τὸ
1917 2647 2018 2710 σὸν
2066 2644 2136 2719 δὴ
2187 2645 2319 2709 καὶ
2373 2642 2661 2728 θανεῖν
2706 2644 2923 2717 πολλῆ

523 2753 744 2836 χάρις,
816 2753 931 2817 ubi
1002 2754 1310 2828 aoristus,
1381 2753 1574 2817 sicuti
1647 2752 1856 2828 vide8‚
1926 2757 2093 2817 recte
2154 2754 2446 2838 ponitur,
2508 2752 2617 2817 sed
2678 2750 2918 2818 malim

528 2857 991 2925 κατθανεῖν
1036 2860 1392 2924 restituere.

615 3073 848 3158 Agam.
915 3067 1041 3133 541
1109 3066 1574 3133 Herwerdenus
1639 3067 2020 3134 Triclinium
2086 3076 2341 3135 secutus
2403 3089 2517 3154 pro
2566 3068 2913 3150 ἐνδακρύειν

525 3184 694 3244 recte
740 3177 1011 3261 requirit
1058 3174 1424 3255 ἐκδακρύειν.
1473 3175 1576 3241 Ad
1621 3175 1783 3240 hanc
1827 3195 1961 3241 rem
2008 3175 2230 3241 laudat
2275 3175 2429 3241 Eur.
2481 3174 2688 3242 Orest.
2735 3173 2916 3242 1122

528 3290 593 3352 et
635 3290 960 3371 praeterea
1005 3303 1078 3349 eo
1124 3282 1371 3347 faciunt
1415 3281 1612 3367 Soph.
1659 3280 1832 3346 Phil.
1883 3279 2016 3347 278
2065 3287 2129 3347 et
2175 3281 2329 3348 Eur.
2376 3282 2620 3349 Phoen.
2669 3282 2874 3348 1344.

617 3496 882 3583 Aliquid
928 3496 1260 3562 turbatum
1308 3498 1405 3560 est
1447 3492 1687 3580 Agam.
1740 3489 1872 3562 798
1889 3540 1907 3571 ,
1957 3494 2072 3559 ubi
2117 3495 2211 3560 ita
2254 3495 2501 3562 editur:

1165 3598 1288 3674 δ’ςις
1339 3599 1391 3664 δ’
1439 3597 1694 3678 ἀγαθὸς
1742 3600 2280 3681 προβατογνώμων

1169 3710 1277 3774 οὐκ
1323 3704 1411 3776 ἔςι
1458 3704 1686 3772 λαθεῖν
1730 3706 1998 3786 ὄμματα
2043 3709 2282 3788 Φωτός,

1168 3815 1254 3881 τὰ
1300 3813 1568 3880 δοκοῦντ’
1615 3814 1898 3896 εὔφρονος
1946 3815 2014 3880 ἐκ
2062 3814 2332 3890 διανοίας

1170 3920 1449 4002 ὑδαρεῖ
1490 3920 1809 3986 σαίνειν
1854 3920 2172 4002 Φιλότητι.

518 4031 649 4100 Hic
699 4034 984 4119 primum
1033 4049 1181 4094 cum
1226 4027 1568 4094 Karstenio
1619 4028 1816 4094 latere
1864 4029 2134 4094 arbitror
2180 4030 2369 4114 ἱλαρᾷ
2415 4050 2528 4116 pro
2579 4030 2790 4109 ὑδαρεῖ
2837 4033 2898 4093 et

519 4147 844 4227 praeterea
907 4136 1173 4202 malim:
1240 4129 1487 4218 ἱλαρέᾄ
1553 4137 1611 4199 ο·’
1662 4136 1922 4200 αἴνεῖν
1970 4135 2303 4218 Φιλότητι,
2352 4137 2463 4203 sed
2510 4137 2771 4205 fortasse
2831 4152 2906 4200 ne

515 4249 607 4315 sic
659 4246 919 4335 quidem
964 4243 1143 4308 locus
1188 4247 1614 4330 perpurgatus
1660 4248 1771 4308 est.
1823 4240 1960 4307 Alii
2011 4242 2272 4310 videant
