3192 5017
551 311 680 381 308
1569 329 1913 383 consumes

548 507 612 570 αἱ
677 504 955 582 δεύτεραι
1016 506 1336 584 Φροντίδες
1401 506 1730 571 meliorem
1792 506 2131 573 lectionem
2198 514 2687 598 suggesserunt,
2732 528 2900 594 quam

547 615 940 698 recepimus:
989 615 1080 677 bie
1127 629 1348 678 comas
1394 616 1595 698 reyiae
1632 615 1856 699 fecisse
1900 616 2330 702 naufrayium.

639 719 782 784 Non
869 721 1039 784 enim
1124 726 1199 783 ut
1265 720 1618 784 rectissime
1688 720 1925 785 dicitur
1993 724 2176 806 reqiis
2244 724 2460 811 opibus
2522 745 2791 811 praeesse
2851 725 2904 787 et

547 851 918 912 maynarum
988 850 1176 913 opum
1243 848 1365 889 esse
1433 831 1499 889 et
1566 849 1826 911 maynae
1893 850 2035 914 opes
2104 828 2320 893 habere
2382 835 2445 894 et
2505 828 2770 905 similia,
2827 828 2904 891 sic

548 934 739 998 etiam
789 932 913 997 dici
962 937 1227 1016 possunt
1273 954 1415 1018 opes
1463 929 1738 997 alicuius
1784 935 1943 997 vinci
1986 940 2099 998 aut
2149 935 2340 1000 deleri
2374 942 2486 999 aut
2522 936 2905 1021 naufrayium

536 1041 748 1126 facere
797 1060 907 1124 pro
952 1041 1141 1125 copiis
1159 1087 1177 1122 ,
1226 1040 1490 1102 exercitu
1507 1087 1523 1120 ‚
1571 1038 1774 1102 classe.

635 1145 831 1211 Recte
896 1145 1132 1209 dicitur
1192 1147 1398 1231 copiae
1447 1157 1794 1220 terrestres,
1846 1149 2236 1224 maritimae,
2279 1148 2489 1235 copiae
2535 1150 2809 1212 deducere
2850 1149 2904 1209 in

545 1277 832 1340 campum
854 1300 868 1327 ‚
939 1254 1180 1316 educere
1247 1274 1321 1315 ex
1381 1252 1561 1335 urbe,
1629 1255 1904 1317 traiicere
1952 1252 2318 1338 similiaque
2364 1274 2557 1339 quam
2611 1253 2904 1339 plurima,

545 1380 671 1445 quo
718 1380 901 1425 sensu
947 1378 1134 1422 nemo
1178 1378 1484 1442 umquam
1531 1380 1674 1445 opes
1721 1362 2076 1450 usurpavit.

649 1574 938 1637 Themist.
1004 1570 1140 1636 VII.
1193 1568 1269 1634 6:
1342 1593 1533 1657 quare
1554 1616 1570 1646 ,
1618 1573 1675 1634 ei
1717 1593 1857 1634 euos
1904 1571 2130 1656 leyatoe
2177 1576 2440 1660 recipere
2487 1573 2734 1649 vellent,
2779 1595 2910 1659 quos

549 1677 828 1743 Athenas
864 1681 1198 1761 miserant,
1240 1700 1299 1741 ee
1339 1680 1751 1741 remitterent.-
1791 1678 1974 1743 aliter
2010 1677 2148 1742 illos
2185 1703 2526 1766 numquam
2564 1683 2629 1744 in
2646 1681 2909 1768 patriam

545 1803 750 1850 eseeN'r
798 1802 1130 1850 recemum.

638 1889 951 1976 Corrupta
994 1892 1149 1955 haec
1196 1910 1329 1955 esse
1376 1890 1595 1956 vident
1631 1910 1883 1968 omnes,
1921 1892 2076 1974 quid
2115 1895 2199 1956 sit
2236 1893 2704 1959 restituendum
2743 1910 2911 1957 nemo

548 1997 750 2068 vidit,
805 1999 954 2081 quia
1002 2017 1160 2082 quae
1207 1999 1293 2060 sit
1339 1999 1486 2061 vitii
1534 1996 1712 2061 sedes
1750 2017 1871 2062 non
1913 1998 2519 2064 animadverterunt.
2568 1999 2683 2065 Me
2721 1998 2911 2063 iudice

545 2103 853 2167 mendum
902 2108 997 2167 est
1043 2105 1110 2166 in
1158 2101 1411 2166 ultimis
1456 2103 1669 2167 verbis
1714 2102 1805 2167 sic
1852 2102 2203 2168 tollendum
2247 2110 2323 2168 ut
2358 2106 2707 2170 scribatur:
2750 2106 2913 2170 aliter

546 2211 686 2275 illos
745 2232 1086 2297 numquam
1140 2211 1206 2272 in
1259 2211 1547 2296 patriam
1609 2227 1739 2273 esen
1803 2226 2232 2276 RRVERSUROS.
2299 2211 2584 2287 εὐφημία
2632 2212 2785 2277 haec
2829 2215 2912 2274 est

546 2317 651 2382 sed
700 2316 852 2401 quid
901 2316 1069 2380 dicat
1116 2316 1271 2380 satis
1318 2320 1414 2379 est
1459 2316 1886 2400 perspicuum.
1982 2316 2170 2401 Apud
2220 2314 2600 2382 Suetonium
2652 2320 2718 2382 in
2774 2314 2911 2382 Cae-

547 2446 684 2489 sare
730 2443 864 2507 cap.
919 2420 1021 2485 13.
1078 2418 1306 2485 Caesar
1351 2419 1790 2504 pontificatum
1861 2423 2222 2486 maximum
2270 2428 2525 2507 petens,
2574 2447 2714 2488 cum
2752 2442 2912 2487 mane

542 2533 630 2593 ad
684 2525 950 2593 Comitia
998 2530 1370 2592 descenderet
1410 2528 1796 2614 praedixiese
1839 2530 2038 2592 matri
2080 2528 2382 2593 osculanti
2415 2530 2635 2615 fertur
2674 2532 2912 2594 domum

542 2659 602 2701 ee
643 2638 768 2700 nisi
812 2635 1171 2720 Pontificem
1216 2657 1339 2697 non
1385 2655 1792 2698 reversurum.
1857 2630 2118 2711 Caesar,
2167 2634 2221 2699 si
2268 2633 2584 2719 repulsam
2635 2633 2911 2715 tulisset,

545 2763 770 2808 manus
825 2742 948 2805 sibi
1009 2741 1393 2806 consciscere
1456 2739 1838 2804 decreverat.
1901 2737 2360 2805 Themistocles
2407 2741 2914 2806 Lacedaemoniis

545 2848 712 2914 dixit
770 2848 896 2912 nisi
957 2849 1091 2931 ipse
1137 2847 1572 2911 remitteretur
1618 2845 1850 2932 legatis
1899 2865 2116 2909 eorum
2166 2866 2383 2911 necem
2433 2868 2566 2912 esse
2611 2854 2912 2933 paratam.

649 3065 936 3128 Themiet.
987 3058 1159 3124 VIII.
1214 3058 1280 3124 1:
1348 3082 1378 3124 e
1424 3061 1665 3123 civitate
1708 3061 1922 3123 eiectus
1971 3058 2180 3144 Arqos
2227 3059 2575 3126 habitatum
2619 3064 2911 3128 concessit.

549 3171 643 3235 hie
682 3194 819 3236 cum
849 3181 1116 3257 propter
1151 3167 1380 3230 multae
1402 3168 1529 3231 eius
1552 3169 1806 3229 virtutes
1830 3188 2056 3251 magna
2080 3188 2217 3230 cum
2239 3168 2540 3253 diynitate
2562 3171 2784 3234 viseret
2806 3174 2915 3235 cet.

630 3276 911 3341 Haerent
966 3294 1185 3340 omnes
1246 3275 1313 3337 in
1378 3272 1619 3337 verbis:
1662 3284 1930 3359 propter
1970 3272 2200 3337 multae
2240 3275 2369 3337 eius
2414 3275 2691 3340 virtutes.
2785 3274 2918 3341 Non

539 3403 824 3469 premam
890 3381 1352 3464 suspicionem,
1415 3398 1575 3462 quae
1631 3377 1797 3441 mihi
1856 3376 2201 3466 diligenter
2242 3377 2454 3443 locum
2504 3380 2919 3448 consideranti

538 3489 810 3556 subnata
856 3494 968 3553 est.
1029 3485 1403 3551 Mendosum
1452 3490 1547 3549 est
1593 3486 1849 3548 virtutes
1893 3486 1961 3548 in
2006 3483 2144 3550 loco
2190 3483 2398 3550 lacero
2445 3492 2557 3551 aut
2601 3489 2918 3553 maculato

533 3595 704 3662 male
775 3593 1159 3679 suppletum.
1258 3590 1626 3656 Videndum
1699 3590 1851 3675 quid
1924 3592 2239 3656 sententia
2311 3591 2623 3676 postulet:
2692 3618 2917 3680 mayna

537 3726 674 3769 cum
737 3703 1036 3788 dignitate
1100 3702 1290 3763 vivere
1346 3703 1440 3762 est
1498 3700 1563 3761 in
1626 3720 1692 3761 re
1755 3697 1930 3762 lauta
1991 3697 2303 3785 splendide
2362 3701 2588 3776 vivere,
2638 3704 2750 3785 qui
2797 3721 2913 3767 non

537 3812 798 3875 virtutis
848 3812 1088 3871 fructus
1133 3811 1228 3869 est
1268 3803 1374 3867 sed
1417 3805 1554 3868 eius
1594 3805 1718 3872 rei.
1758 3823 1918 3887 quae
1952 3804 2179 3867 virtuti
2206 3806 2435 3887 opponi
2460 3805 2639 3871 solet.
2686 3806 2914 3886 Quam·

538 3918 750 3983 obrem
793 3913 1217 3979 restituerim:
1249 3921 1516 3997 propter
1552 3910 1783 3974 multae
1819 3912 1945 3974 eius
1982 3925 2263 3974 mvl‘ruis
2304 3933 2532 3995 mayna
2560 3935 2695 3976 cum
2719 3915 2911 3998 diyni·

539 4036 662 4090 tate
708 4025 946 4087 viveret.
998 4014 1492 4082 Themistoclem
1531 4017 1596 4078 in
1637 4014 2181 4081 administratione
2223 4017 2375 4100 reip.
2421 4018 2712 4102 ingentes
2747 4017 2908 4082 divi-

536 4132 660 4195 tias
722 4124 1056 4212 collegisse
1113 4122 1563 4206 Theopompus
1628 4121 1793 4205 apud
1843 4120 2260 4186 Plutarchum
2309 4124 2377 4186 in
2444 4121 2731 4189 leemiet.
2780 4143 2910 4207 cap.

537 4233 646 4299 25.
717 4241 934 4299 auctor
1005 4236 1099 4294 est
1168 4236 1233 4292 et
1301 4227 1798 4312 Theophrastus.
1907 4228 2325 4294 Themistocles
2407 4227 2909 4309 ἐξωςρκκισμένος

534 4340 710 4407 salvo
773 4339 1154 4428 patrimonio
1200 4333 1499 4401 exulabat
1545 4342 1611 4399 et
1656 4332 1747 4399 sic
1795 4356 2029 4423 magna
2076 4356 2223 4401 cum
2269 4334 2590 4428 dignitate
2639 4336 2905 4403 vivebat.
