3192 5017
1317 307 1533 356 napos.
2495 287 2624 361 305

349 479 412 544 In
456 479 727 547 Datame
775 479 886 544 XI.
943 478 1000 542 1.
1049 478 1261 564 Nepos
1308 482 1673 565 scripserat:
1726 493 1965 568 tempus
2013 505 2135 547 esse
2182 487 2468 549 maionsss
2506 501 2625 550 RES

269 588 470 670 parari.
559 585 811 652 Incuria
870 610 966 652 res
1028 585 1263 651 excidit
1326 591 1391 652 et
1436 584 1670 651 sciolus
1715 586 2065 671 supplevit:
2114 592 2377 654 maiores
2423 607 2622 655 13an-

268 707 425 758 orfus
456 695 706 780 parari.
1782 699 1789 706 ’

341 796 410 862 In
465 798 910 886 Epaminonda
959 797 1041 864 II.
1093 799 1169 864 4:
1222 799 1395 864 illam
1443 801 1604 864 enim
1651 802 1738 863 ad
1781 799 2157 864 athletarum
2206 824 2421 876 usum,
2469 802 2623 864 hanc

267 907 339 969 ad
375 905 503 969 belli
545 907 938 972 existimabat
974 910 1308 994 pertinere.

341 1009 546 1095 Inepte
619 1017 761 1096 post
828 1014 1220 1078 existimabat
1276 1014 1546 1078 inseruit
1609 1013 1818 1077 nescio
1881 1017 2024 1096 quis
2074 1012 2424 1078 utilitatem.
2522 1014 2621 1079 Ad

268 1115 396 1182 belli
439 1142 618 1181 usum
668 1119 822 1202 quid
867 1121 952 1183 sit
998 1122 1327 1195 novimus,
1378 1119 1459 1184 ad
1507 1117 1663 1184 belli
1711 1119 2041 1183 utilitatem
2088 1139 2210 1183 non
2259 1121 2437 1184 item.

339 1223 402 1289 In
447 1226 888 1312 Epaminonda
936 1224 1090 1291 VII.
1147 1227 1219 1291 l:
1268 1251 1404 1292 cum
1443 1228 1573 1290 dux
1610 1237 1759 1290 esset
1797 1224 2053 1289 delectus
2091 1225 2231 1289 belli
2273 1227 2618 1312 imperitus,

259 1333 409 1395 cuius
464 1350 685 1397 erroRR
746 1356 814 1397 eo
873 1345 1021 1398 esset
1080 1335 1337 1398 deducta
1390 1332 1524 1417 [illa
1571 1331 1904 1395 multitudo
1951 1331 2249 1415 militum]
2303 1345 2371 1395 ut
2417 1354 2620 1396 omnes

254 1440 319 1503 de
361 1439 545 1504 salute
582 1441 1097 1527 pertimescerent.

337 1541 714 1610 Acutissime
765 1545 931 1610 vidit
975 1545 1297 1633 Pluygers
1346 1566 1564 1611 veram
1606 1544 1943 1610 lectionem
1986 1565 2151 1609 esse:
2190 1547 2360 1609 cuius
2398 1564 2620 1610 eru-olm

253 1667 358 1716 ans
403 1675 465 1716 eo
510 1665 660 1716 esset
706 1653 980 1716 deducta.
1034 1651 1256 1737 Itaque
1303 1654 1636 1716 manifesta
1684 1657 1779 1714 est
1825 1650 2257 1744 interpolatio:
2312 1652 2422 1715 illa
2462 1652 2619 1714 mul-

254 1760 433 1823 titudo
479 1758 766 1822 militum.
821 1757 897 1822 of.
951 1756 1213 1822 Livium
1263 1756 1367 1822 IV.
1423 1756 1497 1821 6:
1546 1780 1613 1821 eo
1661 1759 1918 1820 deducta
1966 1779 2061 1821 res
2107 1770 2194 1820 est
2236 1771 2305 1822 ut
2339 1758 2616 1822 tribunos

251 1863 503 1927 militum
553 1900 634 1913 -
685 1886 758 1927 ex
795 1864 971 1950 plebe
1015 1866 1214 1928 creari
1259 1866 1540 1928 sinerent.
1591 1861 1914 1926 XXXIV.
1967 1860 2087 1925 40:
2137 1885 2203 1926 eo
2242 1865 2496 1927 deducta
2524 1886 2619 1927 res
2659 1937 2667 1947 ,

248 1981 327 2032 est
371 1982 432 2034 ut
479 1970 575 2034 his
620 1971 1065 2034 conditionibus
1117 2007 1184 2018 -·
1249 1972 1527 2035 induciae
1559 1971 1807 2056 flerent.

335 2180 604 2245 Miltiad.
661 2180 783 2245 III.
851 2178 919 2245 3:
985 2183 1051 2246 in
1113 2181 1221 2247 leoc
1272 2181 1410 2266 fuit
1477 2194 1611 2245 tum
1656 2202 1909 2245 numero
1954 2181 2293 2245 Miltiades.
2341 2182 2436 2244 hic
2480 2205 2616 2244 cum

247 2287 427 2351 crebri
481 2291 781 2374 afferrent
841 2290 1048 2352 nuntii
1109 2288 1269 2351 male
1333 2310 1463 2351 rem
1506 2310 1713 2372 yerere
1761 2286 2043 2351 Darium
2093 2326 2173 2334 —
2228 2287 2611 2374 [Miltiades]

247 2393 514 2458 hortatus
558 2405 648 2458 est
685 2396 901 2480 pontis
947 2397 1237 2459 custodes.

329 2499 449 2565 Hic
513 2511 609 2565 est
669 2499 996 2565 Miltiades
1055 2507 1119 2565 et
1179 2501 1269 2565 sic
1330 2500 1543 2585 Nepos
1590 2501 1861 2566 scribere
1908 2500 2088 2566 solet.
2136 2500 2212 2565 cf.
2266 2498 2374 2566 IV.
2423 2500 2483 2565 5.
2536 2502 2609 2566 4:

251 2604 592 2670 Pausanias
631 2629 925 2690 maynam
973 2606 1113 2671 belli
1150 2607 1420 2691 yloriam
1471 2609 1647 2694 turpi
1691 2620 1887 2672 morte
1931 2606 2280 2672 maculavit.
2330 2626 2438 2673 mc
2482 2633 2619 2673 cum

245 2714 605 2776 semianimis
667 2714 740 2776 de
808 2712 1033 2798 templo
1078 2712 1274 2777 elatus
1321 2724 1485 2777 esset.
1540 2710 1613 2775 V.
1669 2714 1731 2775 2.
1787 2713 1857 2777 l:
1908 2716 2114 2799 itaque
2159 2730 2267 2777 1110
2304 2715 2614 2802 populum

247 2819 536 2882 urbanum
584 2821 650 2882 in
698 2842 811 2882 sua
861 2820 1054 2882 tenuit
1092 2830 1417 2904 potestate.
1470 2824 1535 2883 et
1582 2817 1738 2883 alibi
1776 2823 2041 2904 saepius.
2139 2819 2366 2903 Itaque
2408 2822 2613 2885 mani-

245 2924 390 2991 festa
435 2930 689 2990 tenetur
733 2925 906 2990 fraus
951 2926 1019 2988 in
1066 2925 1385 2990 Miltiades
1432 2926 1646 3010 inepte
1694 2925 1929 2990 addito,

323 3139 597 3204 Miltiad.
660 3136 710 3200 I.
766 3136 842 3201 4:
913 3161 1049 3201 cum
1097 3139 1430 3202 accessisset
1476 3134 1784 3200 Lemnum
1831 3148 1889 3200 et
1934 3136 2160 3200 incolas
2205 3137 2333 3200 eius
2379 3137 2614 3201 insulae

240 3246 338 3308 sub
396 3256 766 3332 potestatem
830 3245 1099 3329 rediyere
1160 3242 1332 3307 vellet
1393 3240 1862 3306 Atheniensium
1880 3288 1897 3318 ,
1966 3244 2146 3328 idque
2208 3241 2459 3308 Lemnii
2502 3269 2615 3309 sua

239 3364 439 3437 sponte
474 3352 758 3436 facerent
795 3350 1189 3437 postulasset.

324 3456 595 3541 Requiro
656 3458 724 3520 in
784 3456 888 3520 his
951 3457 1369 3520 necessariam
1417 3455 1964 3520 coniunctionem:
2014 3455 2195 3540 idque
2240 3472 2323 3520 Um
2368 3455 2622 3523 Lemnii

244 3584 347 3624 sua
409 3575 620 3650 sponte
662 3563 954 3648 facerent
1008 3563 1414 3649 postulasset,
1480 3569 1553 3625 ut
1611 3559 1692 3625 II.
1744 3560 1813 3623 4:
1868 3583 1942 3625 ex
1976 3574 2163 3647 pacto
2201 3564 2485 3649 postulat
2532 3584 2615 3631 υτ

245 3668 351 3730 sibi
415 3675 622 3734 urbem
693 3673 983 3745 tradant,
1057 3676 1122 3734 et.
1185 3672 1275 3734 sic
1339 3669 1572 3754 ubique
1636 3670 1703 3732 in
1766 3668 2279 3753 frequentissimo
2324 3673 2614 3739 omnium

244 3792 354 3838 usu
397 3795 748 3861 numquam
798 3778 1240 3842 coniunctione
1296 3777 1549 3840 omissa.

329 3987 636 4055 Continuo
684 3989 1006 4073 sequitur:
1073 3988 1171 4053 illi
1213 3990 1538 4054 irridentes
1586 3992 2032 4077 responderunt
2080 4003 2211 4055 tum
2258 3993 2327 4055 id
2369 4013 2429 4055 se
2465 3992 2613 4077 sac-

249 4105 403 4160 turos
459 4119 595 4160 oum
657 4095 758 4159 ille
819 4098 1001 4160 domo
1065 4096 1318 4159 navibus
1373 4098 1769 4183 proficiscens
1818 4108 1988 4160 vento
2036 4097 2319 4183 aquilone
2364 4098 2615 4162 venisset

247 4198 553 4267 Lemnum.

326 4307 565 4375 Haereo
624 4312 691 4375 in
745 4311 1175 4398 proficiscens,
1237 4329 1511 4393 namque
1573 4311 1771 4373 risum
1825 4313 2043 4374 movet
2079 4311 2475 4397 proficiscens
2518 4334 2616 4376 ve-

247 4416 414 4481 nisset
479 4417 805 4483 Lemnum.
902 4415 1045 4480 Non
1105 4415 1290 4481 video
1352 4415 1506 4498 quid
1575 4414 1753 4480 aliud
1819 4413 2026 4480 dicere
2083 4417 2362 4499 potuerit
2423 4437 2617 4501 quam

2259 4535 2324 4583 so
