3192 5017
1232 302 1622 360 sornocnna.
2183 267 2192 277 ’
2481 282 2615 353 237

267 499 410 543 vero.
469 479 633 554 Quid
678 480 854 546 enim
901 483 957 547 si
1001 479 1346 568 Sophocles
1392 482 1681 568 scripsit,
1730 498 1891 566 quae
1942 481 2216 545 mutatio
2264 476 2613 544 admodum

263 585 471 672 exigua
516 591 644 671 est,

865 695 1057 763 κᾶςί
1102 718 1247 760 που
1296 696 1363 773 γ’
1410 692 1514 760 ὅδ’
1561 694 1934 763 ἔκτοπος.

260 799 445 882 Atque
478 798 577 863 his
610 800 823 865 verbis
858 799 1097 866 auditis
1133 806 1303 866 recte
1332 801 1517 887 jubet
1556 800 1823 887 Ulysses
1862 795 2360 883 Neoptolemum
2401 796 2618 862 videre

256 922 391 967 num
427 904 586 970 forte
610 904 1001 972 Philoctetes
1023 908 1090 970 in
1114 911 1295 972 antro
1321 907 1635 972 dormiat:
1661 904 1828 971 nihil
1853 903 2220 970 adulescens
2242 903 2613 977 audiverat,

256 1030 402 1075 nunc
442 1013 639 1076 etiam
686 1015 888 1077 oculis
932 1012 1150 1078 locum
1187 1014 1453 1099 jubetur
1500 1012 1848 1098 explorare.
1919 1009 2108 1075 Nihil
2157 1011 2399 1095 reperio
2446 1009 2614 1094 quod

255 1114 385 1182 hnic
428 1121 822 1205 conjecturae
868 1120 1054 1186 obsit.

327 1326 396 1392 In
440 1329 661 1395 eodem
709 1328 963 1417 dialogo
1006 1329 1267 1416 Ulyssis
1313 1331 1507 1397 verba
1525 1392 1531 1397 ,
1552 1335 1703 1397 sunt
1749 1352 1843 1396 vs.
1894 1329 2018 1395 53:

685 1437 838 1501 ἀλλ’
887 1436 955 1510 ἥν
999 1459 1060 1501 τι
1108 1436 1312 1501 καινὸν
1358 1433 1433 1501 ὧν
1481 1437 1617 1515 πρὶν
1667 1438 1774 1502 οὑκ
1822 1438 2094 1512 ἀκήκοας

679 1541 904 1622 κλύῃς,
953 1543 1279 1620 ὑπουργεῖν
1325 1544 1401 1614 ὦς
1452 1544 1752 1621 ὑπηρέτης
1804 1545 2067 1621 πάρει.

249 1646 401 1713 Fieri
441 1653 648 1734 potest
692 1653 768 1713 ut
813 1650 881 1713 in
929 1651 1164 1715 vicinia
1211 1650 1416 1716 multa
1463 1652 1720 1716 turbata
1766 1653 1928 1727 sint,
1980 1670 2105 1735 qua
2152 1650 2229 1716 de
2274 1671 2341 1715 re
2404 1650 2620 1716 Nauc-

250 1751 382 1818 kius
425 1754 589 1819 dixit
632 1756 699 1818 in
754 1755 1117 1840 Appendice
1137 1802 1153 1829 ,
1202 1755 1312 1820 sed
1355 1754 1520 1820 illud
1567 1761 1739 1821 certe
1787 1762 2036 1851 constat
2081 1756 2232 1820 ferri
2278 1777 2400 1821 non
2442 1776 2621 1841 posse

248 1861 316 1930 ὥς
363 1860 659 1939 ὑπηρέτης
708 1860 908 1939 πάρει.
958 1861 1262 1926 Reiskius
1309 1864 1636 1947 proposuit
1687 1863 1985 1939 ὑπηρέτης
2035 1861 2243 1940 παρα,
2287 1861 2348 1926 N
2352 1861 2620 1927 auckius

252 1965 600 2033 dubitanter
652 1969 923 2033 coniecit
982 1967 1308 2046 ξυνηρέτης
1358 1967 1561 2048 πάρει.
1654 1968 1968 2052 Equidem
2016 1968 2213 2033 incidi
2261 1970 2363 2031 in:
2414 1969 2625 2045 ὑπουρ-

252 2081 374 2149 γεῖν
434 2076 511 2146 ὥς
576 2074 877 2153 ὑπηρέτην
937 2074 1275 2152 πρέπει,
1340 2075 1449 2140 sed
1510 2096 1637 2140 non
1700 2074 2018 2140 intercedo
2067 2077 2408 2159 quominus
2467 2073 2623 2140 locis

254 2184 373 2243 tam
419 2181 587 2247 male
632 2181 870 2246 habitis
918 2200 1034 2246 sno
1080 2183 1347 2266 quisque
1386 2181 1632 2267 judicio
1679 2181 1946 2246 fruatur.

326 2392 600 2460 Facilius
648 2398 935 2459 constare
973 2394 1205 2478 poterit
1252 2392 1329 2458 de
1377 2412 1528 2457 vera
1573 2393 1887 2477 scriptura
1932 2413 2026 2457 vs.
2078 2391 2203 2457 55:

1284 2499 1394 2571 τὴν
1445 2497 1823 2572 Φιλοκτήτου
1872 2522 1941 2563 σε
1990 2500 2086 2563 δεῖ

684 2606 903 2686 ψυχὴν
950 2600 1111 2676 ὅπως
1160 2603 1433 2682 λόγοισιν
1481 2603 1804 2683 ἕκκλέψεις
1854 2620 1892 2668 λ
1916 2602 2141 2681 sycon.

252 2707 555 2777 Ultimum
633 2710 1015 2777 vocabulum
1090 2717 1461 2797 corruptum
1520 2717 1652 2786 est3
1716 2708 2080 2776 Dindorfius
2144 2712 2285 2791 δρᾶν
2333 2716 2624 2797 reponit,

253 2813 579 2883 'furnerius
629 2817 858 2881 κλύειν.
953 2815 1093 2881 Aut
1140 2816 1325 2883 fallor
1370 2822 1483 2882 aut
1530 2822 1808 2903 praestat
1854 2841 1949 2880 σκ
1975 2826 2227 2883 οπεῖν.

332 3027 480 3094 Post
523 3030 715 3095 breve
760 3027 1176 3095 intervallum
1223 3038 1574 3113 sequuntur
1621 3029 1874 3115 Ulyssis
1923 3028 2117 3094 verba
2165 3049 2261 3094 vs.
2311 3028 2435 3094 60:

600 3132 662 3199 οἵ
697 3133 757 3197 ‹r'
809 3136 867 3198 ἐν
917 3142 1125 3205 λιταῖς
1172 3134 1623 3207 ςείλαντες
1675 3132 1742 3210 ἐξ
1790 3132 1961 3198 οἴκων
2009 3142 2224 3210 μολεῖν

598 3239 785 3316 μόνην
835 3238 1087 3319 ἔχοντες
1133 3239 1300 3313 τήνδ’
1348 3238 1581 3305 ἅλωσιν
1633 3240 1818 3305 Ἰλίου

598 3347 707 3410 οὑκ
756 3344 1018 3422 ἠξίωσαν
1066 3352 1183 3410 τῶν
1233 3347 1610 3427 Ἀχιλλείων
1658 3343 1865 3412 ὅπλων

592 3450 839 3517 ἐλθόντι
890 3451 1089 3516 δοῦναι
1139 3451 1347 3530 κυρίως
1401 3451 1762 3530 αἰτουμένῳ.

258 3554 412 3634 Quid
456 3564 551 3623 est
597 3558 920 3629 ςείλαντες
970 3555 1228 3635 μολεῖνῖ
1275 3557 1638 3643 Respondet
1674 3557 1740 3623 Ν
1742 3559 2011 3623 auckius
2050 3565 2116 3623 et
2155 3559 2376 3626 laudat
2407 3560 2631 3650 Antig.

261 3660 410 3736 165,
470 3664 584 3729 ubi
646 3663 934 3729 Creontis
993 3664 1184 3730 verba
1232 3669 1382 3728 sunt
1428 3664 1506 3730 ad
1554 3672 1906 3730 senatores:
1962 3664 2127 3741 ὑμᾶς
2175 3666 2226 3730 δ’
2277 3667 2397 3745 ἐγὼ
2448 3666 2633 3736 ἔςειλ’

258 3766 490 3832 ἱκέσθαι
515 3819 529 3844 ,
576 3770 639 3834 h.
669 3790 723 3834 e.
773 3790 884 3855 pro
929 3769 1200 3854 imperio
1248 3790 1368 3857 ego
1416 3790 1526 3834 vos
1575 3771 1701 3835 huc
1750 3771 1964 3836 adesse
2000 3775 2184 3857 jussi.
2235 3772 2357 3838 Sed
2403 3771 2634 3839 Graeci

257 3876 534 3956 precibus
602 3875 1098 3961 Neoptolemum
1167 3875 1509 3963 adegerant
1575 3882 1650 3941 ut
1713 3876 1968 3962 'PrOJam
2037 3882 2317 3957 veniret3
2367 3880 2487 3944 hoc
2534 3887 2631 3945 est

257 3977 407 4045 illud
474 3982 533 4044 ἐν
596 3989 801 4047 λιταῖς
825 4005 840 4020 ·
904 3984 1120 4066 itaque
1181 3982 1502 4053 ςείλαντες
1568 3983 1677 4047 hic
1741 3982 1892 4048 ferri
1939 4004 2062 4050 non
2110 3986 2296 4051 debet
2344 3991 2409 4050 et
2455 4005 2629 4050 com-

256 4087 469 4152 mendo
514 4090 926 4173 participium
976 4087 1157 4151 πείσ
1182 4111 1325 4152 αντ
1348 4112 1461 4164 ες,
1512 4089 1767 4154 etiamsi
1810 4088 1979 4156 ultro
2019 4091 2219 4157 fatear
2258 4091 2336 4157 ab
2376 4091 2630 4178 elegan-

256 4192 337 4277 tia
376 4214 510 4259 eam
562 4196 990 4280 conjecturam
1040 4195 1310 4260 minime
1359 4194 1808 4260 commendari.

340 4407 515 4488 Quod
560 4409 949 4476 Philoctetes
994 4409 1151 4476 dicit
1198 4430 1294 4475 vs.
1341 4406 1514 4474 233:
