3192 5017
530 246 661 313 408
1522 261 1918 311 monor-us.

655 435 801 501 VII.
850 433 1006 501 200.
1058 440 1343 512 ποταμοῦ
1394 436 1423 520 [
1428 481 1626 501 .....
1675 436 2010 520 vermem.

653 542 799 608 VII.
851 541 1005 609 201.
1055 541 1432 623 θερμοπύλαι
1482 545 1511 625 [
1514 590 1712 607 .....
1759 540 2012 625 ruam}

651 648 796 714 VlL
848 648 1002 714 208.
1050 648 1420 728 ςρατόπεδον
1472 649 1497 733 [
1499 695 1702 713 .....
1752 647 2178 733 ςρκτόπεδον].

646 754 793 820 VII.
841 754 993 821 214.
1046 756 1324 834 ἀτραπὸν
1374 756 1424 839 [.
1462 804 1477 817 .
1508 803 1525 819 .
1554 802 1570 816 .
1599 801 1615 817 .
1663 753 2000 841 ἆτραετὸν].

640 860 786 927 VII.
837 860 994 927 218.
1042 861 1279 943 Φωκέες
1332 862 1357 946 [
1360 909 1568 926 .....
1617 858 1908 943 Φωκέες]

609 967 793 1034 VHI.
889 967 997 1033 22.
1047 968 1415 1049 γράμματα
1465 968 1490 1052 [
1492 1014 1695 1032 .....
1743 966 2165 1052 γράμματα].

613 1074 791 1139 VIII.
890 1072 997 1139 32.
1049 1079 1355 1151 παρνησοῦ
1408 1075 1433 1159 [
1436 1121 1636 1139 .....
1686 1074 2044 1159 ταρνησοῦ].

607 1180 790 1246 VIII.
884 1179 992 1245 63.
1042 1181 1473 1247 ἀνεδιδάσκετο
1527 1181 1552 1265 [
1554 1227 1762 1246 .....
1813 1178 2304 1265 ἆνεδιδάσκετο].

606 1286 792 1353 VIII.
843 1286 994 1353 111.
1043 1288 1431 1365 deuse-exstes
1482 1287 1507 1369 [
1514 1333 1719 1351 .....
1771 1285 2219 1373 θεμιςοκλέος].

608 1392 791 1458 VIII.
847 1391 998 1458 135.
1044 1392 1164 1472 ἱρὸν
1211 1396 1261 1476 [.
1289 1442 1305 1457 .
1334 1442 1351 1458 .
1379 1442 1394 1457 .
1429 1441 1445 1457 .
1494 1391 1658 1477 ἱρὸν].

608 1497 791 1564 Vnt.
848 1497 997 1565 139.
1047 1493 1111 1571 ἦν
1165 1500 1190 1584 [
1192 1546 1395 1564 .....
1447 1494 1563 1581 wa.

608 1605 811 1700 Vides
879 1606 994 1671 has
1052 1606 1310 1671 lacunas
1373 1626 1593 1670 omnes
1642 1605 1864 1671 eodem
1913 1605 2104 1672 modo
2150 1627 2287 1672 esse
2332 1618 2554 1672 natas:
2601 1605 2900 1673 vocabulo

520 1711 745 1777 eodem
813 1714 882 1777 in
953 1714 1189 1778 vicinia
1256 1714 1524 1798 repetito
1590 1713 1833 1778 scribae
1889 1711 2060 1778 oculi
2125 1720 2190 1778 et
2255 1733 2436 1778 mens
2490 1734 2527 1778 a
2577 1716 2782 1798 priore
2825 1712 2898 1777 ad

518 1820 833 1903 posterius
881 1818 1271 1885 aberrarunt.

605 2032 801 2099 Hisce
858 2036 1061 2121 igitur
1121 2032 1199 2097 de
1246 2035 1453 2098 causis
1500 2031 1881 2099 Vaticanum
1933 2031 2236 2098 Codicem
2288 2032 2682 2117 turpissimis
2726 2036 2899 2101 vitiis

515 2146 883 2223 coopertum
954 2146 1018 2204 et
1086 2146 1434 2205 scatentem
1505 2138 1752 2205 lacunis
1821 2142 2173 2224 pessimum
2245 2145 2479 2205 testem
2551 2141 2691 2205 dixi
2751 2161 2898 2206 esse.

514 2244 818 2330 Sequitur
863 2252 937 2311 ut
984 2245 1194 2311 dicam
1245 2267 1357 2310 cur
1403 2246 1676 2312 eundem
1720 2267 1923 2310 unum
1972 2248 2259 2311 omnium
2313 2251 2542 2310 testem
2585 2249 2894 2331 optimum

517 2372 653 2416 esse
714 2354 1101 2417 existimem.
1194 2351 1355 2418 Utar
1412 2355 1481 2416 in
1544 2373 1685 2417 eam
1749 2372 1882 2417 rem
1933 2354 2435 2437 comparatione:
2486 2352 2615 2418 duo
2661 2355 2900 2438 antiqui

513 2456 665 2522 libri
726 2466 873 2523 sunt
924 2457 1127 2523 veluti
1173 2459 1300 2524 duo
1346 2480 1561 2542 senes,
1610 2459 1903 2523 homines
1949 2458 2124 2546 frugi
2172 2466 2235 2524 et
2281 2480 2512 2547 graves
2559 2461 2670 2526 sed
2719 2463 2899 2525 rusti-

515 2566 655 2628 cani
719 2571 783 2629 et
838 2564 1081 2651 ingenii
1128 2566 1487 2631 obtusioris.
1582 2562 1818 2631 Contra
1864 2564 2194 2630 Romanus
2243 2564 2662 2632 adolescentis
2708 2569 2899 2633 instar

515 2677 646 2754 est,
694 2674 808 2756 qui
858 2671 1058 2738 nobili
1107 2671 1245 2737 loco
1290 2679 1479 2736 natus
1524 2678 1590 2737 et
1637 2670 1884 2736 divitiis
1931 2670 2193 2736 affluens
2240 2670 2505 2737 liberius
2548 2673 2719 2739 vivit
2755 2677 2898 2739 vino

513 2783 579 2842 et
647 2780 851 2843 amori
921 2778 1075 2843 dans
1140 2776 1407 2861 ludum,
1476 2777 1587 2842 sed
1648 2777 1820 2842 idem
1884 2776 2132 2861 lepidus
2159 2826 2173 2852 ,
2235 2776 2549 2856 urbanus,
2616 2779 2896 2867 elegans,

511 2890 819 2949 venustus
862 2884 1078 2949 bomo.
1171 2883 1233 2948 Is
1280 2884 1334 2948 si
1386 2883 1543 2949 forte
1592 2881 1985 2948 temulentus
2033 2891 2130 2949 est
2177 2882 2345 2949 οὐδὲν
2387 2884 2557 2961 ὑγιὲς
2597 2884 2896 2970 loquitur,

512 2990 621 3055 sed
682 2992 795 3056 ubi
858 3011 924 3055 se
987 2989 1248 3077 collegit
1294 2996 1358 3054 et
1404 2990 1483 3055 ad
1531 3011 1597 3055 se
1643 2976 1836 3054 rediit
1882 2990 2071 3055 faceti
2139 2993 2386 3077 ingenii
2431 3003 2527 3055 est
2571 2998 2636 3056 et
2683 2996 2894 3057 iucun-

510 3098 761 3162 dissimi
824 3099 1153 3163 sermonis.
1247 3097 1451 3172 Quem
1519 3096 1710 3163 modo
1765 3096 2132 3161 audivimus
2178 3117 2387 3162 meras
2436 3118 2642 3184 nugas
2691 3097 2890 3163 debla-

508 3210 822 3269 terantem
842 3254 858 3276 ‚
930 3203 1102 3269 idem
1172 3223 1595 3290 permagnum
1666 3222 2006 3267 numerum
2078 3204 2471 3287 optimarum
2549 3203 2890 3269 lectionum

510 3308 683 3375 solus
728 3316 974 3393 servat,
1024 3329 1184 3393 quae
1232 3316 1475 3375 tantam
1523 3308 1761 3374 habent
1800 3307 2157 3389 ἐνάργειαν,
2201 3314 2275 3373 ut
2314 3306 2497 3375 Stein
2535 3311 2672 3394 ipse
2708 3308 2890 3397 longe

510 3419 865 3481 maximam
915 3437 1131 3482 earum
1179 3422 1427 3502 partem
1473 3437 1551 3481 ex
1601 3415 1733 3482 solo
1780 3416 1839 3480 R
1887 3419 1953 3481 in
2001 3423 2251 3482 textum
2294 3420 2641 3503 receperit,
2679 3439 2892 3503 quam·

507 3544 699 3608 quam
765 3523 1106 3589 imbiberat
1166 3523 1392 3589 falsam
1442 3544 1512 3588 ae
1559 3543 1791 3589 vanam
1838 3525 2200 3608 opinionem
2248 3520 2641 3589 Graeculum
2689 3526 2890 3590 homi-

505 3651 656 3696 nem
704 3630 1043 3695 Eustathio
1088 3629 1307 3715 paullo
1354 3632 1778 3715 antiquiorem
1817 3630 1933 3694 has
1971 3650 2186 3695 omnes
2225 3636 2426 3696 certas
2466 3637 2532 3695 et
2572 3631 2894 3697 evidentes

507 3737 979 3804 emendationes
1065 3738 1503 3823 peringeniose
1572 3736 1982 3822 excogitasse.
2077 3735 2436 3801 Iucundum
2510 3746 2608 3801 est
2676 3737 2892 3802 audire

507 3844 726 3910 laudes
773 3845 1070 3921 eximias,
1127 3845 1360 3928 quibus
1407 3843 1569 3907 alter
1613 3841 1726 3907 ille
1774 3840 2102 3907 Bentleius
2148 3844 2215 3907 in
2264 3841 2532 3908 Graecia
2568 3842 2792 3909 effoeta
2829 3847 2893 3908 et

505 3951 822 4037 decrepita
869 3958 932 4016 et
979 3950 1287 4017 delirante
1333 3956 1519 4015 natus
1567 3971 1604 4014 a
1651 3946 1894 4014 Steinio
1943 3955 2200 4014 ornetur
2235 3970 2382 4037 pag.
2422 3949 2680 4015 XXIX.
2729 3974 2893 4028 „cum

506 4059 796 4123 orationis
845 4057 1215 4122 Herodoteae
1252 4056 1650 4139 proprietates
1695 4060 1760 4118 in
1797 4055 2010 4138 paucis
2054 4056 2299 4119 calleret
2345 4057 2646 4141 multaque
2690 4080 2763 4121 ex
2803 4058 2890 4120 ia-

503 4171 647 4230 tima
719 4165 846 4227 eius
908 4164 1110 4226 indole
1164 4168 1461 4228 subtiliter
1518 4163 1909 4244 observasset,
1970 4162 2212 4246 aerique
2275 4162 2499 4225 iudicio
2563 4168 2893 4248 acquireret

502 4271 651 4356 quid
705 4270 790 4332 ad
849 4268 1325 4352 aequabilitatem
1371 4269 1947 4352 convenientiamque
1989 4268 2272 4332 sermonis
2314 4269 2778 4347 desideraretur,
2825 4287 2893 4334 m

506 4394 663 4441 oum
734 4393 983 4441 amans
1052 4393 1524 4443 ausummoms
1592 4377 1786 4461 effecit
1849 4375 2016 4438 haud
2059 4380 2278 4457 exiqua
2328 4373 2632 4440 numero.”
2723 4374 2892 4451 Quid
