3192 5017
1337 317 1697 365 summm.
2584 298 2712 367 13¹7

324 490 544 559 Golon.
612 490 808 568 1440,
874 489 1100 556 Troad.
1167 488 1320 573 318,
1386 487 1568 553 alibi.
1631 486 1803 551 Hinc
1865 485 2201 572 displicent
2263 484 2457 554 Chori
2517 489 2712 554 verba

323 599 406 668 ad
462 598 762 665 Medeam
828 618 925 663 vs.
996 594 1123 660 997
1148 618 1163 660 z
1231 595 1660 672 μεταςένομαι
1729 593 1792 657 δὲ
1852 595 1955 658 σὸν
2020 592 2257 671 ἄλγος,
2307 590 2349 658 ὦ
2397 590 2715 678 τάλαινα,

327 704 438 770 sed
510 709 752 770 certam
815 700 1170 789 corrigendi
1260 703 1434 767 viam
1508 719 1633 765 non
1678 698 1906 778 ‚video
1924 719 1940 777 ς
2031 719 2153 765 non
2235 720 2464 785 sequar
2546 703 2717 766 certe

328 809 536 876 nescio
606 829 798 894 quem
869 806 1126 873 doctum
1193 808 1439 882 virum,
1515 825 1707 890 quem
1769 803 1946 883 μέγα
2008 803 2262 882 ςένομαι
2323 806 2713 892 rescripsisse

330 916 538 982 audio.
633 913 772 981 Iam
820 918 1115 999 apparet,
1163 912 1420 998 opinor,
1468 910 1622 996 quid
1670 913 1755 975 sit
1803 910 2208 988 μετακλοὶειν.
2302 910 2550 978 Helena
2597 935 2717 989 με·

331 1024 611 1105 ταςένει,
673 1025 1009 1107 postquam
1070 1016 1383 1105 intelligit
1445 1038 1511 1084 se
1581 1017 1853 1083 Veneris
1923 1017 2143 1084 fraude
2213 1020 2715 1086 circumventam

331 1129 560 1212 fuisse;
618 1125 881 1194 Graecis
940 1124 1210 1192 devictis
1267 1130 1331 1190 et
1394 1126 1620 1190 castris
1666 1126 1939 1190 incensis
1985 1124 2306 1191 Achillem
2352 1124 2716 1192 iracundiae

333 1233 685 1320 poenitebit
732 1238 794 1297 et
842 1232 1385 1308 μετακλαύσεται.
1483 1230 1723 1295 Verum
1768 1228 1864 1294 nil
1911 1231 2226 1297 eiusmodi
2273 1231 2442 1298 csdit
2488 1234 2556 1296 in
2595 1231 2719 1297 Po-

335 1341 632 1428 lyxenam
653 1388 670 1423 ,
735 1357 896 1424 quae
955 1337 1120 1402 nihil
1177 1339 1463 1422 peccavit
1524 1357 1639 1402 nec
1702 1338 1915 1421 potuit
1978 1337 2133 1402 adeo
2180 1337 2566 1405 exclamare:
2616 1336 2719 1402 τὸν

334 1448 480 1525 ἐμὸν
543 1445 609 1510 δὲ
666 1445 840 1524 βίον,
903 1443 1121 1522 λώβαν
1184 1443 1395 1521 λύμαν
1458 1444 1540 1518 τ’,
1593 1445 1657 1508 οὐ
1708 1442 2182 1521 μετακλαομαι.
2280 1442 2451 1519 Quid
2501 1449 2720 1510 autem

336 1554 501 1619 dixit
579 1570 882 1641 generosa
950 1547 1178 1638 virgo?
1261 1547 1631 1615 Nimirum:
1705 1551 1771 1614 οὐ
1843 1549 2473 1629 κατακλαομαι.
2570 1548 2722 1615 Noli

335 1662 557 1726 mirari
616 1657 898 1723 mediam
945 1657 1126 1721 verbi
1171 1656 1482 1741 formam3
1531 1658 1625 1721 sic
1672 1658 1843 1721 enim
1888 1656 2049 1721 solet
2094 1656 2433 1742 Euripides
2454 1704 2471 1734 ‚
2515 1655 2723 1723 veluti

334 1766 475 1853 Iph.
540 1763 729 1831 Taur.
802 1761 963 1827 149:
1030 1763 1332 1842 ξύγγονον
1396 1761 1559 1840 οὶμὸν
1618 1762 2112 1844 κατακλαιομένα
2159 1767 2223 1828 et
2268 1762 2504 1829 Electr.
2556 1760 2720 1826 165:

336 1870 411 1944 ὣς
461 1873 528 1937 σὲ
576 1874 679 1937 τὸν
720 1868 926 1935 ἄθλιον
978 1869 1196 1947 πατέρ’
1247 1867 1370 1946 ἐγὼ
1422 1867 1894 1945 κατακλάομαι.
1988 1867 2133 1934 Non
2180 1874 2275 1934 est
2323 1868 2501 1934 locus
2547 1887 2725 1953 prae-

337 1978 637 2065 positioni
682 1978 852 2054 μετά
875 2025 893 2054 ,
943 1994 1068 2040 non
1113 1974 1326 2062 magis
1374 1995 1569 2060 quam
1617 1978 1685 2039 in
1730 1974 2214 2054 καταδακρύειν,
2274 1971 2724 2055 κατοδύρεσθαι

339 2083 446 2152 vel
509 2080 1078 2161 κατολοφύρεσθαι.
1170 2080 1569 2167 Polyxenam
1634 2080 1798 2146 nihil
1857 2081 2174 2166 poenitet,
2241 2082 2352 2147 sed
2413 2080 2729 2169 gloriatur

340 2193 554 2277 potius
617 2188 785 2275 quod
835 2187 1122 2275 adigitur
1166 2186 1244 2252 ad
1291 2191 1599 2272 mortem,
1649 2208 1761 2253 nec
1808 2188 2022 2272 potuit
2067 2186 2322 2274 culpam
2373 2186 2691 2273 deprecari
2710 2234 2726 2263 ,

342 2317 506 2382 quae
552 2294 733 2363 nulla
777 2299 935 2360 erat.

434 2506 842 2592 Colloquium
891 2511 988 2572 est
1032 2503 1333 2571 Hecubae
1381 2526 1529 2571 cum
1577 2503 1815 2592 Ulysse
1834 2552 1849 2582 ,
1901 2509 1968 2570 in
2011 2525 2135 2590 quo
2175 2504 2589 2593 Troianorum
2637 2526 2728 2572 re·

341 2617 496 2701 gina
556 2614 704 2680 duci
763 2612 1148 2678 Graecorum
1203 2615 1272 2676 in
1333 2614 1715 2677 memoriam
1783 2618 2079 2690 revocat,
2134 2613 2339 2698 quod,
2388 2619 2724 2698 postquam

343 2720 595 2806 'I'rojam
641 2721 809 2785 clam
858 2719 1155 2784 omnibus
1193 2719 1493 2798 intravit,
1532 2737 1649 2782 sua
1686 2737 1873 2801 opera
1912 2722 1977 2783 et
2014 2737 2129 2783 suo
2172 2715 2471 2783 beneflcio
2511 2718 2728 2785 salvus

343 2828 493 2893 inde
541 2825 764 2892 evasit.
813 2824 1038 2891 Nonne
1083 2822 1386 2909 supplex,
1435 2824 1682 2908 inquit,
1730 2844 1941 2910 genna
1987 2844 2130 2890 mea
2176 2824 2732 2909 comprehendisti,

346 2933 482 3012 ἥψω
530 2933 595 2997 δὲ
642 2929 918 3010 γονάτων
958 2935 1075 2995 τῶν
1115 2931 1275 3004 ἐμῶν
1317 2930 1608 2999 ταπεινὸς
1651 2928 1756 3005 ὤν;
1802 2926 1926 2994 Oui
1965 2928 2263 3017 Ulysses,
2306 2951 2399 2995 vs.
2442 2936 2538 2995 est
2577 2928 2731 3007 246,

711 3034 817 3105 ὦς’
865 3033 1248 3101 ἐνθανεῖν
1294 3059 1371 3113 γε
1423 3042 1547 3106 σοῖς
1601 3036 1896 3100 πέπλοισι
1941 3038 2104 3117 χεῖρ’
2150 3037 2324 3112 ἐμήν.

348 3145 629 3211 Verbum
693 3141 972 3209 ἐνθανεῖν
1034 3141 1105 3206 id
1165 3140 1517 3228 significat,
1583 3142 1753 3225 quod
1816 3163 1894 3208 ex
1956 3145 2048 3208 rei
2106 3149 2334 3209 natura
2379 3142 2736 3231 significare

346 3251 567 3328 debet,
635 3248 839 3316 veluti
899 3251 966 3312 in
1028 3246 1283 3313 Her-acl.
1350 3245 1480 3311 560
1538 3245 1861 3313 Macar-ise
1909 3249 2102 3315 verba
2147 3255 2298 3314 sunt
2346 3259 2422 3332 σῇ
2472 3249 2600 3332 γὰρ
2647 3254 2736 3316 ἐν·

343 3356 558 3423 θανεῖν
604 3356 745 3439 χερὶ
795 3356 981 3431 θέλω,
1032 3353 1142 3419 sed
1180 3356 1434 3418 etiamsi
1474 3352 1670 3418 fuerit
1711 3358 1862 3418 tunc
1901 3353 2166 3441 Ulysses
2190 3358 2480 3430 τεθνηκὼς
2511 3356 2732 3441 δειλίᾳ,

345 3483 536 3550 quam
601 3461 892 3528 inaudita
953 3459 1346 3546 synecdoche
1406 3464 1538 3542 est,
1607 3460 1660 3523 si
1710 3480 1974 3525 manum
2023 3481 2204 3526 suam
2256 3463 2489 3529 timore
2534 3465 2734 3529 inter-

344 3576 660 3635 mortuam
728 3568 994 3651 dixerit,
1052 3587 1177 3632 non
1240 3586 1308 3631 se
1365 3567 1604 3650 ipsum.
1700 3564 1946 3632 Deinde
1992 3587 2102 3633 rex
2148 3568 2386 3634 fatetur
2434 3570 2693 3655 quidem
2714 3621 2731 3655 ,

343 3678 413 3740 in
460 3694 716 3740 summo
762 3694 828 3739 se
873 3679 1027 3738 tunc
1074 3673 1266 3737 fuisse
1313 3673 1485 3737 vitae
1523 3671 1920 3739 discrimine:
1963 3672 2327 3752 μεμνήμεθ’
2370 3677 2432 3747 ἐς
2475 3675 2738 3742 κίνδυνον

345 3780 618 3852 ἐλθόντες
687 3779 933 3864 μέγαν,
1006 3778 1115 3844 sed
1186 3798 1310 3843 non
1381 3779 1593 3863 magis
1655 3778 1928 3863 pavidus
1991 3779 2118 3845 fuit
2180 3801 2371 3866 quam
2434 3783 2502 3846 in
2550 3787 2729 3848 antro

344 3886 664 3974 Cyclopis.
759 3884 1048 3970 Simplex
1093 3883 1449 3950 remedium
1498 3887 1630 3948 est:
1681 3884 1884 3949 scribe
1932 3885 2388 3964 ἐμβαλεῖν,
2437 3887 2626 3953 sicuti
2667 3891 2735 3952 in

343 3992 487 4078 Iph‚
540 3991 698 4056 Aul.
752 3989 921 4056 ¹751:
2270 4065 2275 4070 Ο

711 4097 829 4176 οὐχ
877 4092 1120 4176 ἅψεται
1167 4103 1276 4169 σῆς
1325 4093 1642 4174 θυγατρὸς
1695 4094 2121 4174 Ἀγαμέμνων
2168 4096 2369 4182 ἄναξ,

712 4200 839 4266 οὐδ’
886 4202 971 4273 εἷς
1020 4198 1212 4279 ἄκραν
1258 4204 1440 4283 χεῖρ’,
1488 4200 1605 4269 ὅςε-
1652 4201 2032 4283 προσβαλεῖν
2075 4202 2364 4276 πέπλοις.

345 4312 593 4378 Notum
639 4314 734 4373 est
782 4307 1082 4373 confundi
1128 4307 1326 4373 solere
1372 4310 1640 4386 βαλεῖν,
1687 4308 1912 4386 λαβεῖν
1935 4358 1951 4384 ,
2003 4311 2250 4394 λαθεῖν,
2291 4309 2540 4393 θανεῖν,
2587 4317 2734 4381 sim.
