3192 5017
685 1114 1548 1205 OBSERVATIONES
1607 1114 2102 1205 CRITICAE

1345 1295 1414 1341 IN

958 1434 1646 1525 ARISTOPHAN
1651 1435 1831 1525 EM.

1277 1608 1490 1644 summu·

1117 1726 1181 1791 S.
1231 1726 1307 1790 A.
1364 1725 1423 1790 N
1429 1725 1679 1794 ABER.

1180 2020 1590 2070 W&-

282 2282 352 2349 In
422 2284 867 2369 Aristophanis
930 2283 1417 2349 Acharnenaibus
1469 2286 1690 2349 statim
1739 2285 2014 2352 offendor
2060 2289 2287 2372 primis
2333 2290 2579 2354 verbis:

552 2388 725 2454 Ὅσα
773 2390 842 2463 33,
894 2388 1202 2467 δέδηγμαι
1250 2390 1360 2460 τὴν
1410 2389 1682 2466 ἐμαυτοῦ
1730 2392 2015 2469 καρδίαν,

555 2494 734 2571 ἥσθην
782 2495 844 2560 δὲ
891 2495 1094 2573 βαιά,
1145 2493 1313 2558 πάνυ
1353 2518 1433 2571 γε
1480 2495 1675 2573 βαιοὶ,
1723 2496 2103 2578 τέτταρα.

190 2597 413 2666 Nescio
470 2601 788 2686 quomodo
823 2604 1198 2685 interpretes
1237 2599 1401 2665 illud
1439 2598 1714 2679 τέτταρα
1754 2602 2067 2686 explicare
2106 2604 2377 2683 soleant,
2421 2627 2570 2672 nam

191 2706 350 2788 quod
420 2707 733 2773 Albertus
801 2705 1120 2771 Mullerus
1191 2707 1438 2783 scribit,
1516 2705 1609 2770 nil
1674 2708 1795 2770 nisi
1857 2729 2193 2772 numerum
2260 2713 2570 2798 exiguum

191 2810 571 2897 significari,
614 2812 681 2877 id
728 2812 998 2876 minime
1046 2830 1340 2895 assequor
1385 2811 1553 2876 unde
1601 2811 1831 2877 habeat
1878 2820 1943 2877 et
1989 2821 2310 2897 praeterea
2357 2816 2568 2883 diver-

189 2934 324 2980 sum
391 2924 490 2984 est
553 2917 717 3002 quod
777 2915 1177 3002 Dicaeopolis
1224 2918 1470 2981 innuit:
1521 2917 1691 2980 Raro
1737 2918 1948 3001 volupe
1973 2919 2122 3003 fuit
2168 2920 2364 2984 animo
2413 2945 2572 2988 meo.-

190 3021 297 3086 imo
345 3026 655 3088 admodum
704 3044 842 3086 raro
890 3046 990 3099 ac,
1040 3023 1097 3085 si
1141 3044 1339 3085 verum
1380 3033 1624 3106 reputo,
1664 3045 1739 3086 ne
1776 3024 2087 3087 admodum
2127 3046 2268 3088 raro
2306 3026 2560 3111 quidem.

189 3123 401 3213 ltaque
462 3133 532 3194 in
590 3128 999 3213 sequentibus
1046 3127 1320 3192 affirmat
1365 3147 1432 3191 se
1478 3129 1566 3191 bis
1613 3118 1864 3193 tantum
1915 3132 2316 3215 meminisse,
2367 3152 2566 3217 quum

189 3232 303 3297 sibi
349 3256 570 3301 revera
616 3236 775 3300 bene
822 3234 1052 3309 fuerit,
1100 3235 1411 3297 nimirum
1459 3234 1877 3299 condemnato
1926 3232 2159 3300 Gleone
2198 3242 2262 3300 et
2299 3236 2566 3305 Moscho

190 3338 456 3424 exploso.
504 3339 706 3406 Miser
751 3339 943 3404 homo
991 3335 1137 3413 ἥσθη
1189 3358 1267 3403 ne
1312 3338 1474 3415 βαιοὶ
1517 3339 1813 3424 quidem:
1863 3340 1929 3404 id
1976 3341 2291 3431 quomodo
2327 3342 2570 3410 Graeco

188 3450 457 3511 sermoni
527 3453 590 3511 et
661 3447 903 3511 senario
977 3449 1182 3510 metro
1254 3447 1699 3511 convenienter
1773 3445 1900 3511 dici
1963 3449 2238 3531 poterit?
2309 3446 2570 3515 Contuli

190 3546 364 3616 Pluti
411 3553 605 3619 verba
652 3552 818 3636 apud
866 3550 1390 3635 Aristophanem:
1432 3547 1474 3614 ὦ
1515 3555 1656 3634 τᾶν,
1693 3551 2199 3631 ἀπαλλάχθητον
2237 3554 2356 3618 ἀπ’
2394 3556 2566 3641 ἐμοῦ,

190 3657 291 3719 eui
336 3655 724 3744 Chremylus
771 3655 1052 3733 πώμαλα
1100 3656 1450 3740 respondet.
1498 3655 1801 3722 Eiusdem
1852 3663 2074 3743 poetae
2112 3662 2208 3724 est
2245 3659 2566 3749 fragmen-

192 3762 326 3826 tum
379 3764 507 3828 126
556 3785 590 3829 e
638 3761 866 3829 Cocalo
913 3764 1225 3847 petitum:

634 3880 709 3934 A.
759 3868 1020 3948 λοιδορία
1068 3893 1160 3941 τις
1213 3866 1438 3945 ἐγένεθ’
1488 3868 1668 3946 buin
1717 3879 1784 3933 Β.
1833 3870 2151 3956 πώμαλα,

767 3974 888 4039 οὐδ’
938 3969 1104 4038 εἷπον
1151 3973 1338 4039 οὐδέν.

190 4070 413 4144 Scribit
472 4079 932 4146 Demosthenes
994 4080 1071 4144 de
1132 4079 1317 4145 Falsa
1365 4078 1711 4166 Legatione
1758 4082 1795 4164 ἓ
1844 4081 1963 4146 51:
2014 4081 2213 4148 καίτοι
2269 4084 2373 4149 καὶ
2425 4087 2561 4152 ἐπι-

193 4183 373 4255 ςολοὶς
422 4185 706 4266 ἔπεμψεν
754 4185 781 4248 ὃ
834 4187 1138 4254 Φίλιππος
1189 4185 1290 4250 δύο
1335 4187 1655 4256 καλούσας
1705 4186 1906 4263 ὑμᾶς,
1953 4190 2074 4270 οὐχ
2124 4186 2194 4253 ἵν’
2235 4188 2560 4280 ἑξέλθοιτε,

192 4284 500 4370 πώμαλα,
549 4292 676 4356 κτὲ.
769 4290 1128 4376 Itidemque
1175 4291 1685 4379 Achmensibus
1732 4293 2151 4359 reddiderim:

587 4398 767 4475 ἥσθην
816 4396 878 4461 δὲ
925 4397 1126 4473 βαιοὶ,
1178 4398 1341 4460 πάνυ
1389 4421 1466 4475 γε
1513 4397 1720 4476 βαιοὶ,
1771 4400 2150 4475 πώμαλα.
