3192 5017
1300 286 1621 336 nmmos.
2523 264 2653 330 425

268 476 336 533 et
378 466 713 540 vitiorum,
763 481 1034 546 quorum
1086 459 1382 545 pleraque
1431 465 1579 523 sunt
1628 458 1705 522 de
1751 456 2123 521 futilissimo
2171 475 2400 543 genere
2448 456 2657 520 ortho-

268 572 573 660 graphico
621 574 685 633 et
729 567 1073 633 lectoribus
1118 585 1415 630 nauseam
1469 586 1539 630 ac
1591 564 1874 629 taedium
1923 583 2139 647 parere
2185 567 2478 648 possunt,
2547 561 2656 627 sed

270 677 561 765 prodesse
620 696 744 740 non
808 678 1088 758 possunt.
1182 672 1337 737 Plus
1401 692 1594 756 quam
1651 672 1805 735 satis
1852 668 2221 734 huiusmodi
2268 671 2655 753 ineptiarum

271 782 681 869 suppeditant
754 780 906 845 libri
972 778 1285 856 meliores.
1382 775 1597 842 Scatet
1668 775 2029 861 quisquiliis
2101 774 2178 839 de
2246 795 2476 861 genere
2538 774 2659 838 hoc

274 893 472 956 etiam
538 910 702 953 unus
767 887 1057 951 omnium
1123 888 1405 969 optimus
1469 890 1533 949 et
1592 884 2045 971 integerrimus
2093 881 2496 964 VOSSIANUS,
2549 883 2658 965 qui

275 997 439 1062 mihi
508 996 661 1060 haec
733 994 1031 1058 scribenti
1100 992 1178 1057 ad
1236 1012 1503 1055 manum
1566 996 1694 1066 est,
1763 989 1869 1054 sed
1934 996 2070 1055 tam
2132 989 2318 1054 anxia
2383 1008 2532 1053 cura
2580 988 2658 1052 ab

274 1103 535 1168 Editore
584 1121 881 1166 excussus
929 1103 1023 1164 est
1071 1106 1136 1162 ut
1184 1098 1344 1161 nihil
1386 1102 1643 1181 ‚supercit
1689 1098 1996 1177 ayendum.

370 1209 654 1272 Abiectis
725 1208 931 1293 igitur
1002 1205 1298 1269 omnibus
1360 1203 1542 1268 libris
1604 1202 2092 1267 Monacensibus
2117 1250 2132 1280 ‚
2181 1203 2661 1278 Laurentianis‚

277 1315 649 1389 Marcianis,
698 1312 1005 1376 Parisinis
1054 1313 1242 1376 unius
1291 1309 1577 1375 Vossiani
1627 1308 1747 1374 fide
1797 1310 2096 1374 standum
2152 1316 2245 1374 est
2296 1330 2491 1394 eoque
2531 1308 2662 1374 solo

278 1420 462 1484 firmo
525 1439 595 1484 ac
659 1417 875 1482 stabili
936 1416 1349 1482 fundamento
1412 1422 1547 1481 tota
1610 1417 1795 1495 κρίσις
1844 1436 2107 1501 operum
2156 1415 2393 1480 Iuliani
2443 1437 2662 1500 super·

276 1524 595 1590 struenda.

371 1629 681 1717 Relegam
745 1651 911 1695 nunc
977 1629 1052 1694 de
1116 1649 1281 1695 novo
1329 1635 1565 1713 quanta
1614 1631 1898 1694 maxima
1942 1634 2160 1713 potero
2208 1649 2356 1693 cura
2405 1637 2468 1693 et
2519 1627 2669 1694 dili-

282 1739 504 1825 gentia
550 1735 787 1802 Iuliani
835 1737 1069 1821 scripta
1116 1741 1180 1800 et
1226 1737 1281 1799 si
1329 1734 1481 1820 quid
1529 1736 2071 1802 animadversione
2118 1736 2385 1823 dignum
2439 1736 2672 1801 incide·

282 1846 371 1908 rit
415 1845 634 1928 paucis
678 1842 932 1909 notabo.

377 2055 536 2142 Pag.
589 2057 647 2119 1.
698 2058 1028 2121 Ἰουλιανοῦ
1077 2054 1383 2132 Καίσαρος
1432 2054 1731 2132 ἐγκώμιον
1776 2056 1859 2125 εἷς
1905 2058 2006 2121 τὸν
2048 2055 2470 2136 αὐτοκράτορα
2512 2067 2674 2122 Κων·

287 2160 548 2229 ςοὶντιον.

379 2267 546 2333 Raro
609 2269 892 2332 saeviora
951 2274 1015 2331 et
1062 2268 1413 2331 virtutibus
1464 2267 1788 2333 infestiora
1841 2268 1887 2345 ¹)
1939 2276 2223 2355 tempora
2268 2271 2462 2336 fuisse
2511 2273 2674 2336 arbi-

289 2382 422 2440 tror
478 2395 669 2458 quam
733 2375 963 2458 quibus
1017 2371 1303 2437 Iulianus
1351 2375 1535 2438 vixit.
1632 2374 1704 2437 In
1752 2375 1934 2441 aulae
1983 2380 2496 2462 corruptissimae
2544 2379 2675 2443 foe-

278 2488 427 2547 ·tore
496 2501 696 2563 neque
759 2479 1041 2543 libertati
1104 2478 1276 2543 ullus
1338 2485 1471 2543 erat
1533 2479 1709 2545 locus
1769 2503 1970 2566 neque
2017 2484 2346 2567 παρρησίᾳ.
2445 2484 2679 2547 Omnia

287 2589 472 2658 foeda
519 2593 582 2651 et
628 2586 947 2673 flagitiosa
995 2585 1276 2650 adulatio
1324 2586 1667 2650 obtinebat.
1728 2586 2019 2652 Iulianus
2064 2592 2232 2672 ipse,
2282 2593 2391 2674 qui
2436 2590 2679 2654 duriter

290 2696 573 2778 increpat
634 2713 779 2779 pag.
835 2696 895 2755 2.
949 2693 1021 2758 b:
1082 2702 1149 2754 τὸ
1198 2692 1432 2765 ψευδῶς
1481 2693 1750 2755 ἐπαινεῖν
1802 2695 1940 2764 τοὺς
1988 2697 2094 2758 οὐκ
2141 2694 2347 2770 ἀξίους
2398 2697 2676 2771 ἐπαίνου,

294 2801 659 2864 immodicis
722 2798 1018 2863 laudibus
1082 2798 1332 2863 extollit
1382 2800 1447 2861 in
1496 2797 1743 2862 coelum
1794 2797 2239 2865 Constantium
2291 2805 2677 2886 principem,

296 2909 554 2971 minimi
623 2909 810 2989 pretii
884 2906 1247 2981 hominem,
1322 2910 1384 2968 et
1448 2918 1986 2989 purpuratorum,
2052 2928 2206 2991 quos
2255 2908 2529 2974 habebat
2576 2929 2681 2972 ne-

298 3015 673 3098 quissimos,
736 3012 1129 3094 mancipium
1180 3008 1261 3090 ²),
1329 3031 1516 3095 quem
1565 3013 1841 3095 pessime
1889 3012 2102 3077 oderat
2149 3035 2385 3076 suorum
2433 3019 2685 3077 omnium

297 3122 646 3202 carnzficem.
748 3116 922 3182 Audi
995 3138 1194 3181 unum
1264 3114 1476 3181 locum
1552 3138 1694 3204 pag.
1783 3118 1925 3185 109.
1998 3142 2070 3182 a:
2141 3124 2397 3197 γαμετὴ
2467 3120 2517 3183 δ’
2591 3120 2682 3187 ἐςὶ

301 3226 605 3309 (Eusebia
653 3223 1007 3289 Constantii
1053 3225 1241 3307 uxor)
1276 3223 1589 3299 βασιλέως
1638 3223 1902 3301 ἀνδρείου
1952 3230 2248 3305 σώφρονος
2299 3233 2545 3291 συνετοῦ
2599 3226 2687 3292 δι-

304 3332 478 3395 κοιίου
527 3335 757 3410 xptos-05
809 3330 912 3393 xx)
964 3330 1159 3412 πρᾴου
1208 3331 1310 3393 καὶ
1363 3330 1853 3410 μεγαλοψύχου.
1903 3339 1967 3397 et
2016 3333 2092 3397 ad
2133 3331 2340 3416 ipsum
2385 3330 2687 3398 Constan-

301 3440 469 3503 tium
522 3456 667 3523 pag.
720 3436 820 3500 51.
874 3457 944 3498 a:
996 3437 1102 3498 οὐκ
1149 3435 1487 3515 ἀποχρήσει
1538 3436 1628 3499 σοὶ
1671 3439 1829 3517 μόνῳ
1872 3442 1957 3502 τὰ
1995 3439 2336 3516 ξύμπαντα
2365 3441 2685 3514 ποιηθέντα

303 3553 428 3613 τοῖς
483 3543 740 3618 ἡμιθέοις
790 3544 1092 3619 ἐγκώμια.

397 3647 578 3714 Nihil
643 3670 776 3713 esse
842 3651 903 3712 in
971 3648 1071 3712 his
1134 3651 1267 3712 veri
1332 3648 1435 3715 vel
1499 3670 1575 3713 ex
1627 3650 1862 3716 Iuliani
1909 3654 2159 3737 scriptis
2206 3654 2393 3719 facile
2439 3655 2692 3739 probari

378 3885 431 3947 1)
470 3885 541 3933 Cf.
582 3884 758 3932 Iulian.
797 3900 842 3947 p.
879 3886 959 3932 43.
997 3887 1054 3933 d:
1097 3883 1271 3946 ψυχῆς
1310 3882 1484 3948 ἀρετὴν
1520 3882 1567 3934 ’ἐν
1599 3904 1693 3934 τινι
1726 3891 1822 3936 τῶν
1852 3892 2064 3936 πολιτῶν
2093 3886 2349 3949 γενομένην
2385 3886 2491 3937 οὐδὲ
2511 3886 2697 3939 ἀκούειν

308 3971 568 4034 ὑπέμενον,
620 3966 738 4020 ἀλλ’
794 3968 846 4027 ἦν
898 3970 1111 4033 ἀδίκημα
1163 3971 1314 4023 τοῦτο
1364 3974 1573 4039 καθάπερ
1616 3975 1893 4040 ἀνδροφονίαι
1932 3977 2014 4026 καὶ
2049 3981 2208 4037 κλοπὴ
2247 3978 2329 4027 καὶ
2367 3977 2597 4043 προδοσία
2637 3982 2698 4029 τὸ

308 4061 460 4114 δοκεῖν
498 4062 675 4125 ἀρετῆς
713 4063 1105 4123 μεταποιηθῆνοιι.

379 4155 435 4217 2)
472 4155 583 4215 Pag.
623 4154 734 4202 232.
773 4155 830 4201 el:
869 4159 953 4200 τὸν
992 4157 1276 4215 κληρονόμον
1313 4158 1696 4221 (Constantium)
1734 4159 1782 4205 οἶ
1811 4159 2013 4213 κόλακες
2054 4156 2136 4205 καὶ
2174 4161 2221 4207 οἵ
2252 4160 2486 4223 μοχθηροὶ
2533 4157 2699 4211 δοῦλον

312 4244 395 4291 καὶ
448 4240 721 4305 ὑποχείριον
771 4243 1075 4300 πεποίηνται.
1124 4245 1349 4295 Libanins
1396 4248 1527 4297 Tom.
1580 4249 1679 4295 ΠΙ.
1716 4264 1820 4310 pag.
1857 4248 1980 4298 437:
2023 4250 2371 4305 (Constantius)
2407 4250 2516 4313 orep?
2551 4251 2703 4302 αὑτὸν

314 4332 423 4396 εἶχε
482 4362 501 4363 ἡ
524 4360 536 4364 -
580 4333 846 4395 βαρβάρους
904 4333 1167 4396 ἀνθρώπους
1227 4335 1440 4399 ὀλέθρους
1496 4339 1632 4389 τινὰς
1691 4336 1976 4400 εὐνούχους,
2037 4336 2101 4394 οἷς
2159 4340 2412 4402 ἅψεις-ἥκει
2464 4348 2557 4391 τῶν
2611 4350 2703 4403 τῆς

314 4426 571 4488 βασιλείας
611 4421 779 4487 Ἰργων.
