3192 5017
460 295 544 364 98
1466 295 1862 364 issemus,

464 487 717 556 dicendi
739 490 1068 556 evanescet
1088 487 1153 552 in
1179 506 1382 565 auras,
1400 487 1457 551 si
1479 506 1735 553 mecum
1759 486 1962 577 leges:
1987 511 2129 568 κομ
2143 488 2297 555 mio
2311 511 2387 554 αι
2410 488 2599 570 γέρας
2632 488 2857 556 καλόν.

549 685 641 768 'Ut
687 698 1011 767 ostendam
1058 696 1213 784 quid
1254 698 1571 783 requiram
1609 697 1800 764 Eum.
1848 696 1980 764 413
2019 698 2211 785 paulo
2232 698 2418 786 plura
2440 697 2866 767 describenda

467 812 672 875 erunt.
768 804 1136 892 Conspectis
1181 803 1391 869 Furiis
1438 802 1735 872 Minerva
1779 806 1874 871 ita
1920 804 2113 871 dicit:

911 912 1070 982 τίνες
1122 912 1261 975 ποτ’
1307 909 1443 988 ἑςέῐ
1495 914 1655 976 πᾶσι
1705 909 1760 975 δ’
1807 911 1870 985 ές
1918 913 2104 978 κοινὸν
2147 911 2318 992 λέγω
2341 935 2355 953 ·

906 1017 1140 1098 βρέτας
1188 1040 1261 1082 τε
1306 1016 1531 1095 τούμὸν
1579 1015 1725 1100 τῷδ’
1776 1017 2065 1101 ἐφημένῳ
2111 1017 2286 1101 ξένῳ,

908 1125 1073 1201 ὑμᾶς
1122 1121 1177 1188 δ’
1229 1123 1443 1201 ὁμοίας
1489 1123 1678 1189 οὐδενὶ
1725 1131 2013 1206 σπαρτῶν
2069 1125 2234 1205 γένει
2253 1174 2272 1205 ,

905 1228 1037 1297 οὔτ’
1091 1231 1151 1295 ἐν
1202 1227 1416 1296 θεαῖσι
1464 1229 1611 1312 πρὸς
1658 1227 1816 1296 θεῶν
1863 1231 2165 1313 δρωμένας
2187 1280 2205 1312 ,

908 1334 1040 1403 οὔτ’
1088 1334 1185 1404 οὖν
1230 1335 1527 1418 βροτείοις
1575 1338 1866 1420 ἐμφερεῖς
1914 1340 2347 1421 μορφώμασιν.

453 1445 672 1533 Atque
732 1444 888 1511 haec
941 1443 1202 1530 quidem
1266 1445 1422 1510 satis
1487 1448 1701 1529 aperta
1762 1450 1911 1511 sunt
1928 1493 1945 1525 ,
2010 1445 2297 1514 difficilia
2359 1452 2575 1514 autem
2647 1448 2856 1514 verba

456 1557 639 1632 sunt,
683 1551 916 1638 quibus
964 1549 1081 1618 dea
1126 1555 1414 1637 perorat:

817 1656 1027 1737 λέγειν
1075 1658 1129 1723 δ’
1178 1654 1554 1738 ἄμορφον
1593 1656 1786 1723 ὄντα
1833 1657 1973 1730 τοὺς
2023 1657 2226 1733 πέλας
2274 1665 2475 1734 κακῶς

819 1763 1017 1845 πρόσω
1065 1762 1309 1829 δικαίων
1357 1765 1447 1839 ἠδ’
1493 1764 1815 1831 darocam-e?
1854 1763 2059 1843 θέμις.

454 1874 583 1941 Hic
626 1875 912 1960 primum
961 1870 1406 1937 Hermannum
1461 1871 1819 1938 audiamus.
1892 1871 2241 1958 Postquam
2298 1873 2465 1939 dixit
2510 1873 2854 1940 Robortel-

452 1981 593 2047 lum
663 1981 987 2065 scripsisse
1054 1974 1355 2058 ἄμομφον
1419 1979 1514 2043 ita
1572 1981 1823 2066 pergit:
1890 1978 2203 2057 „Heathii
2249 1979 2650 2066 aliorumque
2695 1986 2852 2047 ante

455 2107 605 2154 eum
653 2088 1079 2172 conjecturam
1127 2084 1231 2149 τὸν
1279 2082 1483 2156 πέλας
1527 2082 1684 2150 olim
1732 2104 2090 2171 receperam
2110 2134 2129 2170 ,
2178 2106 2251 2153 ac
2298 2088 2647 2153 necessario
2683 2087 2852 2152 reci-

454 2214 603 2281 pere
672 2191 857 2259 debet
878 2240 894 2268 ,
969 2189 1080 2276 qui
1147 2189 1426 2271 ἄμορφον
1492 2190 1743 2256 retinet.
1837 2189 1961 2257 Sed
2020 2197 2192 2258 recte
2249 2191 2401 2259 libri
2446 2192 2588 2264 τοὺς
2635 2190 2848 2266 πέλας

455 2299 722 2377 habent,
772 2294 1209 2383 recipiendum
1258 2299 1352 2362 est
1399 2300 1618 2361 autem
1665 2295 2021 2363 Robortelli
2066 2294 2387 2381 ἄμομφον.
2483 2298 2610 2381 Qui
2653 2298 2847 2385 nihil,

453 2406 702 2491 inquit,
764 2403 959 2469 habet
1004 2404 1081 2468 de
1127 2421 1252 2487 quo
1304 2404 1607 2487 queratur
1623 2449 1641 2478 ,
1691 2403 1751 2468 ei
1792 2421 1919 2469 non
1962 2402 2115 2470 licet
2159 2405 2613 2492 reprehendere
2658 2406 2846 2474 alios.

452 2509 783 2578 Intellexit
842 2509 961 2575 hoc
1023 2506 1371 2573 Elmsleius
1432 2505 1511 2573 ad
1574 2505 1752 2574 Med.
1813 2529 1878 2594 p.
1943 2507 2029 2575 93
2048 2558 2066 2595 ,
2129 2510 2365 2578 addens
2408 2513 2572 2579 hanc
2616 2532 2846 2580 vocem

450 2619 754 2697 ἄμομφος
816 2620 916 2681 ter
970 2615 1038 2679 in
1095 2613 1212 2679 bac
1258 2612 1475 2679 fabula
1523 2613 1602 2680 ab
1649 2612 1968 2702 Aeschylo
2015 2623 2422 2703 usurpatam,
2472 2623 2651 2686 extra
2695 2639 2846 2685 eam

451 2722 621 2811 apud
669 2723 915 2788 Atticos
960 2739 1085 2786 non
1132 2718 1435 2786 exstare.''
1482 2718 1809 2786 Ultimum
1856 2721 1977 2787 hoc
2023 2720 2175 2789 licet
2221 2724 2300 2790 ab
2346 2723 2652 2792 Elmsleio
2692 2746 2848 2793 vere

451 2832 861 2898 observatum
906 2829 1017 2901 sit,
1072 2825 1237 2891 nihil
1283 2830 1499 2892 tamen
1547 2824 1847 2892 conducit
1892 2825 1971 2893 ad
2017 2827 2376 2896 Robortelli
2411 2831 2845 2917 conjecturam

449 2932 1041 3004 commendandam.
1136 2930 1451 3018 Equidem
1500 2937 1718 2999 autem
1765 2952 2022 3018 prorsus
2069 2954 2195 3001 non
2235 2934 2421 3003 video
2440 2984 2458 3016 ,
2494 2957 2619 3023 quo
2652 2957 2849 3005 sensu

448 3044 697 3131 sapiens
744 3039 862 3107 dea
906 3039 1136 3107 addere
1180 3037 1297 3105 illa
1343 3041 1653 3124 potuerit:
1704 3037 1830 3120 Qui
1875 3039 2043 3106 nihil
2088 3040 2281 3108 habet
2326 3041 2405 3109 de
2450 3064 2574 3129 quo
2622 3065 2850 3130 quera·

450 3156 592 3228 tur,
656 3150 717 3216 ei
761 3167 887 3214 non
933 3144 1089 3213 licet
1134 3143 1587 3231 reprehendere
1636 3143 1814 3212 alios.
1910 3144 2102 3213 Venit
2146 3146 2447 3216 Minerva
2491 3151 2570 3217 ab
2618 3148 2850 3219 Oreste

450 3259 746 3324 invocata
762 3274 780 3332 ;
834 3254 1146 3339 conspicit
1190 3254 1261 3317 in
1310 3251 1551 3338 templo
1597 3271 1714 3318 suo
1759 3251 1989 3319 Furias
2035 3274 2184 3320 cum
2226 3254 2568 3324 matricida
2578 3275 2596 3334 ς
2658 3263 2853 3346 rog-at

454 3365 598 3451 quis
641 3357 910 3447 supplex
958 3358 1037 3425 ad
1084 3378 1269 3425 suam
1318 3378 1492 3424 aram
1546 3357 1861 3436 adsideat,
1914 3380 2076 3446 quae
2124 3363 2333 3428 invisa
2373 3369 2654 3431 monstra
2691 3384 2851 3431 eum

455 3472 783 3537 territent:
843 3464 1070 3533 deinde
1133 3467 1422 3551 potuitne
1469 3463 1699 3531 addere
1720 3513 1738 3542 ,
1787 3486 1854 3534 se
1901 3466 2068 3533 nihil
2114 3467 2346 3535 habere
2395 3468 2474 3535 de
2520 3488 2654 3556 quo,
2691 3492 2852 3557 que-

454 3583 633 3643 ratur
699 3593 905 3659 neque
970 3578 1302 3659 propterea
1379 3573 1882 3657 inexspectatam
1961 3574 2353 3642 advenarum
2422 3579 2852 3667 praesentiam

454 3675 949 3769 reprehendere?
997 3677 1297 3763 Desipere
1346 3677 1511 3742 mihi
1559 3677 1815 3745 videtur
1861 3681 2209 3766 sapientiae
2255 3682 2392 3748 dea.
2487 3682 2578 3750 Ut
2624 3703 2852 3751 veram

455 3788 797 3856 lectionem
858 3786 1316 3871 investigarem
1337 3832 1356 3867 ,
1420 3783 1542 3849 feci
1591 3783 1760 3869 quod
1807 3792 2112 3873 perpetuo
2159 3787 2362 3855 facere
2407 3787 2608 3857 soleo:
2655 3810 2854 3875 quae-

455 3898 582 3963 sivi
638 3891 794 3980 quid
854 3891 1147 3958 Minerva
1204 3892 1359 3957 satis
1415 3891 1826 3976 probabiliter
1869 3893 2100 3961 addere
2145 3899 2461 3981 potuerit,
2509 3902 2854 3983 postquam

456 4022 691 4069 nomen
737 3999 991 4087 rogavit
1037 3997 1343 4084 supplicis
1392 4002 1457 4064 et
1494 3997 1791 4064 horrendi
1831 4002 2193 4067 comitatus.
2288 4001 2641 4089 Postquam
2679 4003 2856 4072 dixit

458 4110 695 4177 formas
751 4124 886 4172 esse
931 4123 1136 4192 neque
1183 4103 1447 4171 dearum
1495 4104 1740 4171 similes
1785 4126 1987 4192 neque
2034 4106 2409 4174 mortalium
2458 4108 2807 4176 mulierum
2831 4160 2853 4192 ‚

456 4215 745 4283 aversata
801 4215 1056 4295 turpem
1121 4209 1349 4276 faciem
1414 4216 1480 4277 et
1527 4214 1637 4278 vix
1687 4215 2014 4279 continens
2060 4214 2278 4281 odium
2299 4264 2318 4300 ,
2368 4216 2732 4303 interpellat
2776 4239 2855 4287 se

455 4324 664 4408 ipsam
712 4321 811 4401 et,
859 4336 937 4383 ne
982 4316 1138 4403 quid
1183 4323 1507 4402 praeterea
1552 4317 1968 4386 inclementer
2013 4319 2236 4400 addat,
2287 4342 2545 4402 verum,
2594 4325 2811 4410 inquit
2830 4373 2851 4404 ,

454 4426 658 4495 nolim
728 4423 1077 4511 quidquam
1149 4423 1356 4491 dicere
1416 4427 1481 4490 in
1542 4445 1683 4503 eos,
1746 4427 1859 4510 qui
1916 4447 2126 4496 meam
2187 4427 2454 4498 domum
2511 4434 2852 4516 intrarint,
