3192 5017
574 281 753 363 ,242
1584 343 1595 355 .
1655 302 2044 354 sornocm.

709 474 810 539 Fr.
878 471 1045 539 202:
1107 473 1328 552 ἀρετῆς
1389 472 1659 551 βέβαιαι
1722 476 1776 540 δ’
1824 476 1974 539 εἰσὶν
2019 475 2086 538 αἱ
2135 477 2383 551 κτήσεις
2429 476 2689 555 μόναι.
2787 476 2982 565 Lege:

621 581 891 658 advna

708 792 964 858 Dixisse
1012 792 1292 858 creditur
1337 790 1680 878 Sophocles
1723 793 1803 857 fr.
1851 792 2023 860 203:

977 898 1202 978 ἀνδρῶν
1249 898 1375 978 γὰρ
1420 895 1661 965 ἐσθλῶν
1706 899 1906 977 τέμνον
1951 902 2018 966 οὔ
2064 903 2624 978 μαλάσσεται.

612 1006 675 1072 Ν
677 1026 758 1072 on
802 1008 1100 1072 convenit
1142 1010 1364 1091 poetae
1411 1026 1557 1071 cum
1606 1025 1679 1072 eo
1727 1007 1985 1072 bomine
2031 1010 2137 1072 cui
2181 1007 2619 1075 Monostichos
2656 1010 2954 1077 debemus
2968 1058 2986 1092 ‚

613 1114 724 1198 qui
770 1113 888 1177 sub
932 1111 1271 1177 Menandri
1312 1114 1571 1178 nomine
1619 1112 2151 1179 circumferuntur
2164 1134 2182 1193 3
2230 1117 2290 1179 is
2333 1115 2543 1180 enim:

1067 1217 1275 1297 άνδρὸς
1324 1223 1572 1297 πονηροῦ
1621 1219 1999 1300 σπλάγχνον
2047 1221 2114 1284 οὐ
2161 1219 2593 1298 μαλάσσεται.

613 1322 841 1389 Utram
911 1326 1295 1390 sententiam
1364 1326 1680 1390 veriorem
1751 1346 1886 1390 esse
1947 1324 2273 1392 dicemus?
2343 1328 2663 1412 Equidem
2727 1328 2984 1393 dixerim

612 1429 921 1495 malitiosi
989 1432 1116 1495 viri
1185 1430 1533 1512 σπλάγχον
1600 1434 1666 1496 οὐ
1732 1429 2214 1509 μαλάσσεσθαι.
2307 1432 2501 1499 Vides
2563 1434 2720 1500 huic
2778 1440 2985 1520 poetae

613 1542 761 1601 ante
825 1534 1040 1601 oculos
1101 1535 1293 1602 fuisse
1354 1534 1682 1622 Sophoclis
1730 1540 2047 1603 senarium
2069 1585 2086 1616 ‚
2135 1559 2327 1623 quem
2374 1558 2525 1606 cum
2571 1540 2981 1625 improbaret,

614 1643 810 1708 vertit
852 1644 922 1706 in
967 1645 1376 1708 contrarium.
1470 1642 1698 1727 Itaque
1742 1644 1810 1707 in
1856 1664 1972 1710 suo
2019 1642 2250 1711 Codice
2293 1648 2542 1711 invenit
2578 1649 2715 1732 ipse
2751 1666 2984 1731 quoque

611 1749 678 1812 οὐ
739 1747 1173 1826 μαλάσσεται.
1270 1746 1438 1827 Quid
1492 1755 1713 1815 autem
1771 1747 2113 1835 Sophocles
2158 1751 2430 1816 scribere
2474 1754 2689 1837 potuit
2733 1755 2804 1817 in
2853 1753 2984 1817 boni

611 1858 741 1923 viri
784 1851 1083 1921 laudem?
1131 1853 1403 1938 Opiuor:
1452 1854 1675 1933 ἀνδρῶν
1721 1855 1848 1935 γάρ
1896 1852 2138 1920 ἐσθλῶν
2182 1855 2382 1936 ςέρνον
2427 1858 2535 1922 οὐκ
2589 1857 2982 1922 άλλάσσε·

606 1987 736 2028 ται.
786 1961 927 2028 Hoc
972 1980 1199 2027 verum
1246 1980 1382 2026 esse
1426 1980 1553 2026 non
1600 1961 2003 2048 negabimus.

697 2175 806 2241 Fr.
879 2170 1047 2239 331:
1114 2171 1221 2237 καὶ
1272 2172 1342 2246 δὴ
1392 2169 1583 2253 Φάρει
1631 2172 1799 2253 τῷδ’
1847 2175 1941 2242 ὡς
1990 2174 2149 2254 ἐμῷ
2197 2175 2627 2251 καλύπτομαι.
2677 2174 2980 2260 Equidem

610 2280 973 2367 scripserim
1035 2278 1223 2359 φάρει
1288 2279 1370 2359 τῷ
1436 2278 1485 2354 β
1506 2301 1541 2342 υ
1559 2277 1694 2342 σσί
1711 2302 1795 2357 νῳ
1844 2302 1902 2342 κ.
1949 2280 2146 2344 sicuti
2192 2284 2363 2345 recte
2409 2279 2655 2367 legit-ur
2699 2281 2773 2346 fr.
2825 2280 2980 2346 342:

613 2391 795 2455 νώτου
841 2382 1288 2463 καταςάζοντα
1332 2383 1621 2461 βύσσινον
1665 2382 1883 2465 Φάρος.

1053 2702 1252 2784 Ἔρως
1299 2703 1424 2780 γὰρ
1472 2700 1696 2779 ἄνδρας
1745 2704 1810 2767 οὐ
1858 2700 2073 2779 μόνους
2121 2702 2494 2784 ἐπέρχεται,

1061 2809 1183 2874 οὐδ’
1230 2805 1311 2875 αὖ
1359 2816 1700 2886 γυναῖκας,
1749 2807 1929 2873 άλλα
1977 2807 2084 2873 καὶ
2132 2805 2292 2873 θεῶν
2337 2807 2462 2875 ἄνω

1063 2916 1286 2996 ψυχάς
1335 2915 1754 2996 χαράσσει
1802 2916 1966 2980 κάπὶ
2012 2915 2228 2980 πόντον
2274 2913 2552 2996 ἔρχεται.

606 3023 746 3090 Hos
828 3021 1173 3089 versiculos
1251 3019 1550 3106 Sophocli
1621 3020 1852 3085 tribuit
1917 3019 2226 3087 Stobaeus
2246 3070 2263 3099 ,
2334 3022 2630 3108 Euripidi
2700 3024 2981 3091 Clemens

606 3129 1103 3211 Alexandrinus,
1170 3147 1361 3212 quem
1431 3125 1610 3211 sequi
1680 3126 1850 3192 malo
1912 3129 2104 3193 sicuti
2163 3127 2226 3192 Ν
2227 3129 2497 3194 auckius
2557 3150 2810 3216 quoque
2853 3130 2979 3197 Cle-

606 3240 886 3302 mentem
936 3238 1191 3299 secutus
1236 3237 1361 3308 est,
1414 3231 1583 3317 apud
1629 3252 1822 3316 quem
1861 3231 2189 3318 Euripidis
2224 3234 2664 3321 fragmentum
2704 3242 2803 3302 est
2843 3235 2976 3302 434.

608 3340 844 3407 Itidem
906 3338 1117 3424 placet
1175 3338 1342 3421 quod
1410 3335 1707 3403 Clemens
1753 3338 1946 3404 habet
1990 3338 2310 3418 ταράσσ
2331 3362 2432 3417 ει,
2481 3360 2608 3406 non
2658 3343 2976 3422 χαράσσει.

609 3449 828 3515 Unum
876 3452 941 3513 et
985 3445 1256 3510 alterum
1304 3442 1631 3528 Euripidis
1676 3441 1892 3509 locum
1937 3444 2291 3510 adscribam
2313 3494 2332 3529 ,
2380 3450 2457 3511 ut
2501 3446 2581 3513 de
2627 3447 2979 3515 discrimine

607 3557 838 3621 horum
883 3551 1226 3620 verborum
1272 3548 1471 3633 possit
1517 3553 1823 3614 constare.
1872 3548 2021 3614 Eur.
2073 3550 2149 3615 ir.
2202 3548 2375 3616 600:

1060 3655 1276 3737 τρόπος
1324 3654 1387 3719 δὲ
1435 3655 1704 3735 χρηστὸς
1750 3654 2181 3736 άσφαλέςερος
2229 3657 2444 3734 νόμον·

1060 3762 1165 3826 τὸν
1211 3761 1325 3839 μὲν
1369 3761 1497 3838 γὰρ
1543 3760 1733 3833 οὐδεὶς
1785 3760 1861 3826 ἂν
1906 3760 2237 3842 διαςρέψαι
2285 3763 2433 3827 ποτὲ

1059 3865 1246 3944 λόγος
1294 3865 1578 3943 δύναιτο,
1625 3867 1728 3930 τὸν
1776 3866 1828 3931 δ’
1876 3864 1999 3932 ἄνω
2047 3892 2118 3933 τε
2163 3868 2268 3932 καὶ
2319 3866 2487 3934 κάτω

1058 3974 1247 4055 ῥήτωρ
1294 3973 1721 4050 ταράσσων
1767 3972 2072 4044 πολλάκις
2121 3967 2515 4051 λυμαίνεται.

605 4086 710 4151 Sic
769 4083 849 4148 fr.
900 4078 1076 4145 1064
1123 4083 1527 4164 opponuntur
1571 4077 1904 4158 ταράσσειν
1946 4087 2011 4144 et
2055 4076 2409 4158 γαληνίζειν
2458 4079 2656 4161 Φρένα
2705 4088 2771 4149 et
2815 4082 2976 4149 vides

602 4190 771 4257 unde
829 4175 1204 4271 metaphora
1264 4185 1456 4250 ducta
1519 4186 1639 4261 sit,
1705 4190 1934 4249 ventus
1995 4187 2165 4250 enim
2228 4207 2405 4252 mare
2451 4188 2792 4266 ταράσσει,
2840 4206 2971 4254 cum

592 4294 885 4385 „agricola
931 4313 1160 4381 agrum
1210 4298 1417 4356 aratro
1462 4289 1795 4370 χαράσσει.
1844 4289 2041 4357 Recte
2087 4312 2335 4378 quoque
2381 4292 2576 4361 Rhes.
2629 4293 2750 4361 ¹73:

1055 4405 1235 4464 νῶτον
1281 4397 1654 4479 χαραχθεὶς
1702 4397 2024 4475 κλίμακας
2072 4397 2222 4482 ῥάνῃ
2266 4398 2458 4481 φόνῳ.
