3192 5017
1498 917 2030 1003 AEIQKAN

1710 1173 1750 1207 8.
1786 1172 1837 1207 1).

1390 1378 2159 1464 G.G.OOBEm

1691 1542 1739 1578 V.
1774 1541 1851 1578 011.

1569 1805 1982 1855 ‘ww

672 2068 811 2134 Iam
884 2068 1160 2154 amplius
1223 2067 1530 2133 XXXIII
1600 2074 1748 2133 sunt
1810 2073 1989 2146 anni,
2051 2091 2128 2135 ex
2190 2089 2315 2154 quo
2333 2117 2351 2146 ,
2415 2070 2518 2133 vir
2577 2066 2941 2148 clarissime,

579 2174 852 2241 Zwollae
913 2175 1025 2239 abs
1094 2181 1158 2239 te
1173 2221 1191 2250 ,
1250 2176 1362 2258 qui
1409 2173 1623 2257 paullo
1670 2182 1814 2240 ante
1860 2178 1928 2240 in
1973 2175 2326 2241 Academia
2371 2172 2943 2260 Lugduno-Batava

578 2282 887 2368 professor
932 2286 1180 2346 creatus
1233 2301 1369 2345 eras
1386 2329 1404 2357 ,
1453 2300 1928 2368 progressuum,
1971 2302 2127 2366 quos
2165 2302 2285 2369 ego
2321 2283 2390 2345 in
2426 2280 2661 2345 litteris
2698 2277 2940 2346 Graecis

580 2388 871 2453 fecissem
889 2435 907 2464 ,
959 2407 1226 2452 examen
1270 2388 1644 2452 institutum
1692 2394 1808 2452 est.

667 2491 742 2557 In
811 2497 1104 2578 carpento
1122 2543 1140 2576 ,
1211 2494 1316 2557 cui
1376 2492 1769 2579 Diligentiae
1829 2514 2062 2558 nomen
2123 2496 2325 2559 omini
2388 2514 2536 2559 sane
2598 2514 2722 2558 non
2782 2499 2936 2576 erat,

576 2620 810 2686 paucos
853 2599 1000 2664 illos
1046 2620 1124 2664 ex
1169 2597 1350 2663 Iliad.
1406 2598 1451 2663 l.
1501 2597 1587 2664 VI
1628 2620 1882 2678 versus,
1917 2601 2147 2684 quibus
2179 2606 2364 2685 poeta
2388 2604 2453 2665 et
2475 2598 2937 2665 Andromachen

578 2713 642 2772 et
688 2708 994 2772 maritum
1013 2756 1032 2790 ,
1080 2709 1191 2791 qui
1236 2726 1404 2770 unus
1448 2705 1675 2770 multis
1722 2704 2013 2771 Troianis
2059 2705 2374 2792 praesidio
2419 2710 2555 2770 erat
2603 2711 2670 2770 et
2714 2726 2779 2770 se
2820 2709 2941 2791 ipse

580 2812 750 2878 caelo
797 2814 1015 2878 beavit
1033 2860 1048 2887 ‚
1099 2811 1504 2878 edidiceram.

667 2918 1042 2984 Manaverat
1110 2921 1281 2983 enim
1354 2915 1791 3004 Groningam,
1853 2922 1921 2983 in
1975 2922 2251 3003 patriam
2296 2939 2506 2983 meam
2527 2965 2543 2996 ‚
2594 2937 2839 2993 rumor,
2884 2924 2940 2980 te

577 3028 868 3092 omnium
932 3045 1203 3109 quorum
1266 3026 1334 3087 in
1396 3026 1639 3089 trutina
1696 3045 2075 3111 poneremur
2130 3017 2317 3090 facile
2366 3024 2804 3090 doctissimum
2819 3072 2837 3101 ,
2880 3022 2938 3087 id

577 3154 614 3198 a
670 3134 922 3196 miseris
980 3129 1472 3196 adulescentulis
1532 3131 1789 3218 exigere
1813 3180 1828 3208 ‚
1889 3139 1963 3197 ut
2009 3152 2087 3196 ex
2130 3130 2263 3195 illis
2309 3132 2697 3196 carminibus
2742 3129 2905 3195 colon
2921 3176 2935 3203 ‚

579 3237 1213 3323 quantulumcunque
1259 3243 1430 3312 erat,
1480 3240 1851 3303 memoriter
1895 3240 2254 3303 recitarent.
2300 3237 2411 3302 Me
2432 3285 2449 3313 ‚
2495 3257 2762 3322 puerum
2796 3257 2936 3302 non-

578 3345 736 3408 dum
783 3344 1056 3408 sedecim
1107 3362 1301 3407 annos
1347 3347 1573 3407 natum
1597 3392 1613 3418 ‚
1669 3341 1917 3408 Odeum
1967 3342 2363 3408 Zwollanum
2411 3345 2766 3430 ingressum
2811 3349 2933 3408 tuo·

578 3472 723 3515 rum
786 3448 1115 3514 oculorum
1177 3450 1380 3513 aciem
1428 3450 1539 3512 vix
1585 3449 1747 3514 ferre
1793 3451 2074 3535 potuisse
2118 3449 2325 3514 libens
2368 3449 2583 3514 fateor.
2680 3452 2766 3516 At
2805 3469 2928 3515 cum

580 3557 743 3623 mihi
790 3556 1069 3621 assidens
1116 3554 1193 3619 de
1245 3553 1471 3641 lingua
1524 3551 1767 3620 Graeca
1814 3556 2208 3640 quaestiones
2243 3557 2577 3621 instituere
2616 3557 2927 3642 coepisses,

578 3661 916 3751 paullatim
990 3662 1187 3725 animi
1259 3680 1525 3748 angores
1605 3662 2014 3728 levabantur:
2089 3660 2408 3727 videbaris
2493 3664 2663 3727 enim
2747 3663 2928 3750 magis

578 3791 831 3837 mecum
895 3765 1289 3832 confabulari
1345 3787 1539 3851 quam
1589 3788 1883 3833 severum
1932 3768 2214 3833 iudicem
2260 3788 2466 3855 agere.
2560 3768 2651 3832 Ut
2696 3768 2926 3834 domum

465 3911 469 3916 ’
578 3878 772 3960 redii,
840 3872 1236 3939 examinibus
1283 3873 1550 3958 aliisque
1597 3875 2025 3939 studiosorum
2074 3881 2209 3939 tam
2256 3873 2531 3961 negotiis
2578 3894 2763 3959 quam
2804 3875 2924 3941 otiis

575 3983 907 4050 districtus
966 3985 1155 4063 atque
1209 3978 1574 4045 litterarum
1624 3978 2005 4046 Graecarum
2051 4001 2278 4065 parum
2325 4001 2564 4068 gnarus
2580 4028 2598 4058 ,
2649 3981 2793 4065 quid
2833 3987 2922 4045 tua

574 4110 762 4177 opera
822 4087 1020 4152 bonae
1089 4084 1343 4151 litterae
1403 4084 1776 4172 proficerent
1820 4108 1946 4153 non
1992 4089 2171 4172 prius
2217 4090 2385 4152 sensi
2434 4108 2628 4172 quam
2673 4105 2920 4153 summos

574 4202 641 4263 in
686 4195 921 4260 litteris
966 4192 1232 4258 honores
1278 4195 1784 4289 capessiveram3
1853 4192 2023 4258 Tum
2071 4193 2332 4260 demum
2382 4192 2705 4276 intellexi,
2752 4214 2917 4279 quan-

573 4315 714 4368 tum
776 4301 1080 4365 distarent
1126 4306 1273 4364 tuae
1318 4297 1621 4365 lectiones
1641 4347 1657 4376 ,
1709 4320 1853 4364 cum
1902 4301 2116 4365 variae
2161 4305 2305 4365 tum
2358 4320 2557 4366 novae
2577 4347 2593 4376 ,
2642 4320 2681 4364 a
2724 4296 2915 4366 scholis

572 4409 743 4496 apud
789 4427 902 4473 nos
948 4406 1206 4471 habitis.
