3192 5017
560 285 689 356 30ss
1575 303 1924 356 censemus

560 482 725 567 quod
766 502 982 547 omnes
1021 479 1273 544 dicunt:
1314 482 1495 545 domo
1533 481 1787 544 navibus
1814 495 2201 566 promemus,
2238 484 2313 543 ut
2349 483 2489 563 post
2528 476 2900 564 panca11.4:

562 613 700 653 cum
747 601 917 654 vento
964 588 1143 653 borea
1188 589 1370 651 domo
1391 587 1731 680 profectus
1777 609 1842 651 eo
1882 588 2286 673 pervenisset,
2337 591 2401 650 et
2447 587 2559 649 ubi
2606 583 2767 650 non?

655 798 931 864 Miltiad.
981 796 1093 863 III.
1144 796 1222 862 5:
1290 797 1613 863 Histiaeus
1662 796 1942 861 Milesius
1986 817 2059 860 ne
2106 819 2202 860 res
2247 798 2641 884 conficeretur
2687 799 2919 862 obstitit.

657 906 825 973 Leve
888 911 983 970 est
1044 905 1208 989 quod
1258 904 1503 986 dicam,
1553 903 1662 967 sed
1707 901 1781 966 u't
1825 906 1892 967 in
1943 900 2110 967 bello
2156 905 2245 967 sic
2291 905 2357 966 in
2404 924 2473 968 re
2516 906 2733 969 critica
2775 902 2923 967 nihil

563 1015 881 1079 contemni
945 1015 1208 1096 oportet.
1305 1010 1381 1074 In
1442 1009 1625 1075 libris
1691 1008 2063 1075 melioribus
2118 1027 2243 1074 non
2289 1012 2587 1074 mstiaeus
2634 1012 2918 1095 scriptum

563 1125 659 1184 est
704 1119 812 1184 sed
859 1120 1206 1199 Hestiaeus,
1257 1116 1422 1200 qnod
1470 1136 1693 1180 verum
1743 1123 1841 1178 est
1886 1121 1947 1178 et
1995 1114 2445 1198 reponendum.
2542 1116 2755 1180 Ionica
2791 1122 2924 1181 sunt

564 1225 685 1298 ἱςιή
757 1231 821 1290 et
890 1226 1164 1298 Ἱςικῑος,
1233 1224 1434 1286 Attici
1493 1243 1643 1286 cum
1715 1220 1979 1305 reliquis
2035 1220 2333 1284 omnibus
2390 1241 2641 1306 semper
2693 1222 2828 1289 ἑςΙοο
2868 1227 2925 1286 et

563 1312 837 1403 Ἐςιοοῖος
885 1331 1196 1394 dicebant.
1249 1327 1505 1393 Ser-ibae
1549 1330 1757 1414 igitur
1799 1325 2110 1392 Herodoti
2156 1347 2508 1403 memores,
2561 1328 2670 1412 qui
2708 1329 2924 1412 ubique

561 1441 809 1507 Ἰς-ιοιῖος
872 1436 1128 1518 scribit,
1191 1433 1480 1498 Atticam
1541 1434 1816 1498 formam
1864 1431 2283 1498 obliterarunt
2300 1414 2325 1507 ‚⁸
2371 1452 2562 1517 quam
2609 1455 2646 1499 a
2691 1432 2919 1499 Codici-

565 1543 685 1608 bus
732 1540 1007 1607 oblatam
1062 1560 1350 1625 spernere
1398 1559 1524 1604 non
1572 1538 1897 1603 debemus.

653 1646 728 1713 In
799 1645 1054 1713 Scholio
1117 1645 1463 1711 Harleiano
1527 1644 1605 1709 ad
1669 1644 1897 1732 Odyss.
1962 1642 2038 1707 P.
2101 1641 2250 1708 156.
2315 1643 2589 1732 legitur:
2641 1643 2788 1731 ἔςιν]
2833 1669 2921 1726 γρ.

562 1754 703 1822 ἔςιν.
758 1752 1017 1839 Optime
1063 1751 1413 1829 Porsonus,
1466 1756 1540 1815 ut
1584 1749 1779 1833 solet,
1829 1749 2145 1815 restituit:
2196 1751 2343 1817 ἑςιἩ
2393 1773 2490 1831 γρ.
2544 1752 2735 1819 ἸςΙΗ.

650 1963 927 2029 Miltiad.
990 1961 1107 2026 IV.
1160 1959 1238 2026 3:
1306 1961 1702 2048 Phidippum
1749 1983 2059 2025 cursorem
2103 1963 2230 2024 eius
2270 1963 2509 2046 qeneris
2529 2009 2546 2044 ‚
2594 1966 2704 2048 qui
2745 1963 2927 2028 heme—

563 2074 884 2136 rodromoe
931 2081 1255 2145 vocantur,
1305 2067 1821 2131 Lacedaemonem
1867 2068 2186 2131 miserunt.

653 2176 950 2242 Primum
998 2171 1237 2239 Graece
1285 2173 1723 2238 scribendum:
1774 2174 1884 2258 qui
1929 2172 2313 2248 ἧμεροδρόμοι
2356 2189 2682 2240 vocantur:
2726 2175 2929 2241 luben-

562 2290 658 2349 ter
709 2284 880 2346 enim
928 2280 1139 2365 Nepos
1186 2276 1430 2344 Graeca
1480 2277 1787 2343 vocabula
1833 2279 2125 2361 apponit,
2176 2280 2288 2343 ubi
2336 2299 2459 2344 non
2508 2289 2604 2346 est
2657 2281 2926 2346 eiusdem

557 2390 889 2474 potestatis
952 2383 1334 2450 vocabulum
1400 2384 1727 2448 Latinum.
1823 2382 2068 2447 Deinde
2121 2404 2345 2449 verum
2397 2390 2670 2452 cursoris
2717 2408 2929 2453 nomen

557 2492 1024 2560 restituendum
1083 2490 1532 2578 Phidippidem
1592 2511 1670 2554 ex
1729 2489 2053 2557 Herodoto
2116 2491 2232 2557 VI.
2288 2491 2449 2559 105:
2503 2493 2927 2570 ἀποπέμπουσι

557 2603 615 2673 ἐς
678 2599 972 2678 Σπάρτην
1034 2597 1431 2669 Φειδιππίδην
1485 2594 1804 2668 Ἀθηναῖον
1852 2599 1966 2676 μὲν
2013 2597 2205 2675 ἄνδρα
2252 2598 2461 2669 ἄλλως
2515 2600 2578 2664 δὲ
2628 2599 2929 2680 ἧμεροδρό·

556 2732 677 2786 μην
739 2730 809 2770 τε
873 2705 978 2769 καὶ
1049 2709 1224 2767 τοῦτο
1290 2709 1696 2779 μελετῶντα,
1762 2704 1874 2769 ubi
1937 2725 2048 2789 pro
2114 2704 2551 2786 ἡμεροδρόμην,
2612 2727 2777 2792 quae
2821 2726 2929 2771 non

559 2820 654 2878 est
702 2809 944 2878 Graeca
988 2808 1226 2884 forma,
1277 2807 1674 2886 ἧμεροδρόμον
1722 2811 2205 2875 restituendum.

650 3023 927 3089 Miltiad.
993 3017 1172 3084 VIII.
1230 3019 1297 3082 1:
1360 3017 1757 3084 Athenienses
1808 3033 2077 3108 propter
2136 3021 2469 3085 Pisistrati
2516 3025 2933 3108 tyrannidem,

557 3153 713 3220 quae
764 3124 981 3218 paucis
1023 3130 1203 3192 annis
1249 3138 1389 3191 ante
1424 3126 1649 3211 fuerat
1672 3173 1687 3202 ‚
1736 3142 1990 3190 omnum
2034 3129 2255 3191 civium
2304 3150 2558 3192 suorum
2598 3131 2934 3215 potentiam

556 3235 1032 3302 extimescebam.

648 3341 817 3407 Fieri
876 3359 1000 3405 non
1061 3343 1270 3424 potest
1331 3343 1406 3402 ut
1467 3341 1743 3403 omnium
1791 3340 1877 3403 sit
1923 3359 2167 3404 sanum.
2268 3338 2566 3404 Potentia
2611 3361 2815 3425 quum
2860 3342 2937 3406 sit

558 3466 815 3530 eorum,
887 3443 994 3529 qui
1067 3444 1352 3509 multum
1422 3449 1535 3510 aut
1604 3444 1960 3529 plurimum
2017 3447 2085 3509 in
2147 3447 2411 3512 civitate
2470 3453 2772 3532 possunt,
2834 3449 2938 3533 qui

557 3554 766 3639 gratia
827 3550 995 3635 apud
1057 3571 1202 3615 suos
1261 3548 1520 3634 florent,
1586 3553 1698 3635 qui
1760 3551 2137 3617 auctoritate
2201 3551 2486 3617 multum
2535 3552 2786 3638 valent,
2834 3556 2937 3639 qui

556 3658 783 3745 opibus
851 3654 1127 3742 pollent,
1199 3658 1547 3721 necessario
1617 3659 1987 3742 paucissimi
2065 3665 2214 3722 sunt
2292 3679 2442 3744 prae
2523 3658 2937 3737 multitudine

556 3784 811 3841 eorum,
858 3783 1127 3848 quorum
1176 3765 1340 3828 ratio
1388 3767 1500 3827 aut
1545 3761 1727 3827 nulla
1774 3769 1884 3827 aut
1931 3765 2280 3850 perexigua
2326 3763 2654 3831 habeatur.
2748 3766 2934 3832 Prae-

553 3883 725 3937 terea
786 3889 860 3934 ea
919 3870 1205 3953 potentia
1266 3870 1528 3953 optimis
1589 3869 1835 3933 artibus
1887 3875 2065 3954 parta
2113 3872 2170 3934 si
2213 3892 2335 3935 non
2381 3873 2607 3936 excedit
2654 3877 2932 3946 modum,

553 3979 805 4043 civitati
865 3994 991 4041 non
1055 3978 1268 4041 timor}
1336 3976 1435 4039 est
1475 3974 1584 4039 sed
1633 3976 1946 4059 praesidio
1992 3982 2058 4041 et
2102 3983 2492 4042 ornamento.
2587 3976 2808 4064 Itaque
2849 3980 2934 4044 sic

552 4086 876 4168 scripsisse
936 4081 1252 4166 Nepotem
1318 4083 1648 4146 existimo:
1716 4079 2112 4147 Athenienses
2156 4100 2392 4147 omnim
2437 4100 2676 4150 mansu
2720 4089 2934 4151 civium

549 4212 804 4254 suorum
880 4191 1225 4277 potentiam
1295 4189 1778 4253 extimescebam.
1876 4189 2096 4274 Itaque
2165 4189 2528 4269 Miltiades,
2602 4194 2711 4277 qni
2775 4214 2931 4267 „non

550 4295 871 4360 videbatur
901 4318 1084 4383 posse
1120 4316 1243 4360 esse
1273 4293 1611 4382 privatus”
1650 4294 1946 4360 innoxius
1990 4297 2067 4381 (si
2108 4295 2265 4380 quid
2312 4295 2546 4382 Nepoti
2594 4297 2931 4378 credimus)

549 4401 889 4467 damnatus
937 4406 1051 4466 est.
3020 4386 3033 4398 ⁰
