3192 5017
1394 309 1631 361 oomm.
2610 293 2697 363 85

688 481 811 548 Καὶ
856 483 979 559 μὴν
1023 481 1234 566 ψόφου
1284 485 1364 559 νὴ
1412 484 1546 548 τὸν
1595 483 1710 548 Δί’
1756 481 2127 562 αἰσθάνομαι
2177 480 2361 556 τινός.

413 694 572 760 Ran.
626 695 750 761 361

461 801 495 874 ἢ
545 810 655 876 τῆς
707 799 939 873 πόλεως
988 801 1451 882 χειμαζομένης
1499 800 1711 882 ἄρχων
1756 803 2594 884 καταδωροδοκεῖται.

323 906 618 973 Florente
680 908 905 995 lingua
951 907 1396 987 δωροδοκεῖσθαι
1446 906 1765 976 Graecum
1813 930 1940 975 non
1987 931 2120 975 esee
2166 931 2282 995 pro
2329 909 2697 990 δωροδοκεῖν,

323 1016 369 1078 i.
430 1035 483 1079 e.
532 1015 688 1093 δῶρα
753 1014 1083 1100 δέχεσθαι,
1143 1017 1299 1080 satis
1358 1021 1605 1081 constat
1649 1018 1866 1100 itaque
1911 1016 2083 1082 haud
2131 1016 2326 1082 dubia
2373 1023 2469 1082 est
2513 1017 2706 1082 huius

324 1140 546 1186 versus
593 1121 974 1205 corruptela.
1029 1118 1317 1186 Conieei:

418 1227 652 1308 ἣ<εἰ>
677 1235 787 1300 τῆς
815 1225 1050 1299 πόλεως
1075 1225 1534 1307 χειμαζομένης
1559 1224 1769 1306 ἄρχων
1807 1250 1905 1291 κα
1924 1250 2023 1291 τα
2043 1227 2227 1307 δωρο
2246 1228 2279 1292 δ
2299 1235 2475 1292 οκεῖ
2506 1252 2654 1301 τις.

326 1332 428 1396 Ad
473 1332 636 1397 hane
686 1335 998 1418 synizeein
1048 1333 1127 1397 ef.
1177 1332 1404 1397 Alexis
1450 1353 1549 1416 ap.
1602 1332 2003 1397 Meinekium
2052 1334 2125 1399 F.
2176 1333 2249 1399 O.
2299 1332 2392 1397 III
2437 1355 2498 1419 p.
2550 1332 2698 1418 4¹26,

262 1455 266 1460 ·
327 1439 406 1504 fr.
455 1437 505 1523 Ι,
554 1438 617 1502 2.
666 1436 926 1503 Similes
971 1440 1242 1522 reperies
1290 1437 1459 1522 apud
1503 1443 1795 1503 nostrum
1843 1437 2100 1503 Theem.
2153 1436 2303 1511 536.
2344 1437 2504 1503 Ran.
2550 1438 2704 1516 169,

328 1544 487 1610 th.
555 1543 707 1623 612,
772 1544 853 1610 al.
916 1544 1103 1629 Apud
1168 1546 1445 1630 tragicos
1505 1563 1691 1627 saepe
1751 1543 1993 1630 legitur
2043 1546 2131 1621 μὴ
2182 1542 2401 1609 εἰδέναι
2449 1551 2515 1608 et
2559 1546 2705 1609 eim.

328 1650 430 1715 Ad
474 1671 813 1735 pronomen
864 1650 944 1715 ef.
993 1648 1249 1714 Thesm.
1295 1647 1447 1713 342.

421 1865 581 1932 Ren.
632 1864 761 1934 427

655 1973 949 2051 Σεβῖνον,
997 1968 1123 2044 ὅτις
1171 1969 1477 2055 (Hamak.
1530 1972 1753 2057 οὐκέτ’)
1808 1973 1930 2041 ἕςὶν
1980 1973 2396 2056 ἁναφλύςιος.

330 2077 740 2144 Demotioum
804 2082 1015 2144 neseio
1077 2100 1158 2144 an
1218 2084 1403 2163 poeta
1450 2078 1595 2157 πρὸς
1646 2081 1716 2144 τὸ
1763 2079 2179 2159 κακέμφατον
2229 2080 2567 2167 paululum
2614 2083 2711 2148 in·

330 2183 578 2251 flexerit
637 2185 966 2250 scribendo
1027 2184 1118 2249 οὶν
1137 2189 1251 2265 αφ
1270 2199 1309 2249 λ
1328 2182 1556 2255 detor
1578 2233 1597 2269 ,
1646 2191 1721 2249 ut
1765 2205 1916 2250 mox
1963 2183 2238 2253 Calliam
2285 2209 2412 2254 non
2457 2193 2714 2257 vocavit

331 2291 435 2355 τὸν
483 2291 864 2375 Ἰππονίκου,
912 2290 1022 2356 sed
1068 2291 1170 2355 τὸν
1216 2290 1592 2368 Ἱπποβίνου.

425 2500 587 2567 Ran.
653 2501 784 2566 504
854 2502 1022 2573 τοὺς
1084 2503 1372 2582 χορούς
1436 2504 1576 2576 τοὺς
1640 2504 1971 2582 προσθίους.
2065 2505 2386 2571 Kookium
2448 2506 2710 2572 latuisse

332 2608 590 2675 videtur
655 2630 761 2673 me
831 2610 982 2673 iam.
1044 2628 1103 2672 a.
1172 2607 1342 2672 1868
1402 2613 1540 2672 τοῦ
1602 2614 1842 2690 χοροῦ
1907 2613 2247 2676 correxisse
2291 2614 2356 2675 in
2405 2613 2715 2677 Analectie

341 2714 618 2798 Oricia-ia,
668 2734 811 2800 pag.
867 2712 973 2778 53.

423 2921 581 2989 Rau.
652 2920 783 2986 809
848 2920 1250 3001 παραξόανα
1309 2942 1421 3006 pro
1485 2920 1861 3002 παραξόνια
1921 2923 2266 3009 legendum
2314 2944 2448 2988 esee
2496 2944 2713 3009 prope·

333 3028 504 3095 diem
551 3029 880 3094 ostendam
927 3029 996 3092 in
1042 3027 1305 3095 Hermo.

425 3237 588 3307 Rau.
634 3236 770 3306 824

1670 3346 2067 3427 βρυχώμενος
2118 3347 2247 3425 ἥσει

744 3454 1000 3534 ῥήματα
1047 3457 1490 3534 γομφοπαγῆ,
1545 3451 1876 3527 πινακηδὸν
1922 3455 2309 3519 ἀποσπῶν

745 3568 1009 3640 γηγενεῖ
1048 3562 1403 3643 φυσήματι.

337 3663 484 3730 Dici
555 3663 715 3730 solet
784 3666 1004 3744 λόγους
1080 3668 1496 3743 οὶνασπᾶν,
1570 3671 1646 3729 ut
1708 3666 1872 3730 infra
1933 3672 2028 3731 est
2089 3688 2184 3733 vs.
2244 3666 2377 3733 903
2425 3675 2488 3735 et
2533 3670 2716 3738 Aiac-

337 3772 533 3857 Soph.
599 3770 728 3836 302
800 3781 863 3838 et
934 3773 1229 3838 Menand.
1303 3771 1522 3859 (Mein.
1596 3772 1666 3836 F.
1733 3772 1805 3836 O.
1869 3771 1978 3857 IV,
2046 3772 2226 3859 420).
2296 3776 2399 3839 An
2468 3783 2721 3861 propter

337 3877 662 3953 πινακηδόν
711 3885 895 3963 poeta
940 3878 1227 3945 consulto
1274 3880 1553 3944 mutavit
1599 3876 2171 3963 praepositionem?

441 4092 500 4158 V
493 4116 759 4177 ceparum
807 4114 898 4159 ve.
949 4091 1037 4159 68

751 4197 875 4268 ἔςιν
918 4200 1041 4278 γὰρ
1091 4201 1236 4276 ἡμῖν
1287 4198 1585 4273 δεσπότης
1636 4198 1880 4264 ἐκεινοσὶ

705 4302 868 4368 ·ἅνω
917 4304 1253 4381 καθεύδων,
1305 4307 1330 4368 ὁ
1379 4307 1692 4384 μέγας,
1744 4306 1881 4370 οὑπὶ
1932 4310 2037 4369 τοῦ
2092 4305 2334 4383 τέγους.

341 4412 412 4477 In
465 4414 681 4477 erebra
727 4415 1056 4496 utriusque
1107 4415 1279 4476 vocis
1329 4413 1692 4478 confusione
1740 4415 1950 4478 nescio
2000 4433 2077 4478 an
2127 4413 2517 4497 probabilius
2564 4418 2647 4481 sit
2697 4417 2722 4483 ὂ
